{"id": "basket_sum_000000", "topic": "basket_sum", "subtopic": "decimal_prices", "prompt": "You’re buying 3 items: $2.59, $5.26, $12.35. About how much will you pay (before tax)?", "split": "train", "exact_value": 20.2}
{"id": "basket_sum_000001", "topic": "basket_sum", "subtopic": "decimal_prices", "prompt": "You’re buying 4 items: $14.54, $14.26, $8.84, $9.41. About how much will you pay (before tax)?", "split": "train", "exact_value": 47.05}
{"id": "basket_sum_000002", "topic": "basket_sum", "subtopic": "decimal_prices", "prompt": "You’re buying 5 items: $16.33, $0.91, $16.26, $14.19, $7.32. About how much will you pay (before tax)?", "split": "train", "exact_value": 55.01}
{"id": "basket_sum_000003", "topic": "basket_sum", "subtopic": "decimal_prices", "prompt": "You’re buying 4 items: $4.92, $15.45, $2.75, $8.08. About how much will you pay (before tax)?", "split": "train", "exact_value": 31.2}
{"id": "basket_sum_000004", "topic": "basket_sum", "subtopic": "decimal_prices", "prompt": "You’re buying 5 items: $17.06, $12.38, $16.29, $14.80, $11.09. About how much will you pay (before tax)?", "split": "train", "exact_value": 71.62}
{"id": "basket_sum_000005", "topic": "basket_sum", "subtopic": "decimal_prices", "prompt": "You’re buying 6 items: $2.30, $6.42, $12.86, $17.79, $7.73, $4.48. About how much will you pay (before tax)?", "split": "train", "exact_value": 51.58}
{"id": "basket_sum_000006", "topic": "basket_sum", "subtopic": "decimal_prices", "prompt": "You’re buying 3 items: $1.67, $5.17, $6.35. About how much will you pay (before tax)?", "split": "train", "exact_value": 13.19}
{"id": "basket_sum_000007", "topic": "basket_sum", "subtopic": "decimal_prices", "prompt": "You’re buying 3 items: $17.21, $17.43, $8.09. About how much will you pay (before tax)?", "split": "train", "exact_value": 42.73}
{"id": "basket_sum_000008", "topic": "basket_sum", "subtopic": "decimal_prices", "prompt": "You’re buying 6 items: $13.00, $7.79, $7.90, $4.81, $5.92, $18.77. About how much will you pay (before tax)?", "split": "train", "exact_value": 58.19}
{"id": "basket_sum_000009", "topic": "basket_sum", "subtopic": "decimal_prices", "prompt": "You’re buying 3 items: $12.49, $4.08, $14.79. About how much will you pay (before tax)?", "split": "train", "exact_value": 31.36}
{"id": "basket_sum_000010", "topic": "basket_sum", "subtopic": "decimal_prices", "prompt": "You’re buying 4 items: $9.67, $5.97, $18.56, $14.00. About how much will you pay (before tax)?", "split": "train", "exact_value": 48.2}
{"id": "basket_sum_000011", "topic": "basket_sum", "subtopic": "decimal_prices", "prompt": "You’re buying 4 items: $13.93, $16.97, $15.69, $5.19. About how much will you pay (before tax)?", "split": "train", "exact_value": 51.78}
{"id": "basket_sum_000012", "topic": "basket_sum", "subtopic": "decimal_prices", "prompt": "You’re buying 3 items: $16.25, $8.49, $2.06. About how much will you pay (before tax)?", "split": "train", "exact_value": 26.8}
{"id": "basket_sum_000013", "topic": "basket_sum", "subtopic": "decimal_prices", "prompt": "You’re buying 5 items: $4.87, $10.38, $17.78, $13.13, $3.53. About how much will you pay (before tax)?", "split": "train", "exact_value": 49.69}
{"id": "basket_sum_000014", "topic": "basket_sum", "subtopic": "decimal_prices", "prompt": "You’re buying 4 items: $5.53, $11.57, $5.83, $12.01. About how much will you pay (before tax)?", "split": "train", "exact_value": 34.94}
{"id": "basket_sum_000015", "topic": "basket_sum", "subtopic": "decimal_prices", "prompt": "You’re buying 6 items: $7.74, $19.94, $3.45, $10.27, $15.30, $17.32. About how much will you pay (before tax)?", "split": "train", "exact_value": 74.02}
{"id": "basket_sum_000016", "topic": "basket_sum", "subtopic": "decimal_prices", "prompt": "You’re buying 4 items: $12.84, $16.00, $8.90, $2.01. About how much will you pay (before tax)?", "split": "train", "exact_value": 39.75}
{"id": "basket_sum_000017", "topic": "basket_sum", "subtopic": "decimal_prices", "prompt": "You’re buying 6 items: $12.23, $9.78, $5.62, $11.41, $18.88, $13.85. About how much will you pay (before tax)?", "split": "train", "exact_value": 71.77}
{"id": "basket_sum_000018", "topic": "basket_sum", "subtopic": "decimal_prices", "prompt": "You’re buying 3 items: $13.88, $11.10, $5.91. About how much will you pay (before tax)?", "split": "train", "exact_value": 30.89}
{"id": "basket_sum_000019", "topic": "basket_sum", "subtopic": "decimal_prices", "prompt": "You’re buying 5 items: $2.93, $9.14, $9.50, $19.10, $17.61. About how much will you pay (before tax)?", "split": "train", "exact_value": 58.28}
{"id": "basket_sum_000020", "topic": "basket_sum", "subtopic": "decimal_prices", "prompt": "You’re buying 5 items: $19.45, $15.42, $10.54, $2.83, $12.80. About how much will you pay (before tax)?", "split": "train", "exact_value": 61.04}
{"id": "basket_sum_000021", "topic": "basket_sum", "subtopic": "decimal_prices", "prompt": "You’re buying 4 items: $3.72, $15.43, $11.15, $15.74. About how much will you pay (before tax)?", "split": "train", "exact_value": 46.04}
{"id": "basket_sum_000022", "topic": "basket_sum", "subtopic": "decimal_prices", "prompt": "You’re buying 3 items: $12.29, $10.17, $2.94. About how much will you pay (before tax)?", "split": "train", "exact_value": 25.4}
{"id": "basket_sum_000023", "topic": "basket_sum", "subtopic": "decimal_prices", "prompt": "You’re buying 5 items: $17.66, $16.76, $6.69, $1.90, $17.65. About how much will you pay (before tax)?", "split": "train", "exact_value": 60.66}
{"id": "basket_sum_000024", "topic": "basket_sum", "subtopic": "decimal_prices", "prompt": "You’re buying 3 items: $2.43, $10.12, $2.12. About how much will you pay (before tax)?", "split": "train", "exact_value": 14.67}
{"id": "basket_sum_000025", "topic": "basket_sum", "subtopic": "decimal_prices", "prompt": "You’re buying 4 items: $3.26, $9.92, $11.35, $5.88. About how much will you pay (before tax)?", "split": "train", "exact_value": 30.41}
{"id": "basket_sum_000026", "topic": "basket_sum", "subtopic": "decimal_prices", "prompt": "You’re buying 6 items: $19.31, $18.63, $15.29, $14.04, $14.48, $8.45. About how much will you pay (before tax)?", "split": "train", "exact_value": 90.2}
{"id": "basket_sum_000027", "topic": "basket_sum", "subtopic": "decimal_prices", "prompt": "You’re buying 5 items: $9.20, $10.73, $3.11, $5.10, $7.28. About how much will you pay (before tax)?", "split": "train", "exact_value": 35.42}
{"id": "basket_sum_000028", "topic": "basket_sum", "subtopic": "decimal_prices", "prompt": "You’re buying 4 items: $12.09, $0.93, $14.38, $1.92. About how much will you pay (before tax)?", "split": "train", "exact_value": 29.32}
{"id": "basket_sum_000029", "topic": "basket_sum", "subtopic": "decimal_prices", "prompt": "You’re buying 3 items: $18.17, $17.29, $2.15. About how much will you pay (before tax)?", "split": "train", "exact_value": 37.61}
{"id": "basket_sum_000030", "topic": "basket_sum", "subtopic": "decimal_prices", "prompt": "You’re buying 4 items: $6.14, $10.11, $11.14, $14.68. About how much will you pay (before tax)?", "split": "train", "exact_value": 42.07}
{"id": "basket_sum_000031", "topic": "basket_sum", "subtopic": "decimal_prices", "prompt": "You’re buying 6 items: $5.46, $9.87, $8.61, $2.60, $13.44, $7.59. About how much will you pay (before tax)?", "split": "train", "exact_value": 47.57}
{"id": "basket_sum_000032", "topic": "basket_sum", "subtopic": "decimal_prices", "prompt": "You’re buying 6 items: $9.76, $14.79, $13.72, $19.69, $2.68, $8.52. About how much will you pay (before tax)?", "split": "train", "exact_value": 69.16}
{"id": "basket_sum_000033", "topic": "basket_sum", "subtopic": "decimal_prices", "prompt": "You’re buying 5 items: $16.16, $2.89, $4.47, $11.09, $3.48. About how much will you pay (before tax)?", "split": "train", "exact_value": 38.09}
{"id": "basket_sum_000034", "topic": "basket_sum", "subtopic": "decimal_prices", "prompt": "You’re buying 4 items: $6.14, $5.59, $18.52, $9.30. About how much will you pay (before tax)?", "split": "train", "exact_value": 39.55}
{"id": "basket_sum_000035", "topic": "basket_sum", "subtopic": "decimal_prices", "prompt": "You’re buying 3 items: $1.76, $19.98, $16.84. About how much will you pay (before tax)?", "split": "train", "exact_value": 38.58}
{"id": "basket_sum_000036", "topic": "basket_sum", "subtopic": "decimal_prices", "prompt": "You’re buying 3 items: $18.58, $17.08, $3.98. About how much will you pay (before tax)?", "split": "train", "exact_value": 39.64}
{"id": "basket_sum_000037", "topic": "basket_sum", "subtopic": "decimal_prices", "prompt": "You’re buying 6 items: $10.03, $17.39, $18.12, $3.95, $0.83, $8.29. About how much will you pay (before tax)?", "split": "train", "exact_value": 58.61}
{"id": "basket_sum_000038", "topic": "basket_sum", "subtopic": "decimal_prices", "prompt": "You’re buying 6 items: $6.27, $14.16, $14.82, $15.83, $13.50, $10.13. About how much will you pay (before tax)?", "split": "train", "exact_value": 74.71}
{"id": "basket_sum_000039", "topic": "basket_sum", "subtopic": "decimal_prices", "prompt": "You’re buying 4 items: $6.49, $19.39, $11.91, $11.20. About how much will you pay (before tax)?", "split": "train", "exact_value": 48.99}
{"id": "basket_sum_000040", "topic": "basket_sum", "subtopic": "decimal_prices", "prompt": "You’re buying 5 items: $1.89, $12.01, $10.44, $17.16, $3.81. About how much will you pay (before tax)?", "split": "train", "exact_value": 45.31}
{"id": "basket_sum_000041", "topic": "basket_sum", "subtopic": "decimal_prices", "prompt": "You’re buying 3 items: $17.14, $2.11, $2.09. About how much will you pay (before tax)?", "split": "train", "exact_value": 21.34}
{"id": "basket_sum_000042", "topic": "basket_sum", "subtopic": "decimal_prices", "prompt": "You’re buying 4 items: $8.54, $18.87, $11.73, $11.91. About how much will you pay (before tax)?", "split": "train", "exact_value": 51.05}
{"id": "basket_sum_000043", "topic": "basket_sum", "subtopic": "decimal_prices", "prompt": "You’re buying 3 items: $12.68, $8.84, $12.00. About how much will you pay (before tax)?", "split": "train", "exact_value": 33.52}
{"id": "basket_sum_000044", "topic": "basket_sum", "subtopic": "decimal_prices", "prompt": "You’re buying 5 items: $18.74, $4.71, $14.54, $5.37, $8.39. About how much will you pay (before tax)?", "split": "train", "exact_value": 51.75}
{"id": "basket_sum_000045", "topic": "basket_sum", "subtopic": "decimal_prices", "prompt": "You’re buying 5 items: $9.57, $18.63, $18.76, $0.97, $12.72. About how much will you pay (before tax)?", "split": "train", "exact_value": 60.65}
{"id": "basket_sum_000046", "topic": "basket_sum", "subtopic": "decimal_prices", "prompt": "You’re buying 3 items: $2.20, $4.88, $5.88. About how much will you pay (before tax)?", "split": "train", "exact_value": 12.96}
{"id": "basket_sum_000047", "topic": "basket_sum", "subtopic": "decimal_prices", "prompt": "You’re buying 5 items: $17.70, $17.67, $7.88, $3.82, $16.80. About how much will you pay (before tax)?", "split": "train", "exact_value": 63.87}
{"id": "basket_sum_000048", "topic": "basket_sum", "subtopic": "decimal_prices", "prompt": "You’re buying 5 items: $12.53, $19.74, $13.35, $0.94, $16.48. About how much will you pay (before tax)?", "split": "train", "exact_value": 63.04}
{"id": "basket_sum_000049", "topic": "basket_sum", "subtopic": "decimal_prices", "prompt": "You’re buying 5 items: $18.68, $2.78, $17.65, $5.87, $17.87. About how much will you pay (before tax)?", "split": "train", "exact_value": 62.85}
{"id": "basket_sum_000050", "topic": "basket_sum", "subtopic": "decimal_prices", "prompt": "You’re buying 4 items: $6.02, $12.40, $14.57, $4.70. About how much will you pay (before tax)?", "split": "train", "exact_value": 37.69}
{"id": "basket_sum_000051", "topic": "basket_sum", "subtopic": "decimal_prices", "prompt": "You’re buying 5 items: $10.49, $5.61, $18.23, $1.77, $12.97. About how much will you pay (before tax)?", "split": "train", "exact_value": 49.07}
{"id": "basket_sum_000052", "topic": "basket_sum", "subtopic": "decimal_prices", "prompt": "You’re buying 5 items: $1.64, $7.19, $3.30, $19.60, $3.89. About how much will you pay (before tax)?", "split": "train", "exact_value": 35.62}
{"id": "basket_sum_000053", "topic": "basket_sum", "subtopic": "decimal_prices", "prompt": "You’re buying 6 items: $11.38, $9.00, $0.98, $2.23, $17.75, $18.15. About how much will you pay (before tax)?", "split": "train", "exact_value": 59.49}
{"id": "basket_sum_000054", "topic": "basket_sum", "subtopic": "decimal_prices", "prompt": "You’re buying 3 items: $16.81, $11.97, $3.63. About how much will you pay (before tax)?", "split": "train", "exact_value": 32.41}
{"id": "basket_sum_000055", "topic": "basket_sum", "subtopic": "decimal_prices", "prompt": "You’re buying 4 items: $1.59, $7.79, $18.71, $19.46. About how much will you pay (before tax)?", "split": "train", "exact_value": 47.55}
{"id": "basket_sum_000056", "topic": "basket_sum", "subtopic": "decimal_prices", "prompt": "You’re buying 3 items: $18.05, $4.82, $5.58. About how much will you pay (before tax)?", "split": "train", "exact_value": 28.45}
{"id": "basket_sum_000057", "topic": "basket_sum", "subtopic": "decimal_prices", "prompt": "You’re buying 3 items: $7.58, $11.54, $17.58. About how much will you pay (before tax)?", "split": "train", "exact_value": 36.7}
{"id": "basket_sum_000058", "topic": "basket_sum", "subtopic": "decimal_prices", "prompt": "You’re buying 4 items: $18.56, $5.34, $3.91, $16.15. About how much will you pay (before tax)?", "split": "train", "exact_value": 43.96}
{"id": "basket_sum_000059", "topic": "basket_sum", "subtopic": "decimal_prices", "prompt": "You’re buying 4 items: $17.71, $1.27, $14.93, $7.17. About how much will you pay (before tax)?", "split": "train", "exact_value": 41.08}
{"id": "basket_sum_000060", "topic": "basket_sum", "subtopic": "decimal_prices", "prompt": "You’re buying 6 items: $16.19, $17.38, $16.36, $5.91, $15.91, $2.87. About how much will you pay (before tax)?", "split": "train", "exact_value": 74.62}
{"id": "basket_sum_000061", "topic": "basket_sum", "subtopic": "decimal_prices", "prompt": "You’re buying 3 items: $17.27, $5.06, $16.47. About how much will you pay (before tax)?", "split": "train", "exact_value": 38.8}
{"id": "basket_sum_000062", "topic": "basket_sum", "subtopic": "decimal_prices", "prompt": "You’re buying 6 items: $7.50, $16.54, $17.52, $5.07, $13.46, $8.44. About how much will you pay (before tax)?", "split": "train", "exact_value": 68.53}
{"id": "basket_sum_000063", "topic": "basket_sum", "subtopic": "decimal_prices", "prompt": "You’re buying 5 items: $17.39, $19.35, $6.15, $13.11, $8.46. About how much will you pay (before tax)?", "split": "train", "exact_value": 64.46}
{"id": "basket_sum_000064", "topic": "basket_sum", "subtopic": "decimal_prices", "prompt": "You’re buying 5 items: $18.82, $3.00, $19.42, $4.22, $19.27. About how much will you pay (before tax)?", "split": "train", "exact_value": 64.73}
{"id": "basket_sum_000065", "topic": "basket_sum", "subtopic": "decimal_prices", "prompt": "You’re buying 5 items: $1.52, $12.24, $7.43, $15.89, $9.17. About how much will you pay (before tax)?", "split": "train", "exact_value": 46.25}
{"id": "basket_sum_000066", "topic": "basket_sum", "subtopic": "decimal_prices", "prompt": "You’re buying 3 items: $8.19, $11.86, $5.68. About how much will you pay (before tax)?", "split": "train", "exact_value": 25.73}
{"id": "basket_sum_000067", "topic": "basket_sum", "subtopic": "decimal_prices", "prompt": "You’re buying 6 items: $0.82, $18.56, $11.13, $14.60, $15.04, $13.67. About how much will you pay (before tax)?", "split": "train", "exact_value": 73.82}
{"id": "basket_sum_000068", "topic": "basket_sum", "subtopic": "decimal_prices", "prompt": "You’re buying 5 items: $9.07, $19.01, $18.47, $12.75, $13.53. About how much will you pay (before tax)?", "split": "train", "exact_value": 72.83}
{"id": "basket_sum_000069", "topic": "basket_sum", "subtopic": "decimal_prices", "prompt": "You’re buying 3 items: $14.61, $6.56, $6.73. About how much will you pay (before tax)?", "split": "train", "exact_value": 27.9}
{"id": "basket_sum_000070", "topic": "basket_sum", "subtopic": "decimal_prices", "prompt": "You’re buying 6 items: $7.05, $14.18, $11.43, $4.47, $13.56, $8.07. About how much will you pay (before tax)?", "split": "train", "exact_value": 58.76}
{"id": "basket_sum_000071", "topic": "basket_sum", "subtopic": "decimal_prices", "prompt": "You’re buying 4 items: $12.61, $6.57, $11.31, $0.80. About how much will you pay (before tax)?", "split": "train", "exact_value": 31.29}
{"id": "basket_sum_000072", "topic": "basket_sum", "subtopic": "decimal_prices", "prompt": "You’re buying 5 items: $4.83, $15.88, $12.44, $6.98, $9.27. About how much will you pay (before tax)?", "split": "train", "exact_value": 49.4}
{"id": "basket_sum_000073", "topic": "basket_sum", "subtopic": "decimal_prices", "prompt": "You’re buying 4 items: $10.60, $16.03, $19.22, $14.92. About how much will you pay (before tax)?", "split": "train", "exact_value": 60.77}
{"id": "basket_sum_000074", "topic": "basket_sum", "subtopic": "decimal_prices", "prompt": "You’re buying 3 items: $6.24, $13.54, $12.68. About how much will you pay (before tax)?", "split": "train", "exact_value": 32.46}
{"id": "basket_sum_000075", "topic": "basket_sum", "subtopic": "decimal_prices", "prompt": "You’re buying 3 items: $16.50, $15.21, $13.71. About how much will you pay (before tax)?", "split": "train", "exact_value": 45.42}
{"id": "basket_sum_000076", "topic": "basket_sum", "subtopic": "decimal_prices", "prompt": "You’re buying 4 items: $16.28, $3.62, $1.68, $19.68. About how much will you pay (before tax)?", "split": "train", "exact_value": 41.26}
{"id": "basket_sum_000077", "topic": "basket_sum", "subtopic": "decimal_prices", "prompt": "You’re buying 3 items: $9.53, $17.80, $11.84. About how much will you pay (before tax)?", "split": "train", "exact_value": 39.17}
{"id": "basket_sum_000078", "topic": "basket_sum", "subtopic": "decimal_prices", "prompt": "You’re buying 6 items: $10.28, $5.47, $13.39, $0.90, $15.21, $15.57. About how much will you pay (before tax)?", "split": "train", "exact_value": 60.82}
{"id": "basket_sum_000079", "topic": "basket_sum", "subtopic": "decimal_prices", "prompt": "You’re buying 3 items: $15.74, $4.99, $16.23. About how much will you pay (before tax)?", "split": "train", "exact_value": 36.96}
{"id": "basket_sum_000080", "topic": "basket_sum", "subtopic": "decimal_prices", "prompt": "You’re buying 6 items: $1.75, $5.57, $17.08, $9.55, $16.18, $13.61. About how much will you pay (before tax)?", "split": "train", "exact_value": 63.74}
{"id": "basket_sum_000081", "topic": "basket_sum", "subtopic": "decimal_prices", "prompt": "You’re buying 5 items: $19.03, $17.91, $12.55, $14.60, $10.48. About how much will you pay (before tax)?", "split": "train", "exact_value": 74.57}
{"id": "basket_sum_000082", "topic": "basket_sum", "subtopic": "decimal_prices", "prompt": "You’re buying 6 items: $18.02, $15.07, $9.90, $5.77, $5.54, $13.03. About how much will you pay (before tax)?", "split": "train", "exact_value": 67.33}
{"id": "basket_sum_000083", "topic": "basket_sum", "subtopic": "decimal_prices", "prompt": "You’re buying 6 items: $12.82, $6.06, $2.28, $6.28, $6.01, $6.93. About how much will you pay (before tax)?", "split": "train", "exact_value": 40.38}
{"id": "basket_sum_000084", "topic": "basket_sum", "subtopic": "decimal_prices", "prompt": "You’re buying 3 items: $3.45, $5.23, $14.11. About how much will you pay (before tax)?", "split": "train", "exact_value": 22.79}
{"id": "basket_sum_000085", "topic": "basket_sum", "subtopic": "decimal_prices", "prompt": "You’re buying 4 items: $2.02, $8.62, $11.21, $8.77. About how much will you pay (before tax)?", "split": "train", "exact_value": 30.62}
{"id": "basket_sum_000086", "topic": "basket_sum", "subtopic": "decimal_prices", "prompt": "You’re buying 4 items: $16.78, $8.27, $15.57, $18.95. About how much will you pay (before tax)?", "split": "train", "exact_value": 59.57}
{"id": "basket_sum_000087", "topic": "basket_sum", "subtopic": "decimal_prices", "prompt": "You’re buying 3 items: $17.24, $15.49, $8.09. About how much will you pay (before tax)?", "split": "train", "exact_value": 40.82}
{"id": "basket_sum_000088", "topic": "basket_sum", "subtopic": "decimal_prices", "prompt": "You’re buying 3 items: $18.89, $6.52, $8.28. About how much will you pay (before tax)?", "split": "train", "exact_value": 33.69}
{"id": "basket_sum_000089", "topic": "basket_sum", "subtopic": "decimal_prices", "prompt": "You’re buying 6 items: $11.12, $14.89, $16.15, $18.03, $10.16, $6.03. About how much will you pay (before tax)?", "split": "train", "exact_value": 76.38}
{"id": "basket_sum_000090", "topic": "basket_sum", "subtopic": "decimal_prices", "prompt": "You’re buying 6 items: $1.35, $7.24, $13.83, $8.55, $3.96, $9.76. About how much will you pay (before tax)?", "split": "train", "exact_value": 44.69}
{"id": "basket_sum_000091", "topic": "basket_sum", "subtopic": "decimal_prices", "prompt": "You’re buying 4 items: $19.62, $11.05, $18.20, $12.15. About how much will you pay (before tax)?", "split": "train", "exact_value": 61.02}
{"id": "basket_sum_000092", "topic": "basket_sum", "subtopic": "decimal_prices", "prompt": "You’re buying 3 items: $2.40, $9.02, $17.43. About how much will you pay (before tax)?", "split": "train", "exact_value": 28.85}
{"id": "basket_sum_000093", "topic": "basket_sum", "subtopic": "decimal_prices", "prompt": "You’re buying 4 items: $1.76, $8.07, $4.85, $7.07. About how much will you pay (before tax)?", "split": "train", "exact_value": 21.75}
{"id": "basket_sum_000094", "topic": "basket_sum", "subtopic": "decimal_prices", "prompt": "You’re buying 6 items: $6.13, $19.05, $8.88, $16.82, $9.82, $15.17. About how much will you pay (before tax)?", "split": "train", "exact_value": 75.87}
{"id": "basket_sum_000095", "topic": "basket_sum", "subtopic": "decimal_prices", "prompt": "You’re buying 3 items: $19.99, $7.51, $13.27. About how much will you pay (before tax)?", "split": "train", "exact_value": 40.77}
{"id": "basket_sum_000096", "topic": "basket_sum", "subtopic": "decimal_prices", "prompt": "You’re buying 3 items: $15.27, $19.02, $4.62. About how much will you pay (before tax)?", "split": "train", "exact_value": 38.91}
{"id": "basket_sum_000097", "topic": "basket_sum", "subtopic": "decimal_prices", "prompt": "You’re buying 3 items: $12.72, $5.37, $9.88. About how much will you pay (before tax)?", "split": "train", "exact_value": 27.97}
{"id": "basket_sum_000098", "topic": "basket_sum", "subtopic": "decimal_prices", "prompt": "You’re buying 3 items: $11.62, $4.97, $14.22. About how much will you pay (before tax)?", "split": "train", "exact_value": 30.81}
{"id": "basket_sum_000099", "topic": "basket_sum", "subtopic": "decimal_prices", "prompt": "You’re buying 5 items: $4.01, $12.45, $15.15, $2.99, $16.52. About how much will you pay (before tax)?", "split": "train", "exact_value": 51.12}
{"id": "basket_sum_000100", "topic": "basket_sum", "subtopic": "decimal_prices", "prompt": "You’re buying 5 items: $2.87, $1.28, $6.78, $13.80, $19.19. About how much will you pay (before tax)?", "split": "train", "exact_value": 43.92}
{"id": "basket_sum_000101", "topic": "basket_sum", "subtopic": "decimal_prices", "prompt": "You’re buying 6 items: $18.87, $4.60, $12.16, $16.74, $5.45, $14.18. About how much will you pay (before tax)?", "split": "train", "exact_value": 72.0}
{"id": "basket_sum_000102", "topic": "basket_sum", "subtopic": "decimal_prices", "prompt": "You’re buying 5 items: $17.12, $12.32, $3.11, $19.68, $15.82. About how much will you pay (before tax)?", "split": "train", "exact_value": 68.05}
{"id": "basket_sum_000103", "topic": "basket_sum", "subtopic": "decimal_prices", "prompt": "You’re buying 5 items: $11.02, $13.49, $2.11, $13.22, $1.03. About how much will you pay (before tax)?", "split": "train", "exact_value": 40.87}
{"id": "basket_sum_000104", "topic": "basket_sum", "subtopic": "decimal_prices", "prompt": "You’re buying 6 items: $16.58, $2.82, $19.24, $12.99, $16.70, $14.37. About how much will you pay (before tax)?", "split": "train", "exact_value": 82.7}
{"id": "basket_sum_000105", "topic": "basket_sum", "subtopic": "decimal_prices", "prompt": "You’re buying 6 items: $4.17, $10.81, $13.28, $12.62, $18.45, $15.66. About how much will you pay (before tax)?", "split": "train", "exact_value": 74.99}
{"id": "basket_sum_000106", "topic": "basket_sum", "subtopic": "decimal_prices", "prompt": "You’re buying 6 items: $9.15, $14.83, $5.94, $17.14, $16.74, $2.45. About how much will you pay (before tax)?", "split": "train", "exact_value": 66.25}
{"id": "basket_sum_000107", "topic": "basket_sum", "subtopic": "decimal_prices", "prompt": "You’re buying 6 items: $5.47, $9.71, $12.51, $8.07, $1.34, $17.13. About how much will you pay (before tax)?", "split": "train", "exact_value": 54.23}
{"id": "basket_sum_000108", "topic": "basket_sum", "subtopic": "decimal_prices", "prompt": "You’re buying 4 items: $10.15, $7.60, $5.75, $6.16. About how much will you pay (before tax)?", "split": "train", "exact_value": 29.66}
{"id": "basket_sum_000109", "topic": "basket_sum", "subtopic": "decimal_prices", "prompt": "You’re buying 5 items: $11.46, $10.71, $4.46, $5.42, $8.59. About how much will you pay (before tax)?", "split": "train", "exact_value": 40.64}
{"id": "basket_sum_000110", "topic": "basket_sum", "subtopic": "decimal_prices", "prompt": "You’re buying 4 items: $14.05, $13.19, $10.21, $16.01. About how much will you pay (before tax)?", "split": "train", "exact_value": 53.46}
{"id": "basket_sum_000111", "topic": "basket_sum", "subtopic": "decimal_prices", "prompt": "You’re buying 3 items: $6.44, $8.55, $5.46. About how much will you pay (before tax)?", "split": "train", "exact_value": 20.45}
{"id": "basket_sum_000112", "topic": "basket_sum", "subtopic": "decimal_prices", "prompt": "You’re buying 5 items: $9.88, $10.98, $8.96, $15.11, $7.14. About how much will you pay (before tax)?", "split": "train", "exact_value": 52.07}
{"id": "basket_sum_000113", "topic": "basket_sum", "subtopic": "decimal_prices", "prompt": "You’re buying 6 items: $5.99, $5.62, $3.11, $4.49, $3.09, $11.08. About how much will you pay (before tax)?", "split": "train", "exact_value": 33.38}
{"id": "basket_sum_000114", "topic": "basket_sum", "subtopic": "decimal_prices", "prompt": "You’re buying 4 items: $4.47, $14.97, $6.10, $12.11. About how much will you pay (before tax)?", "split": "train", "exact_value": 37.65}
{"id": "basket_sum_000115", "topic": "basket_sum", "subtopic": "decimal_prices", "prompt": "You’re buying 5 items: $19.62, $16.78, $6.48, $7.72, $6.59. About how much will you pay (before tax)?", "split": "train", "exact_value": 57.19}
{"id": "basket_sum_000116", "topic": "basket_sum", "subtopic": "decimal_prices", "prompt": "You’re buying 4 items: $6.06, $19.50, $11.41, $14.18. About how much will you pay (before tax)?", "split": "train", "exact_value": 51.15}
{"id": "basket_sum_000117", "topic": "basket_sum", "subtopic": "decimal_prices", "prompt": "You’re buying 4 items: $13.04, $15.24, $2.76, $1.03. About how much will you pay (before tax)?", "split": "train", "exact_value": 32.07}
{"id": "basket_sum_000118", "topic": "basket_sum", "subtopic": "decimal_prices", "prompt": "You’re buying 5 items: $9.80, $9.25, $4.33, $1.78, $18.86. About how much will you pay (before tax)?", "split": "train", "exact_value": 44.02}
{"id": "basket_sum_000119", "topic": "basket_sum", "subtopic": "decimal_prices", "prompt": "You’re buying 6 items: $2.98, $2.04, $10.23, $11.87, $13.97, $3.70. About how much will you pay (before tax)?", "split": "train", "exact_value": 44.79}
{"id": "basket_sum_000120", "topic": "basket_sum", "subtopic": "decimal_prices", "prompt": "You’re buying 5 items: $2.43, $5.56, $11.51, $8.78, $12.24. About how much will you pay (before tax)?", "split": "train", "exact_value": 40.52}
{"id": "basket_sum_000121", "topic": "basket_sum", "subtopic": "decimal_prices", "prompt": "You’re buying 4 items: $15.68, $8.09, $18.23, $6.50. About how much will you pay (before tax)?", "split": "train", "exact_value": 48.5}
{"id": "basket_sum_000122", "topic": "basket_sum", "subtopic": "decimal_prices", "prompt": "You’re buying 6 items: $6.65, $12.71, $12.49, $15.00, $18.98, $4.78. About how much will you pay (before tax)?", "split": "train", "exact_value": 70.61}
{"id": "basket_sum_000123", "topic": "basket_sum", "subtopic": "decimal_prices", "prompt": "You’re buying 4 items: $5.87, $2.35, $5.40, $11.39. About how much will you pay (before tax)?", "split": "train", "exact_value": 25.01}
{"id": "basket_sum_000124", "topic": "basket_sum", "subtopic": "decimal_prices", "prompt": "You’re buying 4 items: $0.84, $9.44, $12.19, $6.38. About how much will you pay (before tax)?", "split": "train", "exact_value": 28.85}
{"id": "basket_sum_000125", "topic": "basket_sum", "subtopic": "decimal_prices", "prompt": "You’re buying 4 items: $6.32, $6.22, $17.29, $2.16. About how much will you pay (before tax)?", "split": "train", "exact_value": 31.99}
{"id": "basket_sum_000126", "topic": "basket_sum", "subtopic": "decimal_prices", "prompt": "You’re buying 4 items: $18.53, $15.92, $12.79, $13.48. About how much will you pay (before tax)?", "split": "train", "exact_value": 60.72}
{"id": "basket_sum_000127", "topic": "basket_sum", "subtopic": "decimal_prices", "prompt": "You’re buying 4 items: $8.95, $11.25, $13.22, $18.23. About how much will you pay (before tax)?", "split": "train", "exact_value": 51.65}
{"id": "basket_sum_000128", "topic": "basket_sum", "subtopic": "decimal_prices", "prompt": "You’re buying 4 items: $2.16, $3.98, $6.70, $15.17. About how much will you pay (before tax)?", "split": "train", "exact_value": 28.01}
{"id": "basket_sum_000129", "topic": "basket_sum", "subtopic": "decimal_prices", "prompt": "You’re buying 5 items: $9.22, $9.79, $6.63, $8.52, $6.02. About how much will you pay (before tax)?", "split": "train", "exact_value": 40.18}
{"id": "basket_sum_000130", "topic": "basket_sum", "subtopic": "decimal_prices", "prompt": "You’re buying 6 items: $9.19, $12.27, $17.87, $14.89, $12.38, $1.29. About how much will you pay (before tax)?", "split": "train", "exact_value": 67.89}
{"id": "basket_sum_000131", "topic": "basket_sum", "subtopic": "decimal_prices", "prompt": "You’re buying 4 items: $19.26, $16.84, $11.83, $19.05. About how much will you pay (before tax)?", "split": "train", "exact_value": 66.98}
{"id": "basket_sum_000132", "topic": "basket_sum", "subtopic": "decimal_prices", "prompt": "You’re buying 5 items: $11.85, $15.44, $4.15, $10.75, $9.28. About how much will you pay (before tax)?", "split": "train", "exact_value": 51.47}
{"id": "basket_sum_000133", "topic": "basket_sum", "subtopic": "decimal_prices", "prompt": "You’re buying 5 items: $4.27, $12.03, $12.98, $10.23, $2.54. About how much will you pay (before tax)?", "split": "train", "exact_value": 42.05}
{"id": "basket_sum_000134", "topic": "basket_sum", "subtopic": "decimal_prices", "prompt": "You’re buying 5 items: $8.63, $6.95, $2.80, $3.88, $8.69. About how much will you pay (before tax)?", "split": "train", "exact_value": 30.95}
{"id": "basket_sum_000135", "topic": "basket_sum", "subtopic": "decimal_prices", "prompt": "You’re buying 6 items: $6.32, $18.94, $16.41, $11.35, $9.52, $6.83. About how much will you pay (before tax)?", "split": "train", "exact_value": 69.37}
{"id": "basket_sum_000136", "topic": "basket_sum", "subtopic": "decimal_prices", "prompt": "You’re buying 5 items: $3.02, $15.62, $17.40, $16.63, $0.81. About how much will you pay (before tax)?", "split": "train", "exact_value": 53.48}
{"id": "basket_sum_000137", "topic": "basket_sum", "subtopic": "decimal_prices", "prompt": "You’re buying 6 items: $8.72, $4.39, $7.74, $15.31, $12.80, $15.38. About how much will you pay (before tax)?", "split": "train", "exact_value": 64.34}
{"id": "basket_sum_000138", "topic": "basket_sum", "subtopic": "decimal_prices", "prompt": "You’re buying 4 items: $5.92, $3.31, $6.32, $17.70. About how much will you pay (before tax)?", "split": "train", "exact_value": 33.25}
{"id": "basket_sum_000139", "topic": "basket_sum", "subtopic": "decimal_prices", "prompt": "You’re buying 6 items: $3.12, $19.47, $12.48, $5.38, $3.83, $11.37. About how much will you pay (before tax)?", "split": "train", "exact_value": 55.65}
{"id": "basket_sum_000140", "topic": "basket_sum", "subtopic": "decimal_prices", "prompt": "You’re buying 6 items: $2.58, $19.84, $18.32, $9.65, $3.05, $16.77. About how much will you pay (before tax)?", "split": "train", "exact_value": 70.21}
{"id": "basket_sum_000141", "topic": "basket_sum", "subtopic": "decimal_prices", "prompt": "You’re buying 6 items: $18.70, $6.39, $14.33, $8.77, $10.05, $9.86. About how much will you pay (before tax)?", "split": "train", "exact_value": 68.1}
{"id": "basket_sum_000142", "topic": "basket_sum", "subtopic": "decimal_prices", "prompt": "You’re buying 6 items: $11.37, $8.15, $18.49, $10.55, $17.67, $17.38. About how much will you pay (before tax)?", "split": "train", "exact_value": 83.61}
{"id": "basket_sum_000143", "topic": "basket_sum", "subtopic": "decimal_prices", "prompt": "You’re buying 5 items: $15.63, $17.19, $7.32, $15.91, $5.92. About how much will you pay (before tax)?", "split": "train", "exact_value": 61.97}
{"id": "basket_sum_000144", "topic": "basket_sum", "subtopic": "decimal_prices", "prompt": "You’re buying 3 items: $6.22, $6.52, $12.06. About how much will you pay (before tax)?", "split": "train", "exact_value": 24.8}
{"id": "basket_sum_000145", "topic": "basket_sum", "subtopic": "decimal_prices", "prompt": "You’re buying 6 items: $17.40, $9.36, $10.09, $7.17, $15.44, $8.03. About how much will you pay (before tax)?", "split": "train", "exact_value": 67.49}
{"id": "basket_sum_000146", "topic": "basket_sum", "subtopic": "decimal_prices", "prompt": "You’re buying 5 items: $17.49, $19.62, $5.38, $8.14, $17.23. About how much will you pay (before tax)?", "split": "train", "exact_value": 67.86}
{"id": "basket_sum_000147", "topic": "basket_sum", "subtopic": "decimal_prices", "prompt": "You’re buying 6 items: $1.63, $15.09, $14.33, $16.37, $8.20, $13.53. About how much will you pay (before tax)?", "split": "train", "exact_value": 69.15}
{"id": "basket_sum_000148", "topic": "basket_sum", "subtopic": "decimal_prices", "prompt": "You’re buying 4 items: $10.30, $1.50, $10.43, $12.12. About how much will you pay (before tax)?", "split": "train", "exact_value": 34.35}
{"id": "basket_sum_000149", "topic": "basket_sum", "subtopic": "decimal_prices", "prompt": "You’re buying 3 items: $17.57, $9.24, $10.89. About how much will you pay (before tax)?", "split": "train", "exact_value": 37.7}
{"id": "basket_sum_000150", "topic": "basket_sum", "subtopic": "decimal_prices", "prompt": "You’re buying 6 items: $1.08, $3.56, $17.51, $19.41, $2.23, $15.80. About how much will you pay (before tax)?", "split": "train", "exact_value": 59.59}
{"id": "basket_sum_000151", "topic": "basket_sum", "subtopic": "decimal_prices", "prompt": "You’re buying 5 items: $7.29, $14.09, $13.27, $17.14, $17.15. About how much will you pay (before tax)?", "split": "train", "exact_value": 68.94}
{"id": "basket_sum_000152", "topic": "basket_sum", "subtopic": "decimal_prices", "prompt": "You’re buying 6 items: $19.11, $12.82, $17.83, $10.16, $11.18, $12.65. About how much will you pay (before tax)?", "split": "train", "exact_value": 83.75}
{"id": "basket_sum_000153", "topic": "basket_sum", "subtopic": "decimal_prices", "prompt": "You’re buying 4 items: $12.91, $18.47, $19.94, $15.13. About how much will you pay (before tax)?", "split": "train", "exact_value": 66.45}
{"id": "basket_sum_000154", "topic": "basket_sum", "subtopic": "decimal_prices", "prompt": "You’re buying 6 items: $19.57, $15.39, $14.30, $2.72, $3.98, $6.54. About how much will you pay (before tax)?", "split": "train", "exact_value": 62.5}
{"id": "basket_sum_000155", "topic": "basket_sum", "subtopic": "decimal_prices", "prompt": "You’re buying 3 items: $1.67, $16.08, $6.42. About how much will you pay (before tax)?", "split": "train", "exact_value": 24.17}
{"id": "basket_sum_000156", "topic": "basket_sum", "subtopic": "decimal_prices", "prompt": "You’re buying 5 items: $9.06, $5.48, $8.70, $13.88, $4.25. About how much will you pay (before tax)?", "split": "train", "exact_value": 41.37}
{"id": "basket_sum_000157", "topic": "basket_sum", "subtopic": "decimal_prices", "prompt": "You’re buying 4 items: $2.31, $17.51, $12.69, $5.41. About how much will you pay (before tax)?", "split": "train", "exact_value": 37.92}
{"id": "basket_sum_000158", "topic": "basket_sum", "subtopic": "decimal_prices", "prompt": "You’re buying 4 items: $5.25, $13.04, $9.61, $13.59. About how much will you pay (before tax)?", "split": "train", "exact_value": 41.49}
{"id": "basket_sum_000159", "topic": "basket_sum", "subtopic": "decimal_prices", "prompt": "You’re buying 6 items: $18.09, $13.80, $3.82, $9.27, $7.42, $12.07. About how much will you pay (before tax)?", "split": "train", "exact_value": 64.47}
{"id": "basket_sum_000160", "topic": "basket_sum", "subtopic": "decimal_prices", "prompt": "You’re buying 6 items: $14.04, $9.56, $6.59, $19.98, $17.17, $2.84. About how much will you pay (before tax)?", "split": "train", "exact_value": 70.18}
{"id": "basket_sum_000161", "topic": "basket_sum", "subtopic": "decimal_prices", "prompt": "You’re buying 6 items: $11.77, $11.83, $19.85, $6.46, $19.57, $13.43. About how much will you pay (before tax)?", "split": "train", "exact_value": 82.91}
{"id": "basket_sum_000162", "topic": "basket_sum", "subtopic": "decimal_prices", "prompt": "You’re buying 5 items: $0.95, $17.40, $15.73, $19.48, $18.27. About how much will you pay (before tax)?", "split": "train", "exact_value": 71.83}
{"id": "basket_sum_000163", "topic": "basket_sum", "subtopic": "decimal_prices", "prompt": "You’re buying 6 items: $16.78, $18.13, $15.68, $5.21, $16.19, $4.99. About how much will you pay (before tax)?", "split": "train", "exact_value": 76.98}
{"id": "basket_sum_000164", "topic": "basket_sum", "subtopic": "decimal_prices", "prompt": "You’re buying 4 items: $12.71, $13.80, $14.63, $13.45. About how much will you pay (before tax)?", "split": "train", "exact_value": 54.59}
{"id": "basket_sum_000165", "topic": "basket_sum", "subtopic": "decimal_prices", "prompt": "You’re buying 4 items: $12.85, $18.14, $13.20, $6.72. About how much will you pay (before tax)?", "split": "train", "exact_value": 50.91}
{"id": "basket_sum_000166", "topic": "basket_sum", "subtopic": "decimal_prices", "prompt": "You’re buying 6 items: $1.43, $7.80, $3.31, $18.25, $7.06, $8.77. About how much will you pay (before tax)?", "split": "train", "exact_value": 46.62}
{"id": "basket_sum_000167", "topic": "basket_sum", "subtopic": "decimal_prices", "prompt": "You’re buying 4 items: $3.33, $11.15, $19.44, $10.98. About how much will you pay (before tax)?", "split": "train", "exact_value": 44.9}
{"id": "basket_sum_000168", "topic": "basket_sum", "subtopic": "decimal_prices", "prompt": "You’re buying 5 items: $16.74, $5.72, $16.62, $10.04, $16.27. About how much will you pay (before tax)?", "split": "train", "exact_value": 65.39}
{"id": "basket_sum_000169", "topic": "basket_sum", "subtopic": "decimal_prices", "prompt": "You’re buying 5 items: $16.23, $9.78, $2.24, $15.27, $5.12. About how much will you pay (before tax)?", "split": "train", "exact_value": 48.64}
{"id": "basket_sum_000170", "topic": "basket_sum", "subtopic": "decimal_prices", "prompt": "You’re buying 6 items: $19.36, $16.24, $7.81, $15.97, $1.06, $11.09. About how much will you pay (before tax)?", "split": "train", "exact_value": 71.53}
{"id": "discounts_000000", "topic": "discounts", "subtopic": "threshold", "prompt": "Threshold coupon applies: $5 off $40+ spend. Cart: $28.21, $28.19, $25.03, $33.60. About how much do you pay?", "split": "train", "exact_value": 110.03}
{"id": "discounts_000001", "topic": "discounts", "subtopic": "bogo", "prompt": "BOGO sale (buy one, get one free; free item is the cheaper one in each pair). Items: $23.00, $22.27, $14.68, $6.69, $2.08. About how much do you pay?", "split": "train", "exact_value": 39.76}
{"id": "discounts_000002", "topic": "discounts", "subtopic": "percent", "prompt": "Cart: $45.73, $17.19, $22.18, $9.56, $47.46. A 20% discount applies to everything. About how much do you pay?", "split": "train", "exact_value": 113.7}
{"id": "discounts_000003", "topic": "discounts", "subtopic": "threshold", "prompt": "Threshold coupon applies: $10 off $30+ spend. Cart: $7.49, $35.93. About how much do you pay?", "split": "train", "exact_value": 33.42}
{"id": "discounts_000004", "topic": "discounts", "subtopic": "threshold", "prompt": "Threshold coupon applies: $10 off $30+ spend. Cart: $28.13, $30.74, $38.05, $19.08. About how much do you pay?", "split": "train", "exact_value": 106.0}
{"id": "discounts_000005", "topic": "discounts", "subtopic": "percent", "prompt": "Cart: $31.93, $47.13, $16.14, $35.43, $13.20. A 25% discount applies to everything. About how much do you pay?", "split": "train", "exact_value": 107.87}
{"id": "discounts_000006", "topic": "discounts", "subtopic": "bogo", "prompt": "BOGO sale (buy one, get one free; free item is the cheaper one in each pair). Items: $24.47, $17.60, $14.28, $3.82. About how much do you pay?", "split": "train", "exact_value": 38.75}
{"id": "discounts_000007", "topic": "discounts", "subtopic": "buy_n_get_m", "prompt": "Buy 4 get 1 free on items priced $1.88 each. You take 5 total. About how much do you pay?", "split": "train", "exact_value": 7.52}
{"id": "discounts_000008", "topic": "discounts", "subtopic": "threshold", "prompt": "Threshold coupon applies: $5 off $25+ spend. Cart: $27.85, $27.09. About how much do you pay?", "split": "train", "exact_value": 49.94}
{"id": "discounts_000009", "topic": "discounts", "subtopic": "buy_n_get_m", "prompt": "Buy 3 get 3 free on items priced $3.07 each. You take 7 total. About how much do you pay?", "split": "train", "exact_value": 12.28}
{"id": "discounts_000010", "topic": "discounts", "subtopic": "percent", "prompt": "Cart: $30.55, $41.20, $13.94. A 15% discount applies to everything. About how much do you pay?", "split": "train", "exact_value": 72.84}
{"id": "discounts_000011", "topic": "discounts", "subtopic": "stacked", "prompt": "Stacked deal: 20% off, then $5 coupon if you spend $40 or more. Cart: $13.25, $39.40, $39.53. About how much do you pay?", "split": "train", "exact_value": 68.74}
{"id": "discounts_000012", "topic": "discounts", "subtopic": "percent", "prompt": "Cart: $9.18, $19.83. A 15% discount applies to everything. About how much do you pay?", "split": "train", "exact_value": 24.66}
{"id": "discounts_000013", "topic": "discounts", "subtopic": "stacked", "prompt": "Stacked deal: 10% off, then $10 coupon if you spend $40 or more. Cart: $3.57, $12.81, $7.68, $18.57, $7.20. About how much do you pay?", "split": "train", "exact_value": 34.85}
{"id": "discounts_000014", "topic": "discounts", "subtopic": "buy_n_get_m", "prompt": "Buy 3 get 2 free on items priced $4.83 each. You take 9 total. About how much do you pay?", "split": "train", "exact_value": 28.98}
{"id": "discounts_000015", "topic": "discounts", "subtopic": "bogo", "prompt": "BOGO sale (buy one, get one free; free item is the cheaper one in each pair). Items: $24.14, $21.86, $19.90, $13.74, $12.25, $2.51. About how much do you pay?", "split": "train", "exact_value": 56.29}
{"id": "discounts_000016", "topic": "discounts", "subtopic": "percent", "prompt": "Cart: $42.81, $23.02, $8.06, $36.47, $23.84. A 10% discount applies to everything. About how much do you pay?", "split": "train", "exact_value": 120.78}
{"id": "discounts_000017", "topic": "discounts", "subtopic": "buy_n_get_m", "prompt": "Buy 3 get 1 free on items priced $5.44 each. You take 6 total. About how much do you pay?", "split": "train", "exact_value": 27.2}
{"id": "discounts_000018", "topic": "discounts", "subtopic": "stacked", "prompt": "Stacked deal: 20% off, then $5 coupon if you spend $30 or more. Cart: $17.08, $25.09, $13.90, $21.70, $18.91. About how much do you pay?", "split": "train", "exact_value": 72.34}
{"id": "discounts_000019", "topic": "discounts", "subtopic": "threshold", "prompt": "Threshold coupon applies: $10 off $40+ spend. Cart: $35.96, $18.89, $33.78, $18.34, $30.26. About how much do you pay?", "split": "train", "exact_value": 127.23}
{"id": "discounts_000020", "topic": "discounts", "subtopic": "buy_n_get_m", "prompt": "Buy 4 get 1 free on items priced $5.81 each. You take 10 total. About how much do you pay?", "split": "train", "exact_value": 46.48}
{"id": "discounts_000021", "topic": "discounts", "subtopic": "threshold", "prompt": "Threshold coupon applies: $5 off $50+ spend. Cart: $7.27, $7.06. About how much do you pay?", "split": "train", "exact_value": 14.33}
{"id": "discounts_000022", "topic": "discounts", "subtopic": "buy_n_get_m", "prompt": "Buy 5 get 1 free on items priced $6.77 each. You take 10 total. About how much do you pay?", "split": "train", "exact_value": 60.93}
{"id": "discounts_000023", "topic": "discounts", "subtopic": "stacked", "prompt": "Stacked deal: 20% off, then $10 coupon if you spend $30 or more. Cart: $27.78, $18.19, $35.31, $37.81, $18.64. About how much do you pay?", "split": "train", "exact_value": 100.18}
{"id": "discounts_000024", "topic": "discounts", "subtopic": "stacked", "prompt": "Stacked deal: 10% off, then $10 coupon if you spend $40 or more. Cart: $16.00, $24.37, $10.86, $27.29, $11.29. About how much do you pay?", "split": "train", "exact_value": 70.83}
{"id": "discounts_000025", "topic": "discounts", "subtopic": "percent", "prompt": "Cart: $29.97, $40.93, $42.71, $48.79. A 30% discount applies to everything. About how much do you pay?", "split": "train", "exact_value": 113.68}
{"id": "discounts_000026", "topic": "discounts", "subtopic": "stacked", "prompt": "Stacked deal: 10% off, then $10 coupon if you spend $30 or more. Cart: $25.52, $27.33, $28.65. About how much do you pay?", "split": "train", "exact_value": 63.35}
{"id": "discounts_000027", "topic": "discounts", "subtopic": "buy_n_get_m", "prompt": "Buy 4 get 1 free on items priced $7.48 each. You take 6 total. About how much do you pay?", "split": "train", "exact_value": 37.4}
{"id": "discounts_000028", "topic": "discounts", "subtopic": "bogo", "prompt": "BOGO sale (buy one, get one free; free item is the cheaper one in each pair). Items: $24.33, $18.90, $16.94, $13.96, $3.65, $3.13. About how much do you pay?", "split": "train", "exact_value": 44.92}
{"id": "discounts_000029", "topic": "discounts", "subtopic": "threshold", "prompt": "Threshold coupon applies: $5 off $25+ spend. Cart: $20.32, $9.66, $15.21, $15.67, $37.88. About how much do you pay?", "split": "train", "exact_value": 93.74}
{"id": "discounts_000030", "topic": "discounts", "subtopic": "bogo", "prompt": "BOGO sale (buy one, get one free; free item is the cheaper one in each pair). Items: $19.22, $3.41, $2.66. About how much do you pay?", "split": "train", "exact_value": 21.88}
{"id": "discounts_000031", "topic": "discounts", "subtopic": "threshold", "prompt": "Threshold coupon applies: $5 off $50+ spend. Cart: $21.47, $19.90, $13.82, $31.17, $8.09. About how much do you pay?", "split": "train", "exact_value": 89.45}
{"id": "discounts_000032", "topic": "discounts", "subtopic": "buy_n_get_m", "prompt": "Buy 5 get 2 free on items priced $5.90 each. You take 11 total. About how much do you pay?", "split": "train", "exact_value": 53.1}
{"id": "discounts_000033", "topic": "discounts", "subtopic": "percent", "prompt": "Cart: $21.57, $31.16, $3.35. A 20% discount applies to everything. About how much do you pay?", "split": "train", "exact_value": 44.86}
{"id": "discounts_000034", "topic": "discounts", "subtopic": "bogo", "prompt": "BOGO sale (buy one, get one free; free item is the cheaper one in each pair). Items: $19.45, $8.29, $4.31. About how much do you pay?", "split": "train", "exact_value": 23.76}
{"id": "discounts_000035", "topic": "discounts", "subtopic": "threshold", "prompt": "Threshold coupon applies: $5 off $40+ spend. Cart: $10.32, $17.68, $29.32, $22.00, $33.99. About how much do you pay?", "split": "train", "exact_value": 108.31}
{"id": "discounts_000036", "topic": "discounts", "subtopic": "threshold", "prompt": "Threshold coupon applies: $10 off $25+ spend. Cart: $19.69, $20.54. About how much do you pay?", "split": "train", "exact_value": 30.23}
{"id": "discounts_000037", "topic": "discounts", "subtopic": "stacked", "prompt": "Stacked deal: 20% off, then $10 coupon if you spend $40 or more. Cart: $24.21, $29.24, $18.44, $7.25, $3.76, $15.01. About how much do you pay?", "split": "train", "exact_value": 68.33}
{"id": "discounts_000038", "topic": "discounts", "subtopic": "percent", "prompt": "Cart: $42.68, $14.43, $30.67, $27.62, $21.59. A 20% discount applies to everything. About how much do you pay?", "split": "train", "exact_value": 109.59}
{"id": "discounts_000039", "topic": "discounts", "subtopic": "buy_n_get_m", "prompt": "Buy 3 get 1 free on items priced $2.93 each. You take 8 total. About how much do you pay?", "split": "train", "exact_value": 17.58}
{"id": "discounts_000040", "topic": "discounts", "subtopic": "percent", "prompt": "Cart: $45.57, $19.41, $37.18. A 15% discount applies to everything. About how much do you pay?", "split": "train", "exact_value": 86.84}
{"id": "discounts_000041", "topic": "discounts", "subtopic": "bogo", "prompt": "BOGO sale (buy one, get one free; free item is the cheaper one in each pair). Items: $6.13, $4.93. About how much do you pay?", "split": "train", "exact_value": 6.13}
{"id": "discounts_000042", "topic": "discounts", "subtopic": "stacked", "prompt": "Stacked deal: 15% off, then $10 coupon if you spend $40 or more. Cart: $31.12, $27.24, $9.54, $31.59. About how much do you pay?", "split": "train", "exact_value": 74.57}
{"id": "discounts_000043", "topic": "discounts", "subtopic": "stacked", "prompt": "Stacked deal: 15% off, then $5 coupon if you spend $40 or more. Cart: $34.97, $26.20, $8.58, $5.52, $19.35. About how much do you pay?", "split": "train", "exact_value": 75.43}
{"id": "discounts_000044", "topic": "discounts", "subtopic": "buy_n_get_m", "prompt": "Buy 4 get 2 free on items priced $4.79 each. You take 9 total. About how much do you pay?", "split": "train", "exact_value": 33.53}
{"id": "discounts_000045", "topic": "discounts", "subtopic": "percent", "prompt": "Cart: $20.32, $16.48. A 10% discount applies to everything. About how much do you pay?", "split": "train", "exact_value": 33.12}
{"id": "discounts_000046", "topic": "discounts", "subtopic": "stacked", "prompt": "Stacked deal: 20% off, then $10 coupon if you spend $30 or more. Cart: $20.11, $23.50, $32.29, $36.14, $19.63, $32.95. About how much do you pay?", "split": "train", "exact_value": 121.7}
{"id": "discounts_000047", "topic": "discounts", "subtopic": "stacked", "prompt": "Stacked deal: 10% off, then $5 coupon if you spend $50 or more. Cart: $21.54, $38.43, $19.66, $33.00, $33.97, $39.34. About how much do you pay?", "split": "train", "exact_value": 162.35}
{"id": "discounts_000048", "topic": "discounts", "subtopic": "percent", "prompt": "Cart: $36.25, $49.57, $27.62. A 30% discount applies to everything. About how much do you pay?", "split": "train", "exact_value": 79.41}
{"id": "discounts_000049", "topic": "discounts", "subtopic": "bogo", "prompt": "BOGO sale (buy one, get one free; free item is the cheaper one in each pair). Items: $11.10, $10.25, $9.44, $8.14. About how much do you pay?", "split": "train", "exact_value": 20.54}
{"id": "discounts_000050", "topic": "discounts", "subtopic": "stacked", "prompt": "Stacked deal: 10% off, then $10 coupon if you spend $50 or more. Cart: $32.19, $26.94, $5.43. About how much do you pay?", "split": "train", "exact_value": 48.1}
{"id": "discounts_000051", "topic": "discounts", "subtopic": "buy_n_get_m", "prompt": "Buy 5 get 3 free on items priced $3.13 each. You take 10 total. About how much do you pay?", "split": "train", "exact_value": 21.91}
{"id": "discounts_000052", "topic": "discounts", "subtopic": "buy_n_get_m", "prompt": "Buy 5 get 1 free on items priced $2.02 each. You take 8 total. About how much do you pay?", "split": "train", "exact_value": 14.14}
{"id": "discounts_000053", "topic": "discounts", "subtopic": "buy_n_get_m", "prompt": "Buy 5 get 3 free on items priced $7.78 each. You take 14 total. About how much do you pay?", "split": "train", "exact_value": 77.8}
{"id": "discounts_000054", "topic": "discounts", "subtopic": "bogo", "prompt": "BOGO sale (buy one, get one free; free item is the cheaper one in each pair). Items: $18.15, $16.61, $14.62, $9.21, $4.49, $3.48. About how much do you pay?", "split": "train", "exact_value": 37.26}
{"id": "discounts_000055", "topic": "discounts", "subtopic": "stacked", "prompt": "Stacked deal: 15% off, then $5 coupon if you spend $40 or more. Cart: $26.89, $18.66, $16.38. About how much do you pay?", "split": "train", "exact_value": 47.64}
{"id": "discounts_000056", "topic": "discounts", "subtopic": "bogo", "prompt": "BOGO sale (buy one, get one free; free item is the cheaper one in each pair). Items: $23.76, $12.92, $6.81, $4.72. About how much do you pay?", "split": "train", "exact_value": 30.57}
{"id": "discounts_000057", "topic": "discounts", "subtopic": "percent", "prompt": "Cart: $42.68, $7.74, $39.22, $42.24. A 30% discount applies to everything. About how much do you pay?", "split": "train", "exact_value": 92.32}
{"id": "discounts_000058", "topic": "discounts", "subtopic": "percent", "prompt": "Cart: $44.18, $32.04, $31.06, $10.24. A 15% discount applies to everything. About how much do you pay?", "split": "train", "exact_value": 99.89}
{"id": "discounts_000059", "topic": "discounts", "subtopic": "stacked", "prompt": "Stacked deal: 15% off, then $10 coupon if you spend $50 or more. Cart: $29.67, $4.61, $16.47, $29.61. About how much do you pay?", "split": "train", "exact_value": 58.31}
{"id": "discounts_000060", "topic": "discounts", "subtopic": "threshold", "prompt": "Threshold coupon applies: $5 off $50+ spend. Cart: $23.21, $15.13, $33.10. About how much do you pay?", "split": "train", "exact_value": 66.44}
{"id": "discounts_000061", "topic": "discounts", "subtopic": "buy_n_get_m", "prompt": "Buy 5 get 2 free on items priced $5.90 each. You take 14 total. About how much do you pay?", "split": "train", "exact_value": 59.0}
{"id": "discounts_000062", "topic": "discounts", "subtopic": "buy_n_get_m", "prompt": "Buy 5 get 3 free on items priced $6.55 each. You take 14 total. About how much do you pay?", "split": "train", "exact_value": 65.5}
{"id": "discounts_000063", "topic": "discounts", "subtopic": "bogo", "prompt": "BOGO sale (buy one, get one free; free item is the cheaper one in each pair). Items: $20.32, $7.37, $4.74. About how much do you pay?", "split": "train", "exact_value": 25.06}
{"id": "discounts_000064", "topic": "discounts", "subtopic": "threshold", "prompt": "Threshold coupon applies: $5 off $40+ spend. Cart: $23.95, $7.68, $34.44, $34.63. About how much do you pay?", "split": "train", "exact_value": 95.7}
{"id": "discounts_000065", "topic": "discounts", "subtopic": "bogo", "prompt": "BOGO sale (buy one, get one free; free item is the cheaper one in each pair). Items: $21.02, $13.55, $12.05, $3.65. About how much do you pay?", "split": "train", "exact_value": 33.07}
{"id": "discounts_000066", "topic": "discounts", "subtopic": "bogo", "prompt": "BOGO sale (buy one, get one free; free item is the cheaper one in each pair). Items: $23.36, $22.28, $11.24, $10.81, $10.28. About how much do you pay?", "split": "train", "exact_value": 44.88}
{"id": "discounts_000067", "topic": "discounts", "subtopic": "threshold", "prompt": "Threshold coupon applies: $15 off $25+ spend. Cart: $17.49, $5.00. About how much do you pay?", "split": "train", "exact_value": 22.49}
{"id": "discounts_000068", "topic": "discounts", "subtopic": "buy_n_get_m", "prompt": "Buy 3 get 1 free on items priced $6.63 each. You take 6 total. About how much do you pay?", "split": "train", "exact_value": 33.15}
{"id": "discounts_000069", "topic": "discounts", "subtopic": "threshold", "prompt": "Threshold coupon applies: $5 off $25+ spend. Cart: $31.31, $20.88, $26.14. About how much do you pay?", "split": "train", "exact_value": 73.33}
{"id": "discounts_000070", "topic": "discounts", "subtopic": "buy_n_get_m", "prompt": "Buy 3 get 3 free on items priced $2.89 each. You take 11 total. About how much do you pay?", "split": "train", "exact_value": 17.34}
{"id": "discounts_000071", "topic": "discounts", "subtopic": "stacked", "prompt": "Stacked deal: 15% off, then $5 coupon if you spend $30 or more. Cart: $7.10, $13.65, $14.13, $4.76, $18.52, $32.36. About how much do you pay?", "split": "train", "exact_value": 71.94}
{"id": "discounts_000072", "topic": "discounts", "subtopic": "threshold", "prompt": "Threshold coupon applies: $10 off $30+ spend. Cart: $26.74, $24.69. About how much do you pay?", "split": "train", "exact_value": 41.43}
{"id": "discounts_000073", "topic": "discounts", "subtopic": "threshold", "prompt": "Threshold coupon applies: $5 off $50+ spend. Cart: $26.12, $12.65. About how much do you pay?", "split": "train", "exact_value": 38.77}
{"id": "discounts_000074", "topic": "discounts", "subtopic": "percent", "prompt": "Cart: $6.17, $27.71, $26.83, $49.44. A 30% discount applies to everything. About how much do you pay?", "split": "train", "exact_value": 77.11}
{"id": "discounts_000075", "topic": "discounts", "subtopic": "percent", "prompt": "Cart: $44.04, $5.04, $21.17, $20.54, $38.11. A 20% discount applies to everything. About how much do you pay?", "split": "train", "exact_value": 103.12}
{"id": "discounts_000076", "topic": "discounts", "subtopic": "percent", "prompt": "Cart: $14.32, $33.87, $7.86, $30.34. A 20% discount applies to everything. About how much do you pay?", "split": "train", "exact_value": 69.11}
{"id": "discounts_000077", "topic": "discounts", "subtopic": "bogo", "prompt": "BOGO sale (buy one, get one free; free item is the cheaper one in each pair). Items: $9.77, $9.45. About how much do you pay?", "split": "train", "exact_value": 9.77}
{"id": "discounts_000078", "topic": "discounts", "subtopic": "bogo", "prompt": "BOGO sale (buy one, get one free; free item is the cheaper one in each pair). Items: $24.54, $18.32, $12.74, $5.77, $4.66. About how much do you pay?", "split": "train", "exact_value": 41.94}
{"id": "discounts_000079", "topic": "discounts", "subtopic": "threshold", "prompt": "Threshold coupon applies: $5 off $30+ spend. Cart: $14.55, $5.57. About how much do you pay?", "split": "train", "exact_value": 20.12}
{"id": "discounts_000080", "topic": "discounts", "subtopic": "buy_n_get_m", "prompt": "Buy 5 get 2 free on items priced $7.56 each. You take 14 total. About how much do you pay?", "split": "train", "exact_value": 75.6}
{"id": "discounts_000081", "topic": "discounts", "subtopic": "buy_n_get_m", "prompt": "Buy 5 get 1 free on items priced $1.73 each. You take 8 total. About how much do you pay?", "split": "train", "exact_value": 12.11}
{"id": "discounts_000082", "topic": "discounts", "subtopic": "buy_n_get_m", "prompt": "Buy 3 get 3 free on items priced $7.09 each. You take 8 total. About how much do you pay?", "split": "train", "exact_value": 35.45}
{"id": "discounts_000083", "topic": "discounts", "subtopic": "buy_n_get_m", "prompt": "Buy 4 get 2 free on items priced $2.30 each. You take 9 total. About how much do you pay?", "split": "train", "exact_value": 16.1}
{"id": "discounts_000084", "topic": "discounts", "subtopic": "threshold", "prompt": "Threshold coupon applies: $5 off $40+ spend. Cart: $16.20, $10.72, $28.90, $17.21, $32.69. About how much do you pay?", "split": "train", "exact_value": 100.72}
{"id": "discounts_000085", "topic": "discounts", "subtopic": "threshold", "prompt": "Threshold coupon applies: $15 off $30+ spend. Cart: $19.49, $39.81. About how much do you pay?", "split": "train", "exact_value": 44.3}
{"id": "discounts_000086", "topic": "discounts", "subtopic": "buy_n_get_m", "prompt": "Buy 3 get 2 free on items priced $3.58 each. You take 10 total. About how much do you pay?", "split": "train", "exact_value": 21.48}
{"id": "discounts_000087", "topic": "discounts", "subtopic": "buy_n_get_m", "prompt": "Buy 5 get 3 free on items priced $3.48 each. You take 14 total. About how much do you pay?", "split": "train", "exact_value": 34.8}
{"id": "discounts_000088", "topic": "discounts", "subtopic": "bogo", "prompt": "BOGO sale (buy one, get one free; free item is the cheaper one in each pair). Items: $24.95, $21.94, $9.78, $9.75, $2.49. About how much do you pay?", "split": "train", "exact_value": 37.22}
{"id": "discounts_000089", "topic": "discounts", "subtopic": "buy_n_get_m", "prompt": "Buy 3 get 1 free on items priced $5.65 each. You take 7 total. About how much do you pay?", "split": "train", "exact_value": 33.9}
{"id": "discounts_000090", "topic": "discounts", "subtopic": "buy_n_get_m", "prompt": "Buy 5 get 3 free on items priced $4.83 each. You take 10 total. About how much do you pay?", "split": "train", "exact_value": 33.81}
{"id": "discounts_000091", "topic": "discounts", "subtopic": "percent", "prompt": "Cart: $42.88, $34.86, $23.58. A 15% discount applies to everything. About how much do you pay?", "split": "train", "exact_value": 86.12}
{"id": "discounts_000092", "topic": "discounts", "subtopic": "percent", "prompt": "Cart: $39.58, $20.21, $20.98. A 30% discount applies to everything. About how much do you pay?", "split": "train", "exact_value": 56.54}
{"id": "discounts_000093", "topic": "discounts", "subtopic": "percent", "prompt": "Cart: $34.91, $47.58, $20.47. A 10% discount applies to everything. About how much do you pay?", "split": "train", "exact_value": 92.66}
{"id": "discounts_000094", "topic": "discounts", "subtopic": "stacked", "prompt": "Stacked deal: 10% off, then $5 coupon if you spend $30 or more. Cart: $22.58, $17.72, $27.02, $12.23. About how much do you pay?", "split": "train", "exact_value": 66.6}
{"id": "discounts_000095", "topic": "discounts", "subtopic": "threshold", "prompt": "Threshold coupon applies: $15 off $40+ spend. Cart: $36.88, $8.23, $31.89, $29.34, $11.71. About how much do you pay?", "split": "train", "exact_value": 103.05}
{"id": "discounts_000096", "topic": "discounts", "subtopic": "threshold", "prompt": "Threshold coupon applies: $5 off $50+ spend. Cart: $8.40, $34.69, $20.26. About how much do you pay?", "split": "train", "exact_value": 58.35}
{"id": "discounts_000097", "topic": "discounts", "subtopic": "buy_n_get_m", "prompt": "Buy 5 get 1 free on items priced $5.83 each. You take 10 total. About how much do you pay?", "split": "train", "exact_value": 52.47}
{"id": "discounts_000098", "topic": "discounts", "subtopic": "stacked", "prompt": "Stacked deal: 15% off, then $5 coupon if you spend $50 or more. Cart: $35.97, $34.49, $29.33, $37.30, $26.58. About how much do you pay?", "split": "train", "exact_value": 134.12}
{"id": "discounts_000099", "topic": "discounts", "subtopic": "percent", "prompt": "Cart: $40.22, $14.12, $26.21. A 20% discount applies to everything. About how much do you pay?", "split": "train", "exact_value": 64.44}
{"id": "discounts_000100", "topic": "discounts", "subtopic": "stacked", "prompt": "Stacked deal: 15% off, then $10 coupon if you spend $50 or more. Cart: $20.28, $39.36, $7.79, $35.71, $5.42. About how much do you pay?", "split": "train", "exact_value": 82.28}
{"id": "discounts_000101", "topic": "discounts", "subtopic": "stacked", "prompt": "Stacked deal: 20% off, then $10 coupon if you spend $50 or more. Cart: $31.45, $33.45, $5.72, $38.97, $26.76, $19.64. About how much do you pay?", "split": "train", "exact_value": 114.79}
{"id": "discounts_000102", "topic": "discounts", "subtopic": "bogo", "prompt": "BOGO sale (buy one, get one free; free item is the cheaper one in each pair). Items: $24.20, $22.89, $16.53, $11.66, $5.77, $2.79. About how much do you pay?", "split": "train", "exact_value": 46.5}
{"id": "discounts_000103", "topic": "discounts", "subtopic": "percent", "prompt": "Cart: $17.28, $10.60, $46.92. A 15% discount applies to everything. About how much do you pay?", "split": "train", "exact_value": 63.58}
{"id": "discounts_000104", "topic": "discounts", "subtopic": "buy_n_get_m", "prompt": "Buy 5 get 2 free on items priced $7.65 each. You take 8 total. About how much do you pay?", "split": "train", "exact_value": 45.9}
{"id": "discounts_000105", "topic": "discounts", "subtopic": "buy_n_get_m", "prompt": "Buy 5 get 2 free on items priced $2.77 each. You take 9 total. About how much do you pay?", "split": "train", "exact_value": 19.39}
{"id": "discounts_000106", "topic": "discounts", "subtopic": "buy_n_get_m", "prompt": "Buy 3 get 3 free on items priced $5.48 each. You take 11 total. About how much do you pay?", "split": "train", "exact_value": 32.88}
{"id": "discounts_000107", "topic": "discounts", "subtopic": "bogo", "prompt": "BOGO sale (buy one, get one free; free item is the cheaper one in each pair). Items: $23.62, $21.29, $18.42, $16.97, $15.71, $5.11. About how much do you pay?", "split": "train", "exact_value": 57.75}
{"id": "discounts_000108", "topic": "discounts", "subtopic": "stacked", "prompt": "Stacked deal: 20% off, then $10 coupon if you spend $50 or more. Cart: $33.52, $4.04, $4.67. About how much do you pay?", "split": "train", "exact_value": 33.78}
{"id": "discounts_000109", "topic": "discounts", "subtopic": "bogo", "prompt": "BOGO sale (buy one, get one free; free item is the cheaper one in each pair). Items: $23.97, $16.51, $16.23, $13.19, $11.28, $8.30. About how much do you pay?", "split": "train", "exact_value": 51.48}
{"id": "discounts_000110", "topic": "discounts", "subtopic": "threshold", "prompt": "Threshold coupon applies: $15 off $25+ spend. Cart: $32.96, $28.65, $14.70. About how much do you pay?", "split": "train", "exact_value": 61.31}
{"id": "discounts_000111", "topic": "discounts", "subtopic": "percent", "prompt": "Cart: $23.65, $25.75, $12.58. A 30% discount applies to everything. About how much do you pay?", "split": "train", "exact_value": 43.39}
{"id": "discounts_000112", "topic": "discounts", "subtopic": "bogo", "prompt": "BOGO sale (buy one, get one free; free item is the cheaper one in each pair). Items: $24.71, $21.73, $9.61, $8.99. About how much do you pay?", "split": "train", "exact_value": 34.32}
{"id": "discounts_000113", "topic": "discounts", "subtopic": "threshold", "prompt": "Threshold coupon applies: $10 off $30+ spend. Cart: $31.37, $22.53, $7.81. About how much do you pay?", "split": "train", "exact_value": 51.71}
{"id": "discounts_000114", "topic": "discounts", "subtopic": "percent", "prompt": "Cart: $24.12, $9.61, $5.37, $47.42. A 30% discount applies to everything. About how much do you pay?", "split": "train", "exact_value": 60.56}
{"id": "discounts_000115", "topic": "discounts", "subtopic": "threshold", "prompt": "Threshold coupon applies: $5 off $40+ spend. Cart: $38.65, $36.47, $33.28. About how much do you pay?", "split": "train", "exact_value": 103.4}
{"id": "discounts_000116", "topic": "discounts", "subtopic": "bogo", "prompt": "BOGO sale (buy one, get one free; free item is the cheaper one in each pair). Items: $24.90, $22.15, $13.18, $12.46, $3.61. About how much do you pay?", "split": "train", "exact_value": 41.69}
{"id": "discounts_000117", "topic": "discounts", "subtopic": "threshold", "prompt": "Threshold coupon applies: $10 off $50+ spend. Cart: $38.79, $11.74, $16.69, $5.81, $21.81. About how much do you pay?", "split": "train", "exact_value": 84.84}
{"id": "discounts_000118", "topic": "discounts", "subtopic": "stacked", "prompt": "Stacked deal: 20% off, then $10 coupon if you spend $40 or more. Cart: $34.34, $18.93, $35.64. About how much do you pay?", "split": "train", "exact_value": 61.13}
{"id": "discounts_000119", "topic": "discounts", "subtopic": "buy_n_get_m", "prompt": "Buy 3 get 3 free on items priced $1.78 each. You take 10 total. About how much do you pay?", "split": "train", "exact_value": 10.68}
{"id": "discounts_000120", "topic": "discounts", "subtopic": "bogo", "prompt": "BOGO sale (buy one, get one free; free item is the cheaper one in each pair). Items: $19.45, $14.49, $13.34, $3.22. About how much do you pay?", "split": "train", "exact_value": 32.79}
{"id": "discounts_000121", "topic": "discounts", "subtopic": "buy_n_get_m", "prompt": "Buy 5 get 3 free on items priced $6.85 each. You take 9 total. About how much do you pay?", "split": "train", "exact_value": 41.1}
{"id": "discounts_000122", "topic": "discounts", "subtopic": "bogo", "prompt": "BOGO sale (buy one, get one free; free item is the cheaper one in each pair). Items: $20.17, $10.75. About how much do you pay?", "split": "train", "exact_value": 20.17}
{"id": "discounts_000123", "topic": "discounts", "subtopic": "buy_n_get_m", "prompt": "Buy 4 get 1 free on items priced $5.12 each. You take 6 total. About how much do you pay?", "split": "train", "exact_value": 25.6}
{"id": "discounts_000124", "topic": "discounts", "subtopic": "stacked", "prompt": "Stacked deal: 20% off, then $5 coupon if you spend $50 or more. Cart: $21.49, $4.67, $8.06, $15.31, $20.52, $19.90. About how much do you pay?", "split": "train", "exact_value": 66.96}
{"id": "discounts_000125", "topic": "discounts", "subtopic": "buy_n_get_m", "prompt": "Buy 4 get 1 free on items priced $7.54 each. You take 8 total. About how much do you pay?", "split": "train", "exact_value": 52.78}
{"id": "discounts_000126", "topic": "discounts", "subtopic": "stacked", "prompt": "Stacked deal: 15% off, then $10 coupon if you spend $30 or more. Cart: $24.96, $21.76, $21.85, $21.11, $23.82. About how much do you pay?", "split": "train", "exact_value": 86.48}
{"id": "discounts_000127", "topic": "discounts", "subtopic": "buy_n_get_m", "prompt": "Buy 4 get 3 free on items priced $5.87 each. You take 11 total. About how much do you pay?", "split": "train", "exact_value": 46.96}
{"id": "discounts_000128", "topic": "discounts", "subtopic": "percent", "prompt": "Cart: $15.47, $33.80, $48.68, $30.18, $13.68. A 10% discount applies to everything. About how much do you pay?", "split": "train", "exact_value": 127.63}
{"id": "discounts_000129", "topic": "discounts", "subtopic": "stacked", "prompt": "Stacked deal: 10% off, then $5 coupon if you spend $50 or more. Cart: $9.30, $26.26, $25.92, $34.11, $8.46, $28.18. About how much do you pay?", "split": "train", "exact_value": 114.01}
{"id": "discounts_000130", "topic": "discounts", "subtopic": "bogo", "prompt": "BOGO sale (buy one, get one free; free item is the cheaper one in each pair). Items: $11.85, $11.33. About how much do you pay?", "split": "train", "exact_value": 11.85}
{"id": "discounts_000131", "topic": "discounts", "subtopic": "threshold", "prompt": "Threshold coupon applies: $15 off $25+ spend. Cart: $18.76, $31.89, $37.13. About how much do you pay?", "split": "train", "exact_value": 72.78}
{"id": "discounts_000132", "topic": "discounts", "subtopic": "bogo", "prompt": "BOGO sale (buy one, get one free; free item is the cheaper one in each pair). Items: $17.05, $13.84, $9.13, $8.86, $6.36, $5.56. About how much do you pay?", "split": "train", "exact_value": 32.54}
{"id": "discounts_000133", "topic": "discounts", "subtopic": "stacked", "prompt": "Stacked deal: 15% off, then $10 coupon if you spend $50 or more. Cart: $23.20, $28.00, $35.09, $28.18, $32.73. About how much do you pay?", "split": "train", "exact_value": 115.12}
{"id": "discounts_000134", "topic": "discounts", "subtopic": "bogo", "prompt": "BOGO sale (buy one, get one free; free item is the cheaper one in each pair). Items: $23.61, $8.50, $8.05. About how much do you pay?", "split": "train", "exact_value": 31.66}
{"id": "discounts_000135", "topic": "discounts", "subtopic": "buy_n_get_m", "prompt": "Buy 5 get 1 free on items priced $6.50 each. You take 11 total. About how much do you pay?", "split": "train", "exact_value": 65.0}
{"id": "discounts_000136", "topic": "discounts", "subtopic": "threshold", "prompt": "Threshold coupon applies: $5 off $40+ spend. Cart: $21.26, $24.17, $37.63, $29.97. About how much do you pay?", "split": "train", "exact_value": 108.03}
{"id": "discounts_000137", "topic": "discounts", "subtopic": "stacked", "prompt": "Stacked deal: 20% off, then $10 coupon if you spend $30 or more. Cart: $36.13, $17.59, $15.76, $31.59, $8.41, $4.55. About how much do you pay?", "split": "train", "exact_value": 81.22}
{"id": "discounts_000138", "topic": "discounts", "subtopic": "threshold", "prompt": "Threshold coupon applies: $5 off $40+ spend. Cart: $30.89, $11.69, $33.80, $13.75. About how much do you pay?", "split": "train", "exact_value": 85.13}
{"id": "discounts_000139", "topic": "discounts", "subtopic": "percent", "prompt": "Cart: $14.39, $34.47, $27.95. A 15% discount applies to everything. About how much do you pay?", "split": "train", "exact_value": 65.29}
{"id": "discounts_000140", "topic": "discounts", "subtopic": "percent", "prompt": "Cart: $22.42, $36.71. A 10% discount applies to everything. About how much do you pay?", "split": "train", "exact_value": 53.22}
{"id": "discounts_000141", "topic": "discounts", "subtopic": "bogo", "prompt": "BOGO sale (buy one, get one free; free item is the cheaper one in each pair). Items: $24.47, $24.16. About how much do you pay?", "split": "train", "exact_value": 24.47}
{"id": "discounts_000142", "topic": "discounts", "subtopic": "bogo", "prompt": "BOGO sale (buy one, get one free; free item is the cheaper one in each pair). Items: $22.19, $19.25, $16.83, $16.78, $12.67. About how much do you pay?", "split": "train", "exact_value": 51.69}
{"id": "discounts_000143", "topic": "discounts", "subtopic": "buy_n_get_m", "prompt": "Buy 5 get 1 free on items priced $3.58 each. You take 12 total. About how much do you pay?", "split": "train", "exact_value": 35.8}
{"id": "discounts_000144", "topic": "discounts", "subtopic": "percent", "prompt": "Cart: $28.14, $36.98, $47.01. A 15% discount applies to everything. About how much do you pay?", "split": "train", "exact_value": 95.31}
{"id": "discounts_000145", "topic": "discounts", "subtopic": "threshold", "prompt": "Threshold coupon applies: $5 off $50+ spend. Cart: $37.61, $5.30, $34.09. About how much do you pay?", "split": "train", "exact_value": 72.0}
{"id": "discounts_000146", "topic": "discounts", "subtopic": "buy_n_get_m", "prompt": "Buy 3 get 2 free on items priced $7.19 each. You take 9 total. About how much do you pay?", "split": "train", "exact_value": 43.14}
{"id": "discounts_000147", "topic": "discounts", "subtopic": "stacked", "prompt": "Stacked deal: 20% off, then $10 coupon if you spend $50 or more. Cart: $37.34, $15.39, $19.80. About how much do you pay?", "split": "train", "exact_value": 48.02}
{"id": "discounts_000148", "topic": "discounts", "subtopic": "bogo", "prompt": "BOGO sale (buy one, get one free; free item is the cheaper one in each pair). Items: $12.49, $12.27, $7.54, $6.02, $5.31, $4.14. About how much do you pay?", "split": "train", "exact_value": 25.34}
{"id": "discounts_000149", "topic": "discounts", "subtopic": "bogo", "prompt": "BOGO sale (buy one, get one free; free item is the cheaper one in each pair). Items: $20.07, $18.80. About how much do you pay?", "split": "train", "exact_value": 20.07}
{"id": "discounts_000150", "topic": "discounts", "subtopic": "stacked", "prompt": "Stacked deal: 20% off, then $5 coupon if you spend $40 or more. Cart: $9.48, $34.67, $36.18, $33.59. About how much do you pay?", "split": "train", "exact_value": 86.14}
{"id": "discounts_000151", "topic": "discounts", "subtopic": "threshold", "prompt": "Threshold coupon applies: $5 off $40+ spend. Cart: $10.64, $9.05. About how much do you pay?", "split": "train", "exact_value": 19.69}
{"id": "discounts_000152", "topic": "discounts", "subtopic": "percent", "prompt": "Cart: $21.02, $23.99, $15.54, $18.48. A 30% discount applies to everything. About how much do you pay?", "split": "train", "exact_value": 55.32}
{"id": "discounts_000153", "topic": "discounts", "subtopic": "stacked", "prompt": "Stacked deal: 20% off, then $10 coupon if you spend $30 or more. Cart: $12.67, $16.29, $11.73. About how much do you pay?", "split": "train", "exact_value": 22.55}
{"id": "discounts_000154", "topic": "discounts", "subtopic": "buy_n_get_m", "prompt": "Buy 5 get 3 free on items priced $2.53 each. You take 12 total. About how much do you pay?", "split": "train", "exact_value": 22.77}
{"id": "discounts_000155", "topic": "discounts", "subtopic": "percent", "prompt": "Cart: $20.26, $13.37, $47.99, $25.46. A 25% discount applies to everything. About how much do you pay?", "split": "train", "exact_value": 80.31}
{"id": "discounts_000156", "topic": "discounts", "subtopic": "stacked", "prompt": "Stacked deal: 10% off, then $5 coupon if you spend $30 or more. Cart: $18.38, $23.31, $20.41, $22.88, $27.56. About how much do you pay?", "split": "train", "exact_value": 96.29}
{"id": "discounts_000157", "topic": "discounts", "subtopic": "stacked", "prompt": "Stacked deal: 10% off, then $5 coupon if you spend $50 or more. Cart: $22.53, $16.38, $36.93, $7.14, $33.65, $36.40. About how much do you pay?", "split": "train", "exact_value": 132.73}
{"id": "discounts_000158", "topic": "discounts", "subtopic": "bogo", "prompt": "BOGO sale (buy one, get one free; free item is the cheaper one in each pair). Items: $21.57, $18.34, $17.48, $11.87. About how much do you pay?", "split": "train", "exact_value": 39.05}
{"id": "discounts_000159", "topic": "discounts", "subtopic": "threshold", "prompt": "Threshold coupon applies: $10 off $25+ spend. Cart: $36.35, $20.03. About how much do you pay?", "split": "train", "exact_value": 46.38}
{"id": "discounts_000160", "topic": "discounts", "subtopic": "bogo", "prompt": "BOGO sale (buy one, get one free; free item is the cheaper one in each pair). Items: $17.30, $14.74, $14.62, $11.25, $8.73, $2.00. About how much do you pay?", "split": "train", "exact_value": 40.65}
{"id": "discounts_000161", "topic": "discounts", "subtopic": "buy_n_get_m", "prompt": "Buy 5 get 1 free on items priced $6.80 each. You take 10 total. About how much do you pay?", "split": "train", "exact_value": 61.2}
{"id": "discounts_000162", "topic": "discounts", "subtopic": "percent", "prompt": "Cart: $22.90, $35.91. A 30% discount applies to everything. About how much do you pay?", "split": "train", "exact_value": 41.17}
{"id": "discounts_000163", "topic": "discounts", "subtopic": "percent", "prompt": "Cart: $49.34, $25.18. A 20% discount applies to everything. About how much do you pay?", "split": "train", "exact_value": 59.62}
{"id": "discounts_000164", "topic": "discounts", "subtopic": "threshold", "prompt": "Threshold coupon applies: $10 off $50+ spend. Cart: $31.67, $31.56, $39.21. About how much do you pay?", "split": "train", "exact_value": 92.44}
{"id": "discounts_000165", "topic": "discounts", "subtopic": "threshold", "prompt": "Threshold coupon applies: $15 off $30+ spend. Cart: $35.30, $36.63, $17.51, $28.57, $27.81. About how much do you pay?", "split": "train", "exact_value": 130.82}
{"id": "discounts_000166", "topic": "discounts", "subtopic": "buy_n_get_m", "prompt": "Buy 5 get 2 free on items priced $2.26 each. You take 9 total. About how much do you pay?", "split": "train", "exact_value": 15.82}
{"id": "discounts_000167", "topic": "discounts", "subtopic": "bogo", "prompt": "BOGO sale (buy one, get one free; free item is the cheaper one in each pair). Items: $24.48, $19.26. About how much do you pay?", "split": "train", "exact_value": 24.48}
{"id": "discounts_000168", "topic": "discounts", "subtopic": "threshold", "prompt": "Threshold coupon applies: $5 off $25+ spend. Cart: $23.14, $33.63, $12.90, $16.45, $13.91. About how much do you pay?", "split": "train", "exact_value": 95.03}
{"id": "discounts_000169", "topic": "discounts", "subtopic": "threshold", "prompt": "Threshold coupon applies: $10 off $25+ spend. Cart: $12.65, $6.41. About how much do you pay?", "split": "train", "exact_value": 19.06}
{"id": "discounts_000170", "topic": "discounts", "subtopic": "stacked", "prompt": "Stacked deal: 20% off, then $5 coupon if you spend $30 or more. Cart: $12.05, $4.63, $19.23. About how much do you pay?", "split": "train", "exact_value": 28.73}
{"id": "taxes_000000", "topic": "taxes", "subtopic": "pre_discount_tax", "prompt": "Cart: $16.72, $55.27, $36.04, $36.12 with a 10% store discount. Local sales tax is 7.5% (tax calculated before discount). About how much is the total?", "split": "train", "exact_value": 140.55}
{"id": "taxes_000001", "topic": "taxes", "subtopic": "post_discount_tax", "prompt": "Cart: $59.18, $32.94, $26.86. Local sales tax is 7.5% (tax after discount). About how much is the total?", "split": "train", "exact_value": 127.9}
{"id": "taxes_000002", "topic": "taxes", "subtopic": "pre_discount_tax", "prompt": "Cart: $34.90, $6.14, $22.95, $39.84, $25.03 with a 15% store discount. Local sales tax is 8.5% (tax calculated before discount). About how much is the total?", "split": "train", "exact_value": 120.48}
{"id": "taxes_000003", "topic": "taxes", "subtopic": "post_discount_tax", "prompt": "Cart: $11.92, $24.76, $46.11, $30.24, $51.48 with a 10% store discount. Local sales tax is 7.5% (tax after discount). About how much is the total?", "split": "train", "exact_value": 159.16}
{"id": "taxes_000004", "topic": "taxes", "subtopic": "post_discount_tax", "prompt": "Cart: $35.26, $58.17 with a 10% store discount. Local sales tax is 8.5% (tax after discount). About how much is the total?", "split": "train", "exact_value": 91.23}
{"id": "taxes_000005", "topic": "taxes", "subtopic": "post_discount_tax", "prompt": "Cart: $17.90, $22.15, $7.96 with a 15% store discount. Local sales tax is 8.0% (tax after discount). About how much is the total?", "split": "train", "exact_value": 44.07}
{"id": "taxes_000006", "topic": "taxes", "subtopic": "pre_discount_tax", "prompt": "Cart: $6.40, $24.80, $37.67. Local sales tax is 6.0% (tax calculated before discount). About how much is the total?", "split": "train", "exact_value": 73.0}
{"id": "taxes_000007", "topic": "taxes", "subtopic": "pre_discount_tax", "prompt": "Cart: $30.58, $52.62, $22.30 with a 10% store discount. Local sales tax is 6.0% (tax calculated before discount). About how much is the total?", "split": "train", "exact_value": 101.28}
{"id": "taxes_000008", "topic": "taxes", "subtopic": "pre_discount_tax", "prompt": "Cart: $45.69, $46.11 with a 10% store discount. Local sales tax is 7.0% (tax calculated before discount). About how much is the total?", "split": "train", "exact_value": 89.05}
{"id": "taxes_000009", "topic": "taxes", "subtopic": "post_discount_tax", "prompt": "Cart: $34.68, $47.31, $25.00 with a 15% store discount. Local sales tax is 8.5% (tax after discount). About how much is the total?", "split": "train", "exact_value": 98.67}
{"id": "taxes_000010", "topic": "taxes", "subtopic": "post_discount_tax", "prompt": "Cart: $23.81, $53.37, $29.82, $48.85 with a 15% store discount. Local sales tax is 8.0% (tax after discount). About how much is the total?", "split": "train", "exact_value": 143.07}
{"id": "taxes_000011", "topic": "taxes", "subtopic": "pre_discount_tax", "prompt": "Cart: $21.17, $6.07, $52.31, $45.37 with a 15% store discount. Local sales tax is 6.0% (tax calculated before discount). About how much is the total?", "split": "train", "exact_value": 113.68}
{"id": "taxes_000012", "topic": "taxes", "subtopic": "post_discount_tax", "prompt": "Cart: $12.10, $22.13, $24.95, $50.57 with a 15% store discount. Local sales tax is 8.0% (tax after discount). About how much is the total?", "split": "train", "exact_value": 100.75}
{"id": "taxes_000013", "topic": "taxes", "subtopic": "post_discount_tax", "prompt": "Cart: $58.10, $39.75, $31.21, $13.00, $48.41 with a 10% store discount. Local sales tax is 7.0% (tax after discount). About how much is the total?", "split": "train", "exact_value": 183.42}
{"id": "taxes_000014", "topic": "taxes", "subtopic": "post_discount_tax", "prompt": "Cart: $55.29, $34.12, $39.75. Local sales tax is 6.0% (tax after discount). About how much is the total?", "split": "train", "exact_value": 136.91}
{"id": "taxes_000015", "topic": "taxes", "subtopic": "pre_discount_tax", "prompt": "Cart: $46.68, $26.79. Local sales tax is 7.0% (tax calculated before discount). About how much is the total?", "split": "train", "exact_value": 78.61}
{"id": "taxes_000016", "topic": "taxes", "subtopic": "pre_discount_tax", "prompt": "Cart: $15.85, $29.25 with a 20% store discount. Local sales tax is 6.0% (tax calculated before discount). About how much is the total?", "split": "train", "exact_value": 38.79}
{"id": "taxes_000017", "topic": "taxes", "subtopic": "post_discount_tax", "prompt": "Cart: $3.86, $34.66. Local sales tax is 6.0% (tax after discount). About how much is the total?", "split": "train", "exact_value": 40.83}
{"id": "taxes_000018", "topic": "taxes", "subtopic": "post_discount_tax", "prompt": "Cart: $4.46, $49.43, $41.57, $49.04. Local sales tax is 7.0% (tax after discount). About how much is the total?", "split": "train", "exact_value": 154.62}
{"id": "taxes_000019", "topic": "taxes", "subtopic": "pre_discount_tax", "prompt": "Cart: $17.10, $38.51, $17.75 with a 15% store discount. Local sales tax is 7.5% (tax calculated before discount). About how much is the total?", "split": "train", "exact_value": 67.86}
{"id": "taxes_000020", "topic": "taxes", "subtopic": "post_discount_tax", "prompt": "Cart: $24.57, $26.43 with a 10% store discount. Local sales tax is 8.5% (tax after discount). About how much is the total?", "split": "train", "exact_value": 49.8}
{"id": "taxes_000021", "topic": "taxes", "subtopic": "pre_discount_tax", "prompt": "Cart: $42.14, $51.39, $40.43, $51.98. Local sales tax is 6.0% (tax calculated before discount). About how much is the total?", "split": "train", "exact_value": 197.1}
{"id": "taxes_000022", "topic": "taxes", "subtopic": "post_discount_tax", "prompt": "Cart: $24.80, $30.38, $39.47, $43.20, $8.16 with a 15% store discount. Local sales tax is 8.0% (tax after discount). About how much is the total?", "split": "train", "exact_value": 134.04}
{"id": "taxes_000023", "topic": "taxes", "subtopic": "pre_discount_tax", "prompt": "Cart: $16.47, $54.41 with a 20% store discount. Local sales tax is 8.5% (tax calculated before discount). About how much is the total?", "split": "train", "exact_value": 62.73}
{"id": "taxes_000024", "topic": "taxes", "subtopic": "post_discount_tax", "prompt": "Cart: $55.70, $42.16. Local sales tax is 7.5% (tax after discount). About how much is the total?", "split": "train", "exact_value": 105.2}
{"id": "taxes_000025", "topic": "taxes", "subtopic": "pre_discount_tax", "prompt": "Cart: $4.37, $15.19, $11.64, $49.86. Local sales tax is 8.0% (tax calculated before discount). About how much is the total?", "split": "train", "exact_value": 87.54}
{"id": "taxes_000026", "topic": "taxes", "subtopic": "post_discount_tax", "prompt": "Cart: $35.35, $35.51, $51.48 with a 15% store discount. Local sales tax is 8.5% (tax after discount). About how much is the total?", "split": "train", "exact_value": 112.83}
{"id": "taxes_000027", "topic": "taxes", "subtopic": "post_discount_tax", "prompt": "Cart: $48.15, $42.44, $7.92. Local sales tax is 7.5% (tax after discount). About how much is the total?", "split": "train", "exact_value": 105.9}
{"id": "taxes_000028", "topic": "taxes", "subtopic": "pre_discount_tax", "prompt": "Cart: $16.61, $7.79, $37.68, $38.17, $37.14. Local sales tax is 7.5% (tax calculated before discount). About how much is the total?", "split": "train", "exact_value": 147.69}
{"id": "taxes_000029", "topic": "taxes", "subtopic": "post_discount_tax", "prompt": "Cart: $31.21, $23.59, $56.66, $27.89, $41.89. Local sales tax is 8.0% (tax after discount). About how much is the total?", "split": "train", "exact_value": 195.74}
{"id": "taxes_000030", "topic": "taxes", "subtopic": "post_discount_tax", "prompt": "Cart: $43.78, $8.13, $12.20 with a 20% store discount. Local sales tax is 7.0% (tax after discount). About how much is the total?", "split": "train", "exact_value": 54.88}
{"id": "taxes_000031", "topic": "taxes", "subtopic": "post_discount_tax", "prompt": "Cart: $9.51, $3.78, $20.91, $23.83. Local sales tax is 7.5% (tax after discount). About how much is the total?", "split": "train", "exact_value": 62.38}
{"id": "taxes_000032", "topic": "taxes", "subtopic": "pre_discount_tax", "prompt": "Cart: $14.08, $28.85 with a 20% store discount. Local sales tax is 8.5% (tax calculated before discount). About how much is the total?", "split": "train", "exact_value": 37.99}
{"id": "taxes_000033", "topic": "taxes", "subtopic": "pre_discount_tax", "prompt": "Cart: $8.55, $34.80 with a 15% store discount. Local sales tax is 8.5% (tax calculated before discount). About how much is the total?", "split": "train", "exact_value": 40.53}
{"id": "taxes_000034", "topic": "taxes", "subtopic": "post_discount_tax", "prompt": "Cart: $19.98, $25.40 with a 10% store discount. Local sales tax is 6.0% (tax after discount). About how much is the total?", "split": "train", "exact_value": 43.29}
{"id": "taxes_000035", "topic": "taxes", "subtopic": "pre_discount_tax", "prompt": "Cart: $13.07, $18.68, $18.65, $11.74, $12.94 with a 20% store discount. Local sales tax is 7.5% (tax calculated before discount). About how much is the total?", "split": "train", "exact_value": 65.7}
{"id": "taxes_000036", "topic": "taxes", "subtopic": "post_discount_tax", "prompt": "Cart: $47.71, $23.89, $56.84, $44.22, $31.50 with a 10% store discount. Local sales tax is 8.5% (tax after discount). About how much is the total?", "split": "train", "exact_value": 199.36}
{"id": "taxes_000037", "topic": "taxes", "subtopic": "post_discount_tax", "prompt": "Cart: $11.15, $3.87 with a 15% store discount. Local sales tax is 8.0% (tax after discount). About how much is the total?", "split": "train", "exact_value": 13.79}
{"id": "taxes_000038", "topic": "taxes", "subtopic": "post_discount_tax", "prompt": "Cart: $28.36, $27.82, $50.02, $40.27 with a 10% store discount. Local sales tax is 8.5% (tax after discount). About how much is the total?", "split": "train", "exact_value": 143.03}
{"id": "taxes_000039", "topic": "taxes", "subtopic": "post_discount_tax", "prompt": "Cart: $37.57, $42.77, $30.55, $13.53 with a 15% store discount. Local sales tax is 8.0% (tax after discount). About how much is the total?", "split": "train", "exact_value": 114.22}
{"id": "taxes_000040", "topic": "taxes", "subtopic": "post_discount_tax", "prompt": "Cart: $58.17, $47.67, $21.90, $19.33, $47.89. Local sales tax is 7.5% (tax after discount). About how much is the total?", "split": "train", "exact_value": 209.58}
{"id": "taxes_000041", "topic": "taxes", "subtopic": "pre_discount_tax", "prompt": "Cart: $42.01, $34.57, $57.33 with a 10% store discount. Local sales tax is 8.0% (tax calculated before discount). About how much is the total?", "split": "train", "exact_value": 131.23}
{"id": "taxes_000042", "topic": "taxes", "subtopic": "post_discount_tax", "prompt": "Cart: $50.46, $7.40, $51.39, $48.41 with a 10% store discount. Local sales tax is 8.0% (tax after discount). About how much is the total?", "split": "train", "exact_value": 153.25}
{"id": "taxes_000043", "topic": "taxes", "subtopic": "post_discount_tax", "prompt": "Cart: $17.77, $12.20, $27.40. Local sales tax is 8.0% (tax after discount). About how much is the total?", "split": "train", "exact_value": 61.96}
{"id": "taxes_000044", "topic": "taxes", "subtopic": "post_discount_tax", "prompt": "Cart: $36.39, $33.68, $55.67, $52.62, $27.12 with a 15% store discount. Local sales tax is 6.0% (tax after discount). About how much is the total?", "split": "train", "exact_value": 185.14}
{"id": "taxes_000045", "topic": "taxes", "subtopic": "pre_discount_tax", "prompt": "Cart: $46.94, $40.64 with a 10% store discount. Local sales tax is 7.5% (tax calculated before discount). About how much is the total?", "split": "train", "exact_value": 85.39}
{"id": "taxes_000046", "topic": "taxes", "subtopic": "pre_discount_tax", "prompt": "Cart: $58.11, $22.23, $48.48, $9.48, $9.06 with a 10% store discount. Local sales tax is 7.0% (tax calculated before discount). About how much is the total?", "split": "train", "exact_value": 142.94}
{"id": "taxes_000047", "topic": "taxes", "subtopic": "post_discount_tax", "prompt": "Cart: $25.59, $47.13, $36.75, $31.77. Local sales tax is 7.5% (tax after discount). About how much is the total?", "split": "train", "exact_value": 151.83}
{"id": "taxes_000048", "topic": "taxes", "subtopic": "post_discount_tax", "prompt": "Cart: $20.18, $55.50. Local sales tax is 6.0% (tax after discount). About how much is the total?", "split": "train", "exact_value": 80.22}
{"id": "taxes_000049", "topic": "taxes", "subtopic": "pre_discount_tax", "prompt": "Cart: $21.11, $29.22, $15.18, $30.78. Local sales tax is 8.0% (tax calculated before discount). About how much is the total?", "split": "train", "exact_value": 103.99}
{"id": "taxes_000050", "topic": "taxes", "subtopic": "post_discount_tax", "prompt": "Cart: $21.51, $20.45, $49.27, $9.99, $51.47 with a 10% store discount. Local sales tax is 6.0% (tax after discount). About how much is the total?", "split": "train", "exact_value": 145.67}
{"id": "taxes_000051", "topic": "taxes", "subtopic": "pre_discount_tax", "prompt": "Cart: $34.67, $22.19, $27.58 with a 10% store discount. Local sales tax is 8.0% (tax calculated before discount). About how much is the total?", "split": "train", "exact_value": 82.75}
{"id": "taxes_000052", "topic": "taxes", "subtopic": "post_discount_tax", "prompt": "Cart: $14.02, $40.63, $25.84 with a 10% store discount. Local sales tax is 8.5% (tax after discount). About how much is the total?", "split": "train", "exact_value": 78.6}
{"id": "taxes_000053", "topic": "taxes", "subtopic": "post_discount_tax", "prompt": "Cart: $25.46, $43.31, $15.12, $46.00, $49.18. Local sales tax is 6.0% (tax after discount). About how much is the total?", "split": "train", "exact_value": 189.81}
{"id": "taxes_000054", "topic": "taxes", "subtopic": "pre_discount_tax", "prompt": "Cart: $21.91, $29.34, $18.31, $52.23 with a 15% store discount. Local sales tax is 8.5% (tax calculated before discount). About how much is the total?", "split": "train", "exact_value": 113.87}
{"id": "taxes_000055", "topic": "taxes", "subtopic": "post_discount_tax", "prompt": "Cart: $36.66, $23.15, $51.26, $38.37, $49.47. Local sales tax is 7.5% (tax after discount). About how much is the total?", "split": "train", "exact_value": 213.83}
{"id": "taxes_000056", "topic": "taxes", "subtopic": "pre_discount_tax", "prompt": "Cart: $10.15, $20.74, $13.83, $42.67 with a 20% store discount. Local sales tax is 8.5% (tax calculated before discount). About how much is the total?", "split": "train", "exact_value": 77.34}
{"id": "taxes_000057", "topic": "taxes", "subtopic": "post_discount_tax", "prompt": "Cart: $35.97, $27.39, $30.99 with a 10% store discount. Local sales tax is 8.5% (tax after discount). About how much is the total?", "split": "train", "exact_value": 92.13}
{"id": "taxes_000058", "topic": "taxes", "subtopic": "pre_discount_tax", "prompt": "Cart: $19.81, $14.06, $51.06, $38.49, $52.39 with a 20% store discount. Local sales tax is 6.0% (tax calculated before discount). About how much is the total?", "split": "train", "exact_value": 151.2}
{"id": "taxes_000059", "topic": "taxes", "subtopic": "pre_discount_tax", "prompt": "Cart: $49.55, $57.95, $32.05 with a 20% store discount. Local sales tax is 8.0% (tax calculated before discount). About how much is the total?", "split": "train", "exact_value": 122.8}
{"id": "taxes_000060", "topic": "taxes", "subtopic": "post_discount_tax", "prompt": "Cart: $43.61, $28.57, $12.94, $35.43, $48.46 with a 15% store discount. Local sales tax is 7.0% (tax after discount). About how much is the total?", "split": "train", "exact_value": 153.71}
{"id": "taxes_000061", "topic": "taxes", "subtopic": "pre_discount_tax", "prompt": "Cart: $16.19, $19.80, $47.60, $35.45. Local sales tax is 8.0% (tax calculated before discount). About how much is the total?", "split": "train", "exact_value": 128.56}
{"id": "taxes_000062", "topic": "taxes", "subtopic": "pre_discount_tax", "prompt": "Cart: $47.28, $50.01, $24.22, $49.97 with a 20% store discount. Local sales tax is 6.0% (tax calculated before discount). About how much is the total?", "split": "train", "exact_value": 147.47}
{"id": "taxes_000063", "topic": "taxes", "subtopic": "pre_discount_tax", "prompt": "Cart: $9.28, $50.39, $45.94, $20.31, $59.95 with a 15% store discount. Local sales tax is 8.0% (tax calculated before discount). About how much is the total?", "split": "train", "exact_value": 172.86}
{"id": "taxes_000064", "topic": "taxes", "subtopic": "post_discount_tax", "prompt": "Cart: $28.30, $59.65 with a 10% store discount. Local sales tax is 7.0% (tax after discount). About how much is the total?", "split": "train", "exact_value": 84.7}
{"id": "taxes_000065", "topic": "taxes", "subtopic": "post_discount_tax", "prompt": "Cart: $12.87, $11.36, $15.16, $15.18, $6.84 with a 15% store discount. Local sales tax is 7.5% (tax after discount). About how much is the total?", "split": "train", "exact_value": 56.11}
{"id": "taxes_000066", "topic": "taxes", "subtopic": "pre_discount_tax", "prompt": "Cart: $58.80, $20.02, $35.85, $57.30. Local sales tax is 8.5% (tax calculated before discount). About how much is the total?", "split": "train", "exact_value": 186.59}
{"id": "taxes_000067", "topic": "taxes", "subtopic": "pre_discount_tax", "prompt": "Cart: $55.40, $59.57, $52.48, $10.66, $52.42 with a 10% store discount. Local sales tax is 7.0% (tax calculated before discount). About how much is the total?", "split": "train", "exact_value": 223.61}
{"id": "taxes_000068", "topic": "taxes", "subtopic": "post_discount_tax", "prompt": "Cart: $46.51, $41.70, $31.14 with a 15% store discount. Local sales tax is 8.5% (tax after discount). About how much is the total?", "split": "train", "exact_value": 110.07}
{"id": "taxes_000069", "topic": "taxes", "subtopic": "post_discount_tax", "prompt": "Cart: $29.03, $39.29, $53.22, $8.75, $32.62 with a 15% store discount. Local sales tax is 7.5% (tax after discount). About how much is the total?", "split": "train", "exact_value": 148.86}
{"id": "taxes_000070", "topic": "taxes", "subtopic": "post_discount_tax", "prompt": "Cart: $21.98, $3.63, $47.23, $44.89, $44.79 with a 15% store discount. Local sales tax is 8.0% (tax after discount). About how much is the total?", "split": "train", "exact_value": 149.19}
{"id": "taxes_000071", "topic": "taxes", "subtopic": "pre_discount_tax", "prompt": "Cart: $15.80, $27.76, $15.46, $18.66, $50.29 with a 10% store discount. Local sales tax is 7.5% (tax calculated before discount). About how much is the total?", "split": "train", "exact_value": 124.77}
{"id": "taxes_000072", "topic": "taxes", "subtopic": "post_discount_tax", "prompt": "Cart: $54.01, $46.56, $6.09, $38.87. Local sales tax is 8.0% (tax after discount). About how much is the total?", "split": "train", "exact_value": 157.17}
{"id": "taxes_000073", "topic": "taxes", "subtopic": "pre_discount_tax", "prompt": "Cart: $28.42, $3.53, $57.62 with a 10% store discount. Local sales tax is 7.0% (tax calculated before discount). About how much is the total?", "split": "train", "exact_value": 86.88}
{"id": "taxes_000074", "topic": "taxes", "subtopic": "post_discount_tax", "prompt": "Cart: $52.89, $53.02, $8.76 with a 15% store discount. Local sales tax is 7.5% (tax after discount). About how much is the total?", "split": "train", "exact_value": 104.78}
{"id": "taxes_000075", "topic": "taxes", "subtopic": "pre_discount_tax", "prompt": "Cart: $41.03, $40.15, $6.42, $38.84 with a 20% store discount. Local sales tax is 7.0% (tax calculated before discount). About how much is the total?", "split": "train", "exact_value": 110.0}
{"id": "taxes_000076", "topic": "taxes", "subtopic": "pre_discount_tax", "prompt": "Cart: $3.55, $30.43 with a 10% store discount. Local sales tax is 7.0% (tax calculated before discount). About how much is the total?", "split": "train", "exact_value": 32.96}
{"id": "taxes_000077", "topic": "taxes", "subtopic": "post_discount_tax", "prompt": "Cart: $3.95, $22.90 with a 20% store discount. Local sales tax is 6.0% (tax after discount). About how much is the total?", "split": "train", "exact_value": 22.77}
{"id": "taxes_000078", "topic": "taxes", "subtopic": "pre_discount_tax", "prompt": "Cart: $7.49, $25.13, $44.78, $9.28, $21.19 with a 10% store discount. Local sales tax is 7.5% (tax calculated before discount). About how much is the total?", "split": "train", "exact_value": 105.17}
{"id": "taxes_000079", "topic": "taxes", "subtopic": "post_discount_tax", "prompt": "Cart: $39.74, $41.75, $7.36. Local sales tax is 8.5% (tax after discount). About how much is the total?", "split": "train", "exact_value": 96.4}
{"id": "taxes_000080", "topic": "taxes", "subtopic": "pre_discount_tax", "prompt": "Cart: $23.33, $15.53, $45.77, $55.46, $38.30 with a 10% store discount. Local sales tax is 8.0% (tax calculated before discount). About how much is the total?", "split": "train", "exact_value": 174.82}
{"id": "taxes_000081", "topic": "taxes", "subtopic": "pre_discount_tax", "prompt": "Cart: $11.40, $10.45 with a 15% store discount. Local sales tax is 8.0% (tax calculated before discount). About how much is the total?", "split": "train", "exact_value": 20.32}
{"id": "taxes_000082", "topic": "taxes", "subtopic": "post_discount_tax", "prompt": "Cart: $48.19, $17.49, $39.91, $17.51 with a 15% store discount. Local sales tax is 8.5% (tax after discount). About how much is the total?", "split": "train", "exact_value": 113.53}
{"id": "taxes_000083", "topic": "taxes", "subtopic": "pre_discount_tax", "prompt": "Cart: $15.10, $37.78, $14.15, $25.62 with a 10% store discount. Local sales tax is 6.0% (tax calculated before discount). About how much is the total?", "split": "train", "exact_value": 88.94}
{"id": "taxes_000084", "topic": "taxes", "subtopic": "post_discount_tax", "prompt": "Cart: $9.86, $31.72, $37.05, $33.34, $58.73 with a 15% store discount. Local sales tax is 7.5% (tax after discount). About how much is the total?", "split": "train", "exact_value": 155.98}
{"id": "taxes_000085", "topic": "taxes", "subtopic": "pre_discount_tax", "prompt": "Cart: $52.13, $35.60, $24.14, $42.08, $46.58. Local sales tax is 6.0% (tax calculated before discount). About how much is the total?", "split": "train", "exact_value": 212.56}
{"id": "taxes_000086", "topic": "taxes", "subtopic": "pre_discount_tax", "prompt": "Cart: $18.30, $5.74 with a 20% store discount. Local sales tax is 6.0% (tax calculated before discount). About how much is the total?", "split": "train", "exact_value": 20.67}
{"id": "taxes_000087", "topic": "taxes", "subtopic": "post_discount_tax", "prompt": "Cart: $27.42, $26.22, $39.68, $33.87, $12.12 with a 15% store discount. Local sales tax is 6.0% (tax after discount). About how much is the total?", "split": "train", "exact_value": 125.52}
{"id": "taxes_000088", "topic": "taxes", "subtopic": "pre_discount_tax", "prompt": "Cart: $58.54, $12.27, $21.95. Local sales tax is 8.5% (tax calculated before discount). About how much is the total?", "split": "train", "exact_value": 100.64}
{"id": "taxes_000089", "topic": "taxes", "subtopic": "post_discount_tax", "prompt": "Cart: $44.73, $51.32, $6.76, $8.36, $28.04. Local sales tax is 8.0% (tax after discount). About how much is the total?", "split": "train", "exact_value": 150.35}
{"id": "taxes_000090", "topic": "taxes", "subtopic": "post_discount_tax", "prompt": "Cart: $10.24, $43.49, $43.12 with a 20% store discount. Local sales tax is 7.0% (tax after discount). About how much is the total?", "split": "train", "exact_value": 82.9}
{"id": "taxes_000091", "topic": "taxes", "subtopic": "post_discount_tax", "prompt": "Cart: $12.92, $10.66, $47.62, $18.68. Local sales tax is 6.0% (tax after discount). About how much is the total?", "split": "train", "exact_value": 95.27}
{"id": "taxes_000092", "topic": "taxes", "subtopic": "post_discount_tax", "prompt": "Cart: $18.86, $7.10, $43.74, $36.07, $7.84 with a 15% store discount. Local sales tax is 8.0% (tax after discount). About how much is the total?", "split": "train", "exact_value": 104.29}
{"id": "taxes_000093", "topic": "taxes", "subtopic": "pre_discount_tax", "prompt": "Cart: $52.04, $12.92, $12.38, $47.18, $54.02 with a 10% store discount. Local sales tax is 6.0% (tax calculated before discount). About how much is the total?", "split": "train", "exact_value": 171.4}
{"id": "taxes_000094", "topic": "taxes", "subtopic": "pre_discount_tax", "prompt": "Cart: $52.01, $4.18 with a 20% store discount. Local sales tax is 6.0% (tax calculated before discount). About how much is the total?", "split": "train", "exact_value": 48.32}
{"id": "taxes_000095", "topic": "taxes", "subtopic": "post_discount_tax", "prompt": "Cart: $55.48, $13.60, $57.75, $5.49, $48.87 with a 10% store discount. Local sales tax is 8.0% (tax after discount). About how much is the total?", "split": "train", "exact_value": 176.12}
{"id": "taxes_000096", "topic": "taxes", "subtopic": "post_discount_tax", "prompt": "Cart: $27.01, $44.19, $18.82 with a 15% store discount. Local sales tax is 6.0% (tax after discount). About how much is the total?", "split": "train", "exact_value": 81.11}
{"id": "taxes_000097", "topic": "taxes", "subtopic": "pre_discount_tax", "prompt": "Cart: $13.62, $48.94 with a 20% store discount. Local sales tax is 6.0% (tax calculated before discount). About how much is the total?", "split": "train", "exact_value": 53.8}
{"id": "taxes_000098", "topic": "taxes", "subtopic": "pre_discount_tax", "prompt": "Cart: $52.42, $47.19, $21.04, $8.37, $29.30 with a 10% store discount. Local sales tax is 7.5% (tax calculated before discount). About how much is the total?", "split": "train", "exact_value": 154.36}
{"id": "taxes_000099", "topic": "taxes", "subtopic": "post_discount_tax", "prompt": "Cart: $45.28, $17.20, $24.30, $58.40 with a 10% store discount. Local sales tax is 7.0% (tax after discount). About how much is the total?", "split": "train", "exact_value": 139.81}
{"id": "taxes_000100", "topic": "taxes", "subtopic": "pre_discount_tax", "prompt": "Cart: $56.17, $4.84 with a 15% store discount. Local sales tax is 8.5% (tax calculated before discount). About how much is the total?", "split": "train", "exact_value": 57.04}
{"id": "taxes_000101", "topic": "taxes", "subtopic": "pre_discount_tax", "prompt": "Cart: $3.57, $40.63, $51.46, $44.58 with a 10% store discount. Local sales tax is 6.0% (tax calculated before discount). About how much is the total?", "split": "train", "exact_value": 134.63}
{"id": "taxes_000102", "topic": "taxes", "subtopic": "pre_discount_tax", "prompt": "Cart: $31.29, $6.87, $59.82, $43.70, $8.75 with a 20% store discount. Local sales tax is 7.0% (tax calculated before discount). About how much is the total?", "split": "train", "exact_value": 130.87}
{"id": "taxes_000103", "topic": "taxes", "subtopic": "post_discount_tax", "prompt": "Cart: $58.55, $8.29, $8.89, $11.03, $49.82. Local sales tax is 6.0% (tax after discount). About how much is the total?", "split": "train", "exact_value": 144.77}
{"id": "taxes_000104", "topic": "taxes", "subtopic": "post_discount_tax", "prompt": "Cart: $16.87, $18.24, $21.29 with a 15% store discount. Local sales tax is 8.0% (tax after discount). About how much is the total?", "split": "train", "exact_value": 51.78}
{"id": "taxes_000105", "topic": "taxes", "subtopic": "post_discount_tax", "prompt": "Cart: $18.86, $7.71, $14.94, $47.56, $36.53. Local sales tax is 7.0% (tax after discount). About how much is the total?", "split": "train", "exact_value": 134.39}
{"id": "taxes_000106", "topic": "taxes", "subtopic": "pre_discount_tax", "prompt": "Cart: $29.82, $26.46, $33.77, $57.99, $15.22 with a 20% store discount. Local sales tax is 7.5% (tax calculated before discount). About how much is the total?", "split": "train", "exact_value": 142.85}
{"id": "taxes_000107", "topic": "taxes", "subtopic": "post_discount_tax", "prompt": "Cart: $8.60, $49.12. Local sales tax is 7.5% (tax after discount). About how much is the total?", "split": "train", "exact_value": 62.05}
{"id": "taxes_000108", "topic": "taxes", "subtopic": "pre_discount_tax", "prompt": "Cart: $11.87, $43.67, $58.20, $25.88 with a 15% store discount. Local sales tax is 6.0% (tax calculated before discount). About how much is the total?", "split": "train", "exact_value": 127.05}
{"id": "taxes_000109", "topic": "taxes", "subtopic": "post_discount_tax", "prompt": "Cart: $5.25, $26.34, $29.04 with a 10% store discount. Local sales tax is 8.5% (tax after discount). About how much is the total?", "split": "train", "exact_value": 59.21}
{"id": "taxes_000110", "topic": "taxes", "subtopic": "pre_discount_tax", "prompt": "Cart: $9.25, $48.34, $10.35, $6.97, $47.61 with a 10% store discount. Local sales tax is 7.0% (tax calculated before discount). About how much is the total?", "split": "train", "exact_value": 118.84}
{"id": "taxes_000111", "topic": "taxes", "subtopic": "pre_discount_tax", "prompt": "Cart: $24.52, $39.10, $39.91, $36.39, $18.11. Local sales tax is 6.0% (tax calculated before discount). About how much is the total?", "split": "train", "exact_value": 167.51}
{"id": "taxes_000112", "topic": "taxes", "subtopic": "pre_discount_tax", "prompt": "Cart: $54.48, $28.54, $10.77. Local sales tax is 7.5% (tax calculated before discount). About how much is the total?", "split": "train", "exact_value": 100.82}
{"id": "taxes_000113", "topic": "taxes", "subtopic": "pre_discount_tax", "prompt": "Cart: $6.35, $55.70, $27.96, $44.42, $31.52 with a 20% store discount. Local sales tax is 8.0% (tax calculated before discount). About how much is the total?", "split": "train", "exact_value": 146.04}
{"id": "taxes_000114", "topic": "taxes", "subtopic": "pre_discount_tax", "prompt": "Cart: $15.62, $14.06, $19.30, $53.40 with a 10% store discount. Local sales tax is 6.0% (tax calculated before discount). About how much is the total?", "split": "train", "exact_value": 98.28}
{"id": "taxes_000115", "topic": "taxes", "subtopic": "post_discount_tax", "prompt": "Cart: $26.77, $34.60, $6.94, $19.30, $11.24 with a 10% store discount. Local sales tax is 7.0% (tax after discount). About how much is the total?", "split": "train", "exact_value": 95.19}
{"id": "taxes_000116", "topic": "taxes", "subtopic": "pre_discount_tax", "prompt": "Cart: $47.67, $23.78, $34.26, $30.87, $55.06 with a 15% store discount. Local sales tax is 8.5% (tax calculated before discount). About how much is the total?", "split": "train", "exact_value": 179.18}
{"id": "taxes_000117", "topic": "taxes", "subtopic": "post_discount_tax", "prompt": "Cart: $13.65, $21.51, $15.86, $54.10. Local sales tax is 7.5% (tax after discount). About how much is the total?", "split": "train", "exact_value": 113.0}
{"id": "taxes_000118", "topic": "taxes", "subtopic": "post_discount_tax", "prompt": "Cart: $46.82, $59.97, $58.52, $9.15 with a 15% store discount. Local sales tax is 7.0% (tax after discount). About how much is the total?", "split": "train", "exact_value": 158.67}
{"id": "taxes_000119", "topic": "taxes", "subtopic": "pre_discount_tax", "prompt": "Cart: $36.02, $59.01, $25.44 with a 10% store discount. Local sales tax is 7.0% (tax calculated before discount). About how much is the total?", "split": "train", "exact_value": 116.86}
{"id": "taxes_000120", "topic": "taxes", "subtopic": "pre_discount_tax", "prompt": "Cart: $49.04, $42.91, $55.13, $5.08 with a 10% store discount. Local sales tax is 7.5% (tax calculated before discount). About how much is the total?", "split": "train", "exact_value": 148.36}
{"id": "taxes_000121", "topic": "taxes", "subtopic": "pre_discount_tax", "prompt": "Cart: $34.12, $13.41, $5.63, $6.66, $37.48 with a 20% store discount. Local sales tax is 6.0% (tax calculated before discount). About how much is the total?", "split": "train", "exact_value": 83.68}
{"id": "units_000000", "topic": "units", "subtopic": "lb_oz", "prompt": "You buy 3.88 lb at $6.97 per lb. About how much is that total?", "split": "train", "exact_value": 27.04}
{"id": "units_000001", "topic": "units", "subtopic": "lb_oz", "prompt": "You buy 1.48 lb at $7.08 per lb. About how much is that total?", "split": "train", "exact_value": 10.48}
{"id": "units_000002", "topic": "units", "subtopic": "kg_g", "prompt": "An item costs $4.94 per kg. You take 300 g. About how much is that?", "split": "train", "exact_value": 1.48}
{"id": "units_000003", "topic": "units", "subtopic": "lb_oz", "prompt": "You buy 5.16 lb at $12.28 per lb. About how much is that total?", "split": "train", "exact_value": 63.36}
{"id": "units_000004", "topic": "units", "subtopic": "kg_g", "prompt": "An item costs $19.36 per kg. You take 350 g. About how much is that?", "split": "train", "exact_value": 6.78}
{"id": "units_000005", "topic": "units", "subtopic": "kg_g", "prompt": "An item costs $13.37 per kg. You take 350 g. About how much is that?", "split": "train", "exact_value": 4.68}
{"id": "units_000006", "topic": "units", "subtopic": "kg_g", "prompt": "An item costs $9.15 per kg. You take 300 g. About how much is that?", "split": "train", "exact_value": 2.75}
{"id": "units_000007", "topic": "units", "subtopic": "kg_g", "prompt": "An item costs $16.66 per kg. You take 400 g. About how much is that?", "split": "train", "exact_value": 6.66}
{"id": "units_000008", "topic": "units", "subtopic": "kg_g", "prompt": "An item costs $6.78 per kg. You take 500 g. About how much is that?", "split": "train", "exact_value": 3.39}
{"id": "units_000009", "topic": "units", "subtopic": "kg_g", "prompt": "An item costs $7.56 per kg. You take 500 g. About how much is that?", "split": "train", "exact_value": 3.78}
{"id": "units_000010", "topic": "units", "subtopic": "lb_oz", "prompt": "You buy 4.54 lb at $7.53 per lb. About how much is that total?", "split": "train", "exact_value": 34.19}
{"id": "units_000011", "topic": "units", "subtopic": "kg_g", "prompt": "An item costs $6.03 per kg. You take 750 g. About how much is that?", "split": "train", "exact_value": 4.52}
{"id": "units_000012", "topic": "units", "subtopic": "lb_oz", "prompt": "You buy 5.72 lb at $14.38 per lb. About how much is that total?", "split": "train", "exact_value": 82.25}
{"id": "units_000013", "topic": "units", "subtopic": "kg_g", "prompt": "An item costs $17.60 per kg. You take 900 g. About how much is that?", "split": "train", "exact_value": 15.84}
{"id": "units_000014", "topic": "units", "subtopic": "lb_oz", "prompt": "You buy 2.25 lb at $5.17 per lb. About how much is that total?", "split": "train", "exact_value": 11.63}
{"id": "units_000015", "topic": "units", "subtopic": "lb_oz", "prompt": "You buy 1.07 lb at $10.67 per lb. About how much is that total?", "split": "train", "exact_value": 11.42}
{"id": "units_000016", "topic": "units", "subtopic": "kg_g", "prompt": "An item costs $6.24 per kg. You take 750 g. About how much is that?", "split": "train", "exact_value": 4.68}
{"id": "units_000017", "topic": "units", "subtopic": "lb_oz", "prompt": "You buy 5.9 lb at $5.85 per lb. About how much is that total?", "split": "train", "exact_value": 34.52}
{"id": "units_000018", "topic": "units", "subtopic": "lb_oz", "prompt": "You buy 5.8 lb at $10.62 per lb. About how much is that total?", "split": "train", "exact_value": 61.6}
{"id": "units_000019", "topic": "units", "subtopic": "kg_g", "prompt": "An item costs $11.14 per kg. You take 350 g. About how much is that?", "split": "train", "exact_value": 3.9}
{"id": "units_000020", "topic": "units", "subtopic": "lb_oz", "prompt": "You buy 0.87 lb at $5.98 per lb. About how much is that total?", "split": "train", "exact_value": 5.2}
{"id": "units_000021", "topic": "units", "subtopic": "kg_g", "prompt": "An item costs $16.58 per kg. You take 750 g. About how much is that?", "split": "train", "exact_value": 12.44}
{"id": "units_000022", "topic": "units", "subtopic": "lb_oz", "prompt": "You buy 2.91 lb at $3.57 per lb. About how much is that total?", "split": "train", "exact_value": 10.39}
{"id": "units_000023", "topic": "units", "subtopic": "kg_g", "prompt": "An item costs $19.50 per kg. You take 400 g. About how much is that?", "split": "train", "exact_value": 7.8}
{"id": "units_000024", "topic": "units", "subtopic": "kg_g", "prompt": "An item costs $18.10 per kg. You take 350 g. About how much is that?", "split": "train", "exact_value": 6.34}
{"id": "units_000025", "topic": "units", "subtopic": "kg_g", "prompt": "An item costs $5.61 per kg. You take 400 g. About how much is that?", "split": "train", "exact_value": 2.24}
{"id": "units_000026", "topic": "units", "subtopic": "lb_oz", "prompt": "You buy 0.91 lb at $4.94 per lb. About how much is that total?", "split": "train", "exact_value": 4.5}
{"id": "units_000027", "topic": "units", "subtopic": "lb_oz", "prompt": "You buy 2.25 lb at $6.53 per lb. About how much is that total?", "split": "train", "exact_value": 14.69}
{"id": "units_000028", "topic": "units", "subtopic": "lb_oz", "prompt": "You buy 1.44 lb at $3.88 per lb. About how much is that total?", "split": "train", "exact_value": 5.59}
{"id": "units_000029", "topic": "units", "subtopic": "kg_g", "prompt": "An item costs $6.56 per kg. You take 250 g. About how much is that?", "split": "train", "exact_value": 1.64}
{"id": "units_000030", "topic": "units", "subtopic": "lb_oz", "prompt": "You buy 5.92 lb at $7.05 per lb. About how much is that total?", "split": "train", "exact_value": 41.74}
{"id": "units_000031", "topic": "units", "subtopic": "kg_g", "prompt": "An item costs $15.26 per kg. You take 400 g. About how much is that?", "split": "train", "exact_value": 6.1}
{"id": "units_000032", "topic": "units", "subtopic": "lb_oz", "prompt": "You buy 2.89 lb at $10.28 per lb. About how much is that total?", "split": "train", "exact_value": 29.71}
{"id": "units_000033", "topic": "units", "subtopic": "lb_oz", "prompt": "You buy 1.63 lb at $4.21 per lb. About how much is that total?", "split": "train", "exact_value": 6.86}
{"id": "units_000034", "topic": "units", "subtopic": "lb_oz", "prompt": "You buy 3.55 lb at $7.90 per lb. About how much is that total?", "split": "train", "exact_value": 28.05}
{"id": "units_000035", "topic": "units", "subtopic": "kg_g", "prompt": "An item costs $14.56 per kg. You take 350 g. About how much is that?", "split": "train", "exact_value": 5.1}
{"id": "units_000036", "topic": "units", "subtopic": "lb_oz", "prompt": "You buy 2.66 lb at $4.14 per lb. About how much is that total?", "split": "train", "exact_value": 11.01}
{"id": "units_000037", "topic": "units", "subtopic": "kg_g", "prompt": "An item costs $6.45 per kg. You take 350 g. About how much is that?", "split": "train", "exact_value": 2.26}
{"id": "units_000038", "topic": "units", "subtopic": "lb_oz", "prompt": "You buy 2.12 lb at $8.12 per lb. About how much is that total?", "split": "train", "exact_value": 17.21}
{"id": "units_000039", "topic": "units", "subtopic": "kg_g", "prompt": "An item costs $7.18 per kg. You take 250 g. About how much is that?", "split": "train", "exact_value": 1.8}
{"id": "units_000040", "topic": "units", "subtopic": "lb_oz", "prompt": "You buy 2.1 lb at $5.04 per lb. About how much is that total?", "split": "train", "exact_value": 10.58}
{"id": "units_000041", "topic": "units", "subtopic": "lb_oz", "prompt": "You buy 1.14 lb at $8.67 per lb. About how much is that total?", "split": "train", "exact_value": 9.88}
{"id": "units_000042", "topic": "units", "subtopic": "kg_g", "prompt": "An item costs $11.53 per kg. You take 750 g. About how much is that?", "split": "train", "exact_value": 8.65}
{"id": "units_000043", "topic": "units", "subtopic": "kg_g", "prompt": "An item costs $5.45 per kg. You take 500 g. About how much is that?", "split": "train", "exact_value": 2.73}
{"id": "units_000044", "topic": "units", "subtopic": "kg_g", "prompt": "An item costs $6.95 per kg. You take 400 g. About how much is that?", "split": "train", "exact_value": 2.78}
{"id": "units_000045", "topic": "units", "subtopic": "kg_g", "prompt": "An item costs $6.98 per kg. You take 250 g. About how much is that?", "split": "train", "exact_value": 1.75}
{"id": "units_000046", "topic": "units", "subtopic": "kg_g", "prompt": "An item costs $11.03 per kg. You take 350 g. About how much is that?", "split": "train", "exact_value": 3.86}
{"id": "units_000047", "topic": "units", "subtopic": "lb_oz", "prompt": "You buy 3.6 lb at $13.03 per lb. About how much is that total?", "split": "train", "exact_value": 46.91}
{"id": "units_000048", "topic": "units", "subtopic": "lb_oz", "prompt": "You buy 4.17 lb at $12.02 per lb. About how much is that total?", "split": "train", "exact_value": 50.12}
{"id": "units_000049", "topic": "units", "subtopic": "lb_oz", "prompt": "You buy 4.94 lb at $11.01 per lb. About how much is that total?", "split": "train", "exact_value": 54.39}
{"id": "units_000050", "topic": "units", "subtopic": "kg_g", "prompt": "An item costs $19.52 per kg. You take 500 g. About how much is that?", "split": "train", "exact_value": 9.76}
{"id": "units_000051", "topic": "units", "subtopic": "lb_oz", "prompt": "You buy 5.12 lb at $9.63 per lb. About how much is that total?", "split": "train", "exact_value": 49.31}
{"id": "units_000052", "topic": "units", "subtopic": "kg_g", "prompt": "An item costs $19.44 per kg. You take 750 g. About how much is that?", "split": "train", "exact_value": 14.58}
{"id": "units_000053", "topic": "units", "subtopic": "kg_g", "prompt": "An item costs $13.15 per kg. You take 300 g. About how much is that?", "split": "train", "exact_value": 3.95}
{"id": "units_000054", "topic": "units", "subtopic": "kg_g", "prompt": "An item costs $8.77 per kg. You take 400 g. About how much is that?", "split": "train", "exact_value": 3.51}
{"id": "units_000055", "topic": "units", "subtopic": "lb_oz", "prompt": "You buy 5.45 lb at $9.02 per lb. About how much is that total?", "split": "train", "exact_value": 49.16}
{"id": "units_000056", "topic": "units", "subtopic": "lb_oz", "prompt": "You buy 4.66 lb at $4.43 per lb. About how much is that total?", "split": "train", "exact_value": 20.64}
{"id": "units_000057", "topic": "units", "subtopic": "lb_oz", "prompt": "You buy 1.42 lb at $14.38 per lb. About how much is that total?", "split": "train", "exact_value": 20.42}
{"id": "units_000058", "topic": "units", "subtopic": "lb_oz", "prompt": "You buy 1.19 lb at $12.69 per lb. About how much is that total?", "split": "train", "exact_value": 15.1}
{"id": "units_000059", "topic": "units", "subtopic": "kg_g", "prompt": "An item costs $5.24 per kg. You take 750 g. About how much is that?", "split": "train", "exact_value": 3.93}
{"id": "units_000060", "topic": "units", "subtopic": "kg_g", "prompt": "An item costs $7.22 per kg. You take 900 g. About how much is that?", "split": "train", "exact_value": 6.5}
{"id": "units_000061", "topic": "units", "subtopic": "lb_oz", "prompt": "You buy 1.92 lb at $13.00 per lb. About how much is that total?", "split": "train", "exact_value": 24.96}
{"id": "units_000062", "topic": "units", "subtopic": "lb_oz", "prompt": "You buy 3.56 lb at $4.03 per lb. About how much is that total?", "split": "train", "exact_value": 14.35}
{"id": "units_000063", "topic": "units", "subtopic": "kg_g", "prompt": "An item costs $17.70 per kg. You take 500 g. About how much is that?", "split": "train", "exact_value": 8.85}
{"id": "units_000064", "topic": "units", "subtopic": "kg_g", "prompt": "An item costs $18.66 per kg. You take 250 g. About how much is that?", "split": "train", "exact_value": 4.67}
{"id": "units_000065", "topic": "units", "subtopic": "kg_g", "prompt": "An item costs $5.79 per kg. You take 300 g. About how much is that?", "split": "train", "exact_value": 1.74}
{"id": "units_000066", "topic": "units", "subtopic": "lb_oz", "prompt": "You buy 3.7 lb at $9.79 per lb. About how much is that total?", "split": "train", "exact_value": 36.22}
{"id": "units_000067", "topic": "units", "subtopic": "lb_oz", "prompt": "You buy 3.59 lb at $14.09 per lb. About how much is that total?", "split": "train", "exact_value": 50.58}
{"id": "units_000068", "topic": "units", "subtopic": "lb_oz", "prompt": "You buy 5.27 lb at $12.42 per lb. About how much is that total?", "split": "train", "exact_value": 65.45}
{"id": "units_000069", "topic": "units", "subtopic": "kg_g", "prompt": "An item costs $18.04 per kg. You take 350 g. About how much is that?", "split": "train", "exact_value": 6.31}
{"id": "units_000070", "topic": "units", "subtopic": "kg_g", "prompt": "An item costs $14.47 per kg. You take 500 g. About how much is that?", "split": "train", "exact_value": 7.24}
{"id": "units_000071", "topic": "units", "subtopic": "kg_g", "prompt": "An item costs $4.59 per kg. You take 350 g. About how much is that?", "split": "train", "exact_value": 1.61}
{"id": "units_000072", "topic": "units", "subtopic": "kg_g", "prompt": "An item costs $6.29 per kg. You take 500 g. About how much is that?", "split": "train", "exact_value": 3.15}
{"id": "units_000073", "topic": "units", "subtopic": "kg_g", "prompt": "An item costs $4.61 per kg. You take 350 g. About how much is that?", "split": "train", "exact_value": 1.61}
{"id": "units_000074", "topic": "units", "subtopic": "lb_oz", "prompt": "You buy 3.11 lb at $3.58 per lb. About how much is that total?", "split": "train", "exact_value": 11.13}
{"id": "units_000075", "topic": "units", "subtopic": "kg_g", "prompt": "An item costs $18.34 per kg. You take 250 g. About how much is that?", "split": "train", "exact_value": 4.59}
{"id": "units_000076", "topic": "units", "subtopic": "kg_g", "prompt": "An item costs $17.07 per kg. You take 350 g. About how much is that?", "split": "train", "exact_value": 5.97}
{"id": "units_000077", "topic": "units", "subtopic": "kg_g", "prompt": "An item costs $8.48 per kg. You take 400 g. About how much is that?", "split": "train", "exact_value": 3.39}
{"id": "units_000078", "topic": "units", "subtopic": "lb_oz", "prompt": "You buy 1.75 lb at $14.66 per lb. About how much is that total?", "split": "train", "exact_value": 25.66}
{"id": "units_000079", "topic": "units", "subtopic": "kg_g", "prompt": "An item costs $19.58 per kg. You take 400 g. About how much is that?", "split": "train", "exact_value": 7.83}
{"id": "units_000080", "topic": "units", "subtopic": "kg_g", "prompt": "An item costs $8.30 per kg. You take 400 g. About how much is that?", "split": "train", "exact_value": 3.32}
{"id": "units_000081", "topic": "units", "subtopic": "lb_oz", "prompt": "You buy 1.66 lb at $5.25 per lb. About how much is that total?", "split": "train", "exact_value": 8.72}
{"id": "units_000082", "topic": "units", "subtopic": "kg_g", "prompt": "An item costs $15.85 per kg. You take 900 g. About how much is that?", "split": "train", "exact_value": 14.27}
{"id": "units_000083", "topic": "units", "subtopic": "kg_g", "prompt": "An item costs $17.13 per kg. You take 500 g. About how much is that?", "split": "train", "exact_value": 8.57}
{"id": "units_000084", "topic": "units", "subtopic": "lb_oz", "prompt": "You buy 4.4 lb at $3.78 per lb. About how much is that total?", "split": "train", "exact_value": 16.63}
{"id": "units_000085", "topic": "units", "subtopic": "kg_g", "prompt": "An item costs $6.16 per kg. You take 900 g. About how much is that?", "split": "train", "exact_value": 5.54}
{"id": "units_000086", "topic": "units", "subtopic": "lb_oz", "prompt": "You buy 5.31 lb at $5.07 per lb. About how much is that total?", "split": "train", "exact_value": 26.92}
{"id": "units_000087", "topic": "units", "subtopic": "lb_oz", "prompt": "You buy 1.87 lb at $13.03 per lb. About how much is that total?", "split": "train", "exact_value": 24.37}
{"id": "units_000088", "topic": "units", "subtopic": "kg_g", "prompt": "An item costs $4.80 per kg. You take 350 g. About how much is that?", "split": "train", "exact_value": 1.68}
{"id": "units_000089", "topic": "units", "subtopic": "lb_oz", "prompt": "You buy 5.03 lb at $6.28 per lb. About how much is that total?", "split": "train", "exact_value": 31.59}
{"id": "units_000090", "topic": "units", "subtopic": "kg_g", "prompt": "An item costs $14.16 per kg. You take 250 g. About how much is that?", "split": "train", "exact_value": 3.54}
{"id": "units_000091", "topic": "units", "subtopic": "lb_oz", "prompt": "You buy 3.19 lb at $5.89 per lb. About how much is that total?", "split": "train", "exact_value": 18.79}
{"id": "units_000092", "topic": "units", "subtopic": "kg_g", "prompt": "An item costs $6.83 per kg. You take 900 g. About how much is that?", "split": "train", "exact_value": 6.15}
{"id": "units_000093", "topic": "units", "subtopic": "kg_g", "prompt": "An item costs $13.38 per kg. You take 350 g. About how much is that?", "split": "train", "exact_value": 4.68}
{"id": "units_000094", "topic": "units", "subtopic": "kg_g", "prompt": "An item costs $6.61 per kg. You take 350 g. About how much is that?", "split": "train", "exact_value": 2.31}
{"id": "units_000095", "topic": "units", "subtopic": "lb_oz", "prompt": "You buy 2.63 lb at $6.41 per lb. About how much is that total?", "split": "train", "exact_value": 16.86}
{"id": "units_000096", "topic": "units", "subtopic": "lb_oz", "prompt": "You buy 4.79 lb at $13.24 per lb. About how much is that total?", "split": "train", "exact_value": 63.42}
{"id": "units_000097", "topic": "units", "subtopic": "lb_oz", "prompt": "You buy 4.06 lb at $13.28 per lb. About how much is that total?", "split": "train", "exact_value": 53.92}
{"id": "units_000098", "topic": "units", "subtopic": "lb_oz", "prompt": "You buy 2.75 lb at $6.22 per lb. About how much is that total?", "split": "train", "exact_value": 17.11}
{"id": "units_000099", "topic": "units", "subtopic": "lb_oz", "prompt": "You buy 5.82 lb at $13.37 per lb. About how much is that total?", "split": "train", "exact_value": 77.81}
{"id": "units_000100", "topic": "units", "subtopic": "lb_oz", "prompt": "You buy 1.23 lb at $8.68 per lb. About how much is that total?", "split": "train", "exact_value": 10.68}
{"id": "units_000101", "topic": "units", "subtopic": "lb_oz", "prompt": "You buy 0.55 lb at $10.20 per lb. About how much is that total?", "split": "train", "exact_value": 5.61}
{"id": "units_000102", "topic": "units", "subtopic": "kg_g", "prompt": "An item costs $13.72 per kg. You take 350 g. About how much is that?", "split": "train", "exact_value": 4.8}
{"id": "units_000103", "topic": "units", "subtopic": "kg_g", "prompt": "An item costs $10.77 per kg. You take 400 g. About how much is that?", "split": "train", "exact_value": 4.31}
{"id": "units_000104", "topic": "units", "subtopic": "kg_g", "prompt": "An item costs $11.33 per kg. You take 300 g. About how much is that?", "split": "train", "exact_value": 3.4}
{"id": "units_000105", "topic": "units", "subtopic": "kg_g", "prompt": "An item costs $8.82 per kg. You take 500 g. About how much is that?", "split": "train", "exact_value": 4.41}
{"id": "units_000106", "topic": "units", "subtopic": "kg_g", "prompt": "An item costs $13.34 per kg. You take 250 g. About how much is that?", "split": "train", "exact_value": 3.34}
{"id": "units_000107", "topic": "units", "subtopic": "kg_g", "prompt": "An item costs $12.97 per kg. You take 500 g. About how much is that?", "split": "train", "exact_value": 6.49}
{"id": "units_000108", "topic": "units", "subtopic": "kg_g", "prompt": "An item costs $8.77 per kg. You take 250 g. About how much is that?", "split": "train", "exact_value": 2.19}
{"id": "units_000109", "topic": "units", "subtopic": "kg_g", "prompt": "An item costs $5.01 per kg. You take 350 g. About how much is that?", "split": "train", "exact_value": 1.75}
{"id": "units_000110", "topic": "units", "subtopic": "kg_g", "prompt": "An item costs $17.77 per kg. You take 350 g. About how much is that?", "split": "train", "exact_value": 6.22}
{"id": "units_000111", "topic": "units", "subtopic": "kg_g", "prompt": "An item costs $7.00 per kg. You take 500 g. About how much is that?", "split": "train", "exact_value": 3.5}
{"id": "units_000112", "topic": "units", "subtopic": "lb_oz", "prompt": "You buy 4.93 lb at $13.79 per lb. About how much is that total?", "split": "train", "exact_value": 67.98}
{"id": "units_000113", "topic": "units", "subtopic": "kg_g", "prompt": "An item costs $14.56 per kg. You take 750 g. About how much is that?", "split": "train", "exact_value": 10.92}
{"id": "units_000114", "topic": "units", "subtopic": "lb_oz", "prompt": "You buy 4.1 lb at $11.65 per lb. About how much is that total?", "split": "train", "exact_value": 47.77}
{"id": "units_000115", "topic": "units", "subtopic": "kg_g", "prompt": "An item costs $8.14 per kg. You take 400 g. About how much is that?", "split": "train", "exact_value": 3.26}
{"id": "units_000116", "topic": "units", "subtopic": "kg_g", "prompt": "An item costs $10.20 per kg. You take 250 g. About how much is that?", "split": "train", "exact_value": 2.55}
{"id": "units_000117", "topic": "units", "subtopic": "lb_oz", "prompt": "You buy 4.42 lb at $7.11 per lb. About how much is that total?", "split": "train", "exact_value": 31.43}
{"id": "units_000118", "topic": "units", "subtopic": "kg_g", "prompt": "An item costs $18.49 per kg. You take 750 g. About how much is that?", "split": "train", "exact_value": 13.87}
{"id": "units_000119", "topic": "units", "subtopic": "kg_g", "prompt": "An item costs $12.11 per kg. You take 900 g. About how much is that?", "split": "train", "exact_value": 10.9}
{"id": "units_000120", "topic": "units", "subtopic": "lb_oz", "prompt": "You buy 5.32 lb at $13.08 per lb. About how much is that total?", "split": "train", "exact_value": 69.59}
{"id": "units_000121", "topic": "units", "subtopic": "lb_oz", "prompt": "You buy 3.09 lb at $6.52 per lb. About how much is that total?", "split": "train", "exact_value": 20.15}
{"id": "units_000122", "topic": "units", "subtopic": "kg_g", "prompt": "An item costs $15.59 per kg. You take 500 g. About how much is that?", "split": "train", "exact_value": 7.8}
{"id": "tips_000000", "topic": "tips", "subtopic": "tips_service", "prompt": "Bill is $94.40; service fee 5% and tip 18%. About how much do you pay in total?", "split": "train", "exact_value": 116.96}
{"id": "tips_000001", "topic": "tips", "subtopic": "tips_service", "prompt": "Bill is $109.16; service fee 0% and tip 15%. About how much do you pay in total?", "split": "train", "exact_value": 125.53}
{"id": "tips_000002", "topic": "tips", "subtopic": "tips_service", "prompt": "Bill is $50.37; service fee 3% and tip 20%. About how much do you pay in total?", "split": "train", "exact_value": 62.26}
{"id": "tips_000003", "topic": "tips", "subtopic": "tips_service", "prompt": "Bill is $97.11; service fee 3% and tip 20%. About how much do you pay in total?", "split": "train", "exact_value": 120.03}
{"id": "tips_000004", "topic": "tips", "subtopic": "tips_service", "prompt": "Bill is $40.14; service fee 3% and tip 20%. About how much do you pay in total?", "split": "train", "exact_value": 49.61}
{"id": "tips_000005", "topic": "tips", "subtopic": "tips_service", "prompt": "Bill is $103.93; service fee 0% and tip 22%. About how much do you pay in total?", "split": "train", "exact_value": 126.79}
{"id": "tips_000006", "topic": "tips", "subtopic": "tips_service", "prompt": "Bill is $105.57; service fee 3% and tip 15%. About how much do you pay in total?", "split": "train", "exact_value": 125.05}
{"id": "tips_000007", "topic": "tips", "subtopic": "tips_service", "prompt": "Bill is $108.06; service fee 5% and tip 15%. About how much do you pay in total?", "split": "train", "exact_value": 130.48}
{"id": "tips_000008", "topic": "tips", "subtopic": "tips_service", "prompt": "Bill is $53.22; service fee 3% and tip 20%. About how much do you pay in total?", "split": "train", "exact_value": 65.78}
{"id": "tips_000009", "topic": "tips", "subtopic": "tips_service", "prompt": "Bill is $17.84; service fee 0% and tip 18%. About how much do you pay in total?", "split": "train", "exact_value": 21.05}
{"id": "tips_000010", "topic": "tips", "subtopic": "tips_service", "prompt": "Bill is $119.17; service fee 3% and tip 20%. About how much do you pay in total?", "split": "train", "exact_value": 147.29}
{"id": "tips_000011", "topic": "tips", "subtopic": "tips_service", "prompt": "Bill is $118.62; service fee 0% and tip 22%. About how much do you pay in total?", "split": "train", "exact_value": 144.72}
{"id": "tips_000012", "topic": "tips", "subtopic": "tips_service", "prompt": "Bill is $46.17; service fee 0% and tip 18%. About how much do you pay in total?", "split": "train", "exact_value": 54.48}
{"id": "tips_000013", "topic": "tips", "subtopic": "tips_service", "prompt": "Bill is $64.66; service fee 3% and tip 18%. About how much do you pay in total?", "split": "train", "exact_value": 78.59}
{"id": "tips_000014", "topic": "tips", "subtopic": "tips_service", "prompt": "Bill is $80.53; service fee 3% and tip 15%. About how much do you pay in total?", "split": "train", "exact_value": 95.39}
{"id": "tips_000015", "topic": "tips", "subtopic": "tips_service", "prompt": "Bill is $41.54; service fee 5% and tip 18%. About how much do you pay in total?", "split": "train", "exact_value": 51.47}
{"id": "tips_000016", "topic": "tips", "subtopic": "tips_service", "prompt": "Bill is $94.56; service fee 0% and tip 22%. About how much do you pay in total?", "split": "train", "exact_value": 115.36}
{"id": "tips_000017", "topic": "tips", "subtopic": "tips_service", "prompt": "Bill is $25.98; service fee 5% and tip 22%. About how much do you pay in total?", "split": "train", "exact_value": 33.28}
{"id": "tips_000018", "topic": "tips", "subtopic": "tips_service", "prompt": "Bill is $58.38; service fee 3% and tip 22%. About how much do you pay in total?", "split": "train", "exact_value": 73.36}
{"id": "tips_000019", "topic": "tips", "subtopic": "tips_service", "prompt": "Bill is $53.40; service fee 5% and tip 15%. About how much do you pay in total?", "split": "train", "exact_value": 64.48}
{"id": "tips_000020", "topic": "tips", "subtopic": "tips_service", "prompt": "Bill is $33.54; service fee 0% and tip 20%. About how much do you pay in total?", "split": "train", "exact_value": 40.25}
{"id": "tips_000021", "topic": "tips", "subtopic": "tips_service", "prompt": "Bill is $108.34; service fee 0% and tip 18%. About how much do you pay in total?", "split": "train", "exact_value": 127.84}
{"id": "tips_000022", "topic": "tips", "subtopic": "tips_service", "prompt": "Bill is $85.09; service fee 0% and tip 18%. About how much do you pay in total?", "split": "train", "exact_value": 100.41}
{"id": "tips_000023", "topic": "tips", "subtopic": "tips_service", "prompt": "Bill is $86.90; service fee 3% and tip 20%. About how much do you pay in total?", "split": "train", "exact_value": 107.41}
{"id": "tips_000024", "topic": "tips", "subtopic": "tips_service", "prompt": "Bill is $25.92; service fee 5% and tip 22%. About how much do you pay in total?", "split": "train", "exact_value": 33.2}
{"id": "tips_000025", "topic": "tips", "subtopic": "tips_service", "prompt": "Bill is $75.58; service fee 0% and tip 18%. About how much do you pay in total?", "split": "train", "exact_value": 89.18}
{"id": "tips_000026", "topic": "tips", "subtopic": "tips_service", "prompt": "Bill is $100.98; service fee 3% and tip 20%. About how much do you pay in total?", "split": "train", "exact_value": 124.81}
{"id": "tips_000027", "topic": "tips", "subtopic": "tips_service", "prompt": "Bill is $61.24; service fee 3% and tip 20%. About how much do you pay in total?", "split": "train", "exact_value": 75.69}
{"id": "tips_000028", "topic": "tips", "subtopic": "tips_service", "prompt": "Bill is $107.90; service fee 3% and tip 18%. About how much do you pay in total?", "split": "train", "exact_value": 131.14}
{"id": "tips_000029", "topic": "tips", "subtopic": "tips_service", "prompt": "Bill is $119.58; service fee 3% and tip 22%. About how much do you pay in total?", "split": "train", "exact_value": 150.26}
{"id": "tips_000030", "topic": "tips", "subtopic": "tips_service", "prompt": "Bill is $93.01; service fee 3% and tip 18%. About how much do you pay in total?", "split": "train", "exact_value": 113.04}
{"id": "tips_000031", "topic": "tips", "subtopic": "tips_service", "prompt": "Bill is $14.07; service fee 5% and tip 18%. About how much do you pay in total?", "split": "train", "exact_value": 17.43}
{"id": "tips_000032", "topic": "tips", "subtopic": "tips_service", "prompt": "Bill is $118.37; service fee 5% and tip 18%. About how much do you pay in total?", "split": "train", "exact_value": 146.66}
{"id": "tips_000033", "topic": "tips", "subtopic": "tips_service", "prompt": "Bill is $14.37; service fee 0% and tip 18%. About how much do you pay in total?", "split": "train", "exact_value": 16.96}
{"id": "tips_000034", "topic": "tips", "subtopic": "tips_service", "prompt": "Bill is $51.59; service fee 3% and tip 15%. About how much do you pay in total?", "split": "train", "exact_value": 61.11}
{"id": "tips_000035", "topic": "tips", "subtopic": "tips_service", "prompt": "Bill is $106.67; service fee 5% and tip 20%. About how much do you pay in total?", "split": "train", "exact_value": 134.4}
{"id": "tips_000036", "topic": "tips", "subtopic": "tips_service", "prompt": "Bill is $79.30; service fee 5% and tip 15%. About how much do you pay in total?", "split": "train", "exact_value": 95.75}
{"id": "tips_000037", "topic": "tips", "subtopic": "tips_service", "prompt": "Bill is $23.68; service fee 0% and tip 15%. About how much do you pay in total?", "split": "train", "exact_value": 27.23}
{"id": "tips_000038", "topic": "tips", "subtopic": "tips_service", "prompt": "Bill is $86.49; service fee 3% and tip 22%. About how much do you pay in total?", "split": "train", "exact_value": 108.68}
{"id": "tips_000039", "topic": "tips", "subtopic": "tips_service", "prompt": "Bill is $53.07; service fee 3% and tip 20%. About how much do you pay in total?", "split": "train", "exact_value": 65.59}
{"id": "tips_000040", "topic": "tips", "subtopic": "tips_service", "prompt": "Bill is $87.80; service fee 5% and tip 18%. About how much do you pay in total?", "split": "train", "exact_value": 108.78}
{"id": "tips_000041", "topic": "tips", "subtopic": "tips_service", "prompt": "Bill is $86.06; service fee 3% and tip 15%. About how much do you pay in total?", "split": "train", "exact_value": 101.94}
{"id": "tips_000042", "topic": "tips", "subtopic": "tips_service", "prompt": "Bill is $57.45; service fee 5% and tip 15%. About how much do you pay in total?", "split": "train", "exact_value": 69.37}
{"id": "tips_000043", "topic": "tips", "subtopic": "tips_service", "prompt": "Bill is $68.19; service fee 3% and tip 18%. About how much do you pay in total?", "split": "train", "exact_value": 82.88}
{"id": "tips_000044", "topic": "tips", "subtopic": "tips_service", "prompt": "Bill is $101.71; service fee 5% and tip 15%. About how much do you pay in total?", "split": "train", "exact_value": 122.81}
{"id": "tips_000045", "topic": "tips", "subtopic": "tips_service", "prompt": "Bill is $89.63; service fee 3% and tip 15%. About how much do you pay in total?", "split": "train", "exact_value": 106.17}
{"id": "tips_000046", "topic": "tips", "subtopic": "tips_service", "prompt": "Bill is $24.31; service fee 3% and tip 15%. About how much do you pay in total?", "split": "train", "exact_value": 28.8}
{"id": "tips_000047", "topic": "tips", "subtopic": "tips_service", "prompt": "Bill is $33.45; service fee 3% and tip 18%. About how much do you pay in total?", "split": "train", "exact_value": 40.66}
{"id": "tips_000048", "topic": "tips", "subtopic": "tips_service", "prompt": "Bill is $101.80; service fee 3% and tip 18%. About how much do you pay in total?", "split": "train", "exact_value": 123.73}
{"id": "tips_000049", "topic": "tips", "subtopic": "tips_service", "prompt": "Bill is $87.97; service fee 0% and tip 20%. About how much do you pay in total?", "split": "train", "exact_value": 105.56}
{"id": "tips_000050", "topic": "tips", "subtopic": "tips_service", "prompt": "Bill is $16.26; service fee 0% and tip 22%. About how much do you pay in total?", "split": "train", "exact_value": 19.84}
{"id": "tips_000051", "topic": "tips", "subtopic": "tips_service", "prompt": "Bill is $86.33; service fee 3% and tip 22%. About how much do you pay in total?", "split": "train", "exact_value": 108.48}
{"id": "tips_000052", "topic": "tips", "subtopic": "tips_service", "prompt": "Bill is $37.33; service fee 5% and tip 15%. About how much do you pay in total?", "split": "train", "exact_value": 45.08}
{"id": "tips_000053", "topic": "tips", "subtopic": "tips_service", "prompt": "Bill is $21.61; service fee 5% and tip 15%. About how much do you pay in total?", "split": "train", "exact_value": 26.09}
{"id": "tips_000054", "topic": "tips", "subtopic": "tips_service", "prompt": "Bill is $84.25; service fee 0% and tip 18%. About how much do you pay in total?", "split": "train", "exact_value": 99.42}
{"id": "tips_000055", "topic": "tips", "subtopic": "tips_service", "prompt": "Bill is $96.19; service fee 5% and tip 15%. About how much do you pay in total?", "split": "train", "exact_value": 116.15}
{"id": "tips_000056", "topic": "tips", "subtopic": "tips_service", "prompt": "Bill is $90.15; service fee 5% and tip 20%. About how much do you pay in total?", "split": "train", "exact_value": 113.59}
{"id": "tips_000057", "topic": "tips", "subtopic": "tips_service", "prompt": "Bill is $36.97; service fee 3% and tip 20%. About how much do you pay in total?", "split": "train", "exact_value": 45.69}
{"id": "tips_000058", "topic": "tips", "subtopic": "tips_service", "prompt": "Bill is $62.14; service fee 0% and tip 15%. About how much do you pay in total?", "split": "train", "exact_value": 71.46}
{"id": "tips_000059", "topic": "tips", "subtopic": "tips_service", "prompt": "Bill is $106.41; service fee 3% and tip 20%. About how much do you pay in total?", "split": "train", "exact_value": 131.52}
{"id": "tips_000060", "topic": "tips", "subtopic": "tips_service", "prompt": "Bill is $98.57; service fee 3% and tip 20%. About how much do you pay in total?", "split": "train", "exact_value": 121.83}
{"id": "tips_000061", "topic": "tips", "subtopic": "tips_service", "prompt": "Bill is $91.76; service fee 0% and tip 15%. About how much do you pay in total?", "split": "train", "exact_value": 105.52}
{"id": "tips_000062", "topic": "tips", "subtopic": "tips_service", "prompt": "Bill is $13.04; service fee 5% and tip 18%. About how much do you pay in total?", "split": "train", "exact_value": 16.16}
{"id": "tips_000063", "topic": "tips", "subtopic": "tips_service", "prompt": "Bill is $81.90; service fee 3% and tip 20%. About how much do you pay in total?", "split": "train", "exact_value": 101.23}
{"id": "tips_000064", "topic": "tips", "subtopic": "tips_service", "prompt": "Bill is $108.61; service fee 5% and tip 20%. About how much do you pay in total?", "split": "train", "exact_value": 136.85}
{"id": "tips_000065", "topic": "tips", "subtopic": "tips_service", "prompt": "Bill is $22.04; service fee 0% and tip 20%. About how much do you pay in total?", "split": "train", "exact_value": 26.45}
{"id": "tips_000066", "topic": "tips", "subtopic": "tips_service", "prompt": "Bill is $24.29; service fee 3% and tip 22%. About how much do you pay in total?", "split": "train", "exact_value": 30.52}
{"id": "tips_000067", "topic": "tips", "subtopic": "tips_service", "prompt": "Bill is $41.36; service fee 5% and tip 22%. About how much do you pay in total?", "split": "train", "exact_value": 52.98}
{"id": "tips_000068", "topic": "tips", "subtopic": "tips_service", "prompt": "Bill is $103.87; service fee 5% and tip 22%. About how much do you pay in total?", "split": "train", "exact_value": 133.06}
{"id": "tips_000069", "topic": "tips", "subtopic": "tips_service", "prompt": "Bill is $107.70; service fee 0% and tip 18%. About how much do you pay in total?", "split": "train", "exact_value": 127.09}
{"id": "tips_000070", "topic": "tips", "subtopic": "tips_service", "prompt": "Bill is $26.31; service fee 0% and tip 15%. About how much do you pay in total?", "split": "train", "exact_value": 30.26}
{"id": "tips_000071", "topic": "tips", "subtopic": "tips_service", "prompt": "Bill is $23.20; service fee 5% and tip 22%. About how much do you pay in total?", "split": "train", "exact_value": 29.72}
{"id": "tips_000072", "topic": "tips", "subtopic": "tips_service", "prompt": "Bill is $85.27; service fee 5% and tip 18%. About how much do you pay in total?", "split": "train", "exact_value": 105.65}
{"id": "tips_000073", "topic": "tips", "subtopic": "tips_service", "prompt": "Bill is $53.01; service fee 5% and tip 20%. About how much do you pay in total?", "split": "train", "exact_value": 66.79}
{"id": "tips_000074", "topic": "tips", "subtopic": "tips_service", "prompt": "Bill is $15.11; service fee 3% and tip 18%. About how much do you pay in total?", "split": "train", "exact_value": 18.36}
{"id": "tips_000075", "topic": "tips", "subtopic": "tips_service", "prompt": "Bill is $111.40; service fee 3% and tip 15%. About how much do you pay in total?", "split": "train", "exact_value": 131.95}
{"id": "tips_000076", "topic": "tips", "subtopic": "tips_service", "prompt": "Bill is $59.59; service fee 3% and tip 15%. About how much do you pay in total?", "split": "train", "exact_value": 70.58}
{"id": "tips_000077", "topic": "tips", "subtopic": "tips_service", "prompt": "Bill is $82.74; service fee 5% and tip 15%. About how much do you pay in total?", "split": "train", "exact_value": 99.91}
{"id": "tips_000078", "topic": "tips", "subtopic": "tips_service", "prompt": "Bill is $105.78; service fee 5% and tip 18%. About how much do you pay in total?", "split": "train", "exact_value": 131.06}
{"id": "tips_000079", "topic": "tips", "subtopic": "tips_service", "prompt": "Bill is $106.30; service fee 3% and tip 15%. About how much do you pay in total?", "split": "train", "exact_value": 125.91}
{"id": "tips_000080", "topic": "tips", "subtopic": "tips_service", "prompt": "Bill is $83.47; service fee 3% and tip 18%. About how much do you pay in total?", "split": "train", "exact_value": 101.45}
{"id": "tips_000081", "topic": "tips", "subtopic": "tips_service", "prompt": "Bill is $49.34; service fee 0% and tip 22%. About how much do you pay in total?", "split": "train", "exact_value": 60.19}
{"id": "tips_000082", "topic": "tips", "subtopic": "tips_service", "prompt": "Bill is $102.62; service fee 0% and tip 15%. About how much do you pay in total?", "split": "train", "exact_value": 118.01}
{"id": "tips_000083", "topic": "tips", "subtopic": "tips_service", "prompt": "Bill is $81.49; service fee 5% and tip 18%. About how much do you pay in total?", "split": "train", "exact_value": 100.97}
{"id": "tips_000084", "topic": "tips", "subtopic": "tips_service", "prompt": "Bill is $103.68; service fee 0% and tip 22%. About how much do you pay in total?", "split": "train", "exact_value": 126.49}
{"id": "tips_000085", "topic": "tips", "subtopic": "tips_service", "prompt": "Bill is $20.09; service fee 3% and tip 22%. About how much do you pay in total?", "split": "train", "exact_value": 25.25}
{"id": "tips_000086", "topic": "tips", "subtopic": "tips_service", "prompt": "Bill is $38.02; service fee 0% and tip 20%. About how much do you pay in total?", "split": "train", "exact_value": 45.62}
{"id": "tips_000087", "topic": "tips", "subtopic": "tips_service", "prompt": "Bill is $66.75; service fee 3% and tip 22%. About how much do you pay in total?", "split": "train", "exact_value": 83.88}
{"id": "tips_000088", "topic": "tips", "subtopic": "tips_service", "prompt": "Bill is $100.25; service fee 3% and tip 15%. About how much do you pay in total?", "split": "train", "exact_value": 118.75}
{"id": "tips_000089", "topic": "tips", "subtopic": "tips_service", "prompt": "Bill is $59.97; service fee 0% and tip 22%. About how much do you pay in total?", "split": "train", "exact_value": 73.16}
{"id": "tips_000090", "topic": "tips", "subtopic": "tips_service", "prompt": "Bill is $104.51; service fee 3% and tip 22%. About how much do you pay in total?", "split": "train", "exact_value": 131.33}
{"id": "tips_000091", "topic": "tips", "subtopic": "tips_service", "prompt": "Bill is $24.82; service fee 5% and tip 22%. About how much do you pay in total?", "split": "train", "exact_value": 31.79}
{"id": "tips_000092", "topic": "tips", "subtopic": "tips_service", "prompt": "Bill is $82.56; service fee 3% and tip 15%. About how much do you pay in total?", "split": "train", "exact_value": 97.79}
{"id": "tips_000093", "topic": "tips", "subtopic": "tips_service", "prompt": "Bill is $56.53; service fee 0% and tip 15%. About how much do you pay in total?", "split": "train", "exact_value": 65.01}
{"id": "tips_000094", "topic": "tips", "subtopic": "tips_service", "prompt": "Bill is $97.51; service fee 5% and tip 20%. About how much do you pay in total?", "split": "train", "exact_value": 122.86}
{"id": "tips_000095", "topic": "tips", "subtopic": "tips_service", "prompt": "Bill is $72.73; service fee 3% and tip 22%. About how much do you pay in total?", "split": "train", "exact_value": 91.39}
{"id": "tips_000096", "topic": "tips", "subtopic": "tips_service", "prompt": "Bill is $51.24; service fee 0% and tip 15%. About how much do you pay in total?", "split": "train", "exact_value": 58.93}
{"id": "tips_000097", "topic": "tips", "subtopic": "tips_service", "prompt": "Bill is $103.19; service fee 5% and tip 20%. About how much do you pay in total?", "split": "train", "exact_value": 130.02}
{"id": "tips_000098", "topic": "tips", "subtopic": "tips_service", "prompt": "Bill is $94.88; service fee 5% and tip 22%. About how much do you pay in total?", "split": "train", "exact_value": 121.54}
{"id": "tips_000099", "topic": "tips", "subtopic": "tips_service", "prompt": "Bill is $82.97; service fee 0% and tip 22%. About how much do you pay in total?", "split": "train", "exact_value": 101.22}
{"id": "tips_000100", "topic": "tips", "subtopic": "tips_service", "prompt": "Bill is $22.52; service fee 0% and tip 18%. About how much do you pay in total?", "split": "train", "exact_value": 26.57}
{"id": "tips_000101", "topic": "tips", "subtopic": "tips_service", "prompt": "Bill is $48.87; service fee 5% and tip 20%. About how much do you pay in total?", "split": "train", "exact_value": 61.58}
{"id": "tips_000102", "topic": "tips", "subtopic": "tips_service", "prompt": "Bill is $68.37; service fee 0% and tip 15%. About how much do you pay in total?", "split": "train", "exact_value": 78.63}
{"id": "tips_000103", "topic": "tips", "subtopic": "tips_service", "prompt": "Bill is $108.86; service fee 0% and tip 22%. About how much do you pay in total?", "split": "train", "exact_value": 132.81}
{"id": "tips_000104", "topic": "tips", "subtopic": "tips_service", "prompt": "Bill is $100.76; service fee 0% and tip 22%. About how much do you pay in total?", "split": "train", "exact_value": 122.93}
{"id": "tips_000105", "topic": "tips", "subtopic": "tips_service", "prompt": "Bill is $39.46; service fee 0% and tip 18%. About how much do you pay in total?", "split": "train", "exact_value": 46.56}
{"id": "tips_000106", "topic": "tips", "subtopic": "tips_service", "prompt": "Bill is $25.04; service fee 0% and tip 22%. About how much do you pay in total?", "split": "train", "exact_value": 30.55}
{"id": "tips_000107", "topic": "tips", "subtopic": "tips_service", "prompt": "Bill is $61.36; service fee 5% and tip 18%. About how much do you pay in total?", "split": "train", "exact_value": 76.03}
{"id": "tips_000108", "topic": "tips", "subtopic": "tips_service", "prompt": "Bill is $48.50; service fee 0% and tip 22%. About how much do you pay in total?", "split": "train", "exact_value": 59.17}
{"id": "tips_000109", "topic": "tips", "subtopic": "tips_service", "prompt": "Bill is $112.08; service fee 3% and tip 15%. About how much do you pay in total?", "split": "train", "exact_value": 132.76}
{"id": "tips_000110", "topic": "tips", "subtopic": "tips_service", "prompt": "Bill is $61.40; service fee 3% and tip 18%. About how much do you pay in total?", "split": "train", "exact_value": 74.63}
{"id": "tips_000111", "topic": "tips", "subtopic": "tips_service", "prompt": "Bill is $12.47; service fee 5% and tip 15%. About how much do you pay in total?", "split": "train", "exact_value": 15.06}
{"id": "tips_000112", "topic": "tips", "subtopic": "tips_service", "prompt": "Bill is $113.01; service fee 5% and tip 22%. About how much do you pay in total?", "split": "train", "exact_value": 144.77}
{"id": "tips_000113", "topic": "tips", "subtopic": "tips_service", "prompt": "Bill is $96.36; service fee 5% and tip 18%. About how much do you pay in total?", "split": "train", "exact_value": 119.39}
{"id": "tips_000114", "topic": "tips", "subtopic": "tips_service", "prompt": "Bill is $74.48; service fee 0% and tip 18%. About how much do you pay in total?", "split": "train", "exact_value": 87.89}
{"id": "tips_000115", "topic": "tips", "subtopic": "tips_service", "prompt": "Bill is $53.84; service fee 5% and tip 20%. About how much do you pay in total?", "split": "train", "exact_value": 67.84}
{"id": "tips_000116", "topic": "tips", "subtopic": "tips_service", "prompt": "Bill is $107.19; service fee 5% and tip 22%. About how much do you pay in total?", "split": "train", "exact_value": 137.31}
{"id": "tips_000117", "topic": "tips", "subtopic": "tips_service", "prompt": "Bill is $110.92; service fee 3% and tip 18%. About how much do you pay in total?", "split": "train", "exact_value": 134.81}
{"id": "tips_000118", "topic": "tips", "subtopic": "tips_service", "prompt": "Bill is $54.97; service fee 3% and tip 20%. About how much do you pay in total?", "split": "train", "exact_value": 67.94}
{"id": "tips_000119", "topic": "tips", "subtopic": "tips_service", "prompt": "Bill is $60.91; service fee 0% and tip 18%. About how much do you pay in total?", "split": "train", "exact_value": 71.87}
{"id": "tips_000120", "topic": "tips", "subtopic": "tips_service", "prompt": "Bill is $56.58; service fee 5% and tip 20%. About how much do you pay in total?", "split": "train", "exact_value": 71.29}
{"id": "tips_000121", "topic": "tips", "subtopic": "tips_service", "prompt": "Bill is $71.16; service fee 5% and tip 20%. About how much do you pay in total?", "split": "train", "exact_value": 89.66}
{"id": "fermi_000000", "topic": "fermi", "subtopic": "crowd_density", "prompt": "A plaza is about 70 m by 25 m, with roughly 2 people per square meter. About how many people are there?", "split": "train", "exact_value": 3500}
{"id": "fermi_000001", "topic": "fermi", "subtopic": "crowd_density", "prompt": "A plaza is about 40 m by 30 m, with roughly 3 people per square meter. About how many people are there?", "split": "train", "exact_value": 3600}
{"id": "fermi_000002", "topic": "fermi", "subtopic": "crowd_density", "prompt": "A plaza is about 40 m by 25 m, with roughly 3 people per square meter. About how many people are there?", "split": "train", "exact_value": 3000}
{"id": "fermi_000003", "topic": "fermi", "subtopic": "crowd_density", "prompt": "A plaza is about 30 m by 30 m, with roughly 4 people per square meter. About how many people are there?", "split": "train", "exact_value": 3600}
{"id": "fermi_000004", "topic": "fermi", "subtopic": "crowd_density", "prompt": "A plaza is about 70 m by 35 m, with roughly 3 people per square meter. About how many people are there?", "split": "train", "exact_value": 7350}
{"id": "fermi_000005", "topic": "fermi", "subtopic": "crowd_density", "prompt": "A plaza is about 60 m by 20 m, with roughly 1 people per square meter. About how many people are there?", "split": "train", "exact_value": 1200}
{"id": "fermi_000006", "topic": "fermi", "subtopic": "crowd_density", "prompt": "A plaza is about 30 m by 35 m, with roughly 2 people per square meter. About how many people are there?", "split": "train", "exact_value": 2100}
{"id": "fermi_000007", "topic": "fermi", "subtopic": "crowd_density", "prompt": "A plaza is about 30 m by 20 m, with roughly 2 people per square meter. About how many people are there?", "split": "train", "exact_value": 1200}
{"id": "fermi_000008", "topic": "fermi", "subtopic": "crowd_density", "prompt": "A plaza is about 50 m by 25 m, with roughly 3 people per square meter. About how many people are there?", "split": "train", "exact_value": 3750}
{"id": "fermi_000009", "topic": "fermi", "subtopic": "crowd_density", "prompt": "A plaza is about 50 m by 25 m, with roughly 1 people per square meter. About how many people are there?", "split": "train", "exact_value": 1250}
{"id": "fermi_000010", "topic": "fermi", "subtopic": "crowd_density", "prompt": "A plaza is about 50 m by 25 m, with roughly 1 people per square meter. About how many people are there?", "split": "train", "exact_value": 1250}
{"id": "fermi_000011", "topic": "fermi", "subtopic": "crowd_density", "prompt": "A plaza is about 50 m by 35 m, with roughly 1 people per square meter. About how many people are there?", "split": "train", "exact_value": 1750}
{"id": "fermi_000012", "topic": "fermi", "subtopic": "crowd_density", "prompt": "A plaza is about 70 m by 25 m, with roughly 4 people per square meter. About how many people are there?", "split": "train", "exact_value": 7000}
{"id": "fermi_000013", "topic": "fermi", "subtopic": "crowd_density", "prompt": "A plaza is about 40 m by 30 m, with roughly 1 people per square meter. About how many people are there?", "split": "train", "exact_value": 1200}
{"id": "fermi_000014", "topic": "fermi", "subtopic": "crowd_density", "prompt": "A plaza is about 60 m by 35 m, with roughly 4 people per square meter. About how many people are there?", "split": "train", "exact_value": 8400}
{"id": "fermi_000015", "topic": "fermi", "subtopic": "crowd_density", "prompt": "A plaza is about 50 m by 20 m, with roughly 1 people per square meter. About how many people are there?", "split": "train", "exact_value": 1000}
{"id": "fermi_000016", "topic": "fermi", "subtopic": "crowd_density", "prompt": "A plaza is about 50 m by 25 m, with roughly 4 people per square meter. About how many people are there?", "split": "train", "exact_value": 5000}
{"id": "fermi_000017", "topic": "fermi", "subtopic": "crowd_density", "prompt": "A plaza is about 40 m by 30 m, with roughly 2 people per square meter. About how many people are there?", "split": "train", "exact_value": 2400}
{"id": "fermi_000018", "topic": "fermi", "subtopic": "crowd_density", "prompt": "A plaza is about 40 m by 30 m, with roughly 4 people per square meter. About how many people are there?", "split": "train", "exact_value": 4800}
{"id": "fermi_000019", "topic": "fermi", "subtopic": "crowd_density", "prompt": "A plaza is about 40 m by 20 m, with roughly 2 people per square meter. About how many people are there?", "split": "train", "exact_value": 1600}
{"id": "fermi_000020", "topic": "fermi", "subtopic": "crowd_density", "prompt": "A plaza is about 40 m by 20 m, with roughly 4 people per square meter. About how many people are there?", "split": "train", "exact_value": 3200}
{"id": "fermi_000021", "topic": "fermi", "subtopic": "crowd_density", "prompt": "A plaza is about 30 m by 35 m, with roughly 3 people per square meter. About how many people are there?", "split": "train", "exact_value": 3150}
{"id": "fermi_000022", "topic": "fermi", "subtopic": "crowd_density", "prompt": "A plaza is about 70 m by 30 m, with roughly 2 people per square meter. About how many people are there?", "split": "train", "exact_value": 4200}
{"id": "fermi_000023", "topic": "fermi", "subtopic": "crowd_density", "prompt": "A plaza is about 40 m by 30 m, with roughly 1 people per square meter. About how many people are there?", "split": "train", "exact_value": 1200}
{"id": "fermi_000024", "topic": "fermi", "subtopic": "crowd_density", "prompt": "A plaza is about 50 m by 35 m, with roughly 2 people per square meter. About how many people are there?", "split": "train", "exact_value": 3500}
{"id": "fermi_000025", "topic": "fermi", "subtopic": "crowd_density", "prompt": "A plaza is about 30 m by 25 m, with roughly 3 people per square meter. About how many people are there?", "split": "train", "exact_value": 2250}
{"id": "fermi_000026", "topic": "fermi", "subtopic": "crowd_density", "prompt": "A plaza is about 70 m by 20 m, with roughly 3 people per square meter. About how many people are there?", "split": "train", "exact_value": 4200}
{"id": "fermi_000027", "topic": "fermi", "subtopic": "crowd_density", "prompt": "A plaza is about 60 m by 30 m, with roughly 1 people per square meter. About how many people are there?", "split": "train", "exact_value": 1800}
{"id": "fermi_000028", "topic": "fermi", "subtopic": "crowd_density", "prompt": "A plaza is about 50 m by 25 m, with roughly 2 people per square meter. About how many people are there?", "split": "train", "exact_value": 2500}
{"id": "fermi_000029", "topic": "fermi", "subtopic": "crowd_density", "prompt": "A plaza is about 70 m by 20 m, with roughly 2 people per square meter. About how many people are there?", "split": "train", "exact_value": 2800}
{"id": "fermi_000030", "topic": "fermi", "subtopic": "crowd_density", "prompt": "A plaza is about 60 m by 35 m, with roughly 1 people per square meter. About how many people are there?", "split": "train", "exact_value": 2100}
{"id": "fermi_000031", "topic": "fermi", "subtopic": "crowd_density", "prompt": "A plaza is about 50 m by 25 m, with roughly 2 people per square meter. About how many people are there?", "split": "train", "exact_value": 2500}
{"id": "fermi_000032", "topic": "fermi", "subtopic": "crowd_density", "prompt": "A plaza is about 50 m by 30 m, with roughly 3 people per square meter. About how many people are there?", "split": "train", "exact_value": 4500}
{"id": "fermi_000033", "topic": "fermi", "subtopic": "crowd_density", "prompt": "A plaza is about 50 m by 25 m, with roughly 4 people per square meter. About how many people are there?", "split": "train", "exact_value": 5000}
{"id": "fermi_000034", "topic": "fermi", "subtopic": "crowd_density", "prompt": "A plaza is about 70 m by 20 m, with roughly 1 people per square meter. About how many people are there?", "split": "train", "exact_value": 1400}
{"id": "fermi_000035", "topic": "fermi", "subtopic": "crowd_density", "prompt": "A plaza is about 50 m by 35 m, with roughly 2 people per square meter. About how many people are there?", "split": "train", "exact_value": 3500}
{"id": "fermi_000036", "topic": "fermi", "subtopic": "crowd_density", "prompt": "A plaza is about 70 m by 25 m, with roughly 1 people per square meter. About how many people are there?", "split": "train", "exact_value": 1750}
{"id": "fermi_000037", "topic": "fermi", "subtopic": "crowd_density", "prompt": "A plaza is about 50 m by 35 m, with roughly 1 people per square meter. About how many people are there?", "split": "train", "exact_value": 1750}
{"id": "fermi_000038", "topic": "fermi", "subtopic": "crowd_density", "prompt": "A plaza is about 60 m by 30 m, with roughly 3 people per square meter. About how many people are there?", "split": "train", "exact_value": 5400}
{"id": "fermi_000039", "topic": "fermi", "subtopic": "crowd_density", "prompt": "A plaza is about 30 m by 30 m, with roughly 4 people per square meter. About how many people are there?", "split": "train", "exact_value": 3600}
{"id": "fermi_000040", "topic": "fermi", "subtopic": "crowd_density", "prompt": "A plaza is about 60 m by 20 m, with roughly 3 people per square meter. About how many people are there?", "split": "train", "exact_value": 3600}
{"id": "fermi_000041", "topic": "fermi", "subtopic": "crowd_density", "prompt": "A plaza is about 40 m by 30 m, with roughly 1 people per square meter. About how many people are there?", "split": "train", "exact_value": 1200}
{"id": "fermi_000042", "topic": "fermi", "subtopic": "crowd_density", "prompt": "A plaza is about 30 m by 25 m, with roughly 1 people per square meter. About how many people are there?", "split": "train", "exact_value": 750}
{"id": "fermi_000043", "topic": "fermi", "subtopic": "crowd_density", "prompt": "A plaza is about 30 m by 25 m, with roughly 2 people per square meter. About how many people are there?", "split": "train", "exact_value": 1500}
{"id": "fermi_000044", "topic": "fermi", "subtopic": "crowd_density", "prompt": "A plaza is about 60 m by 20 m, with roughly 2 people per square meter. About how many people are there?", "split": "train", "exact_value": 2400}
{"id": "fermi_000045", "topic": "fermi", "subtopic": "crowd_density", "prompt": "A plaza is about 70 m by 35 m, with roughly 1 people per square meter. About how many people are there?", "split": "train", "exact_value": 2450}
{"id": "fermi_000046", "topic": "fermi", "subtopic": "crowd_density", "prompt": "A plaza is about 40 m by 20 m, with roughly 4 people per square meter. About how many people are there?", "split": "train", "exact_value": 3200}
{"id": "fermi_000047", "topic": "fermi", "subtopic": "crowd_density", "prompt": "A plaza is about 50 m by 20 m, with roughly 1 people per square meter. About how many people are there?", "split": "train", "exact_value": 1000}
{"id": "fermi_000048", "topic": "fermi", "subtopic": "crowd_density", "prompt": "A plaza is about 30 m by 20 m, with roughly 2 people per square meter. About how many people are there?", "split": "train", "exact_value": 1200}
{"id": "fermi_000049", "topic": "fermi", "subtopic": "crowd_density", "prompt": "A plaza is about 50 m by 20 m, with roughly 2 people per square meter. About how many people are there?", "split": "train", "exact_value": 2000}
{"id": "fermi_000050", "topic": "fermi", "subtopic": "crowd_density", "prompt": "A plaza is about 50 m by 35 m, with roughly 4 people per square meter. About how many people are there?", "split": "train", "exact_value": 7000}
{"id": "fermi_000051", "topic": "fermi", "subtopic": "crowd_density", "prompt": "A plaza is about 60 m by 35 m, with roughly 4 people per square meter. About how many people are there?", "split": "train", "exact_value": 8400}
{"id": "fermi_000052", "topic": "fermi", "subtopic": "crowd_density", "prompt": "A plaza is about 50 m by 20 m, with roughly 4 people per square meter. About how many people are there?", "split": "train", "exact_value": 4000}
{"id": "fermi_000053", "topic": "fermi", "subtopic": "crowd_density", "prompt": "A plaza is about 30 m by 20 m, with roughly 1 people per square meter. About how many people are there?", "split": "train", "exact_value": 600}
{"id": "fermi_000054", "topic": "fermi", "subtopic": "crowd_density", "prompt": "A plaza is about 70 m by 20 m, with roughly 1 people per square meter. About how many people are there?", "split": "train", "exact_value": 1400}
{"id": "fermi_000055", "topic": "fermi", "subtopic": "crowd_density", "prompt": "A plaza is about 50 m by 20 m, with roughly 3 people per square meter. About how many people are there?", "split": "train", "exact_value": 3000}
{"id": "fermi_000056", "topic": "fermi", "subtopic": "crowd_density", "prompt": "A plaza is about 50 m by 20 m, with roughly 3 people per square meter. About how many people are there?", "split": "train", "exact_value": 3000}
{"id": "fermi_000057", "topic": "fermi", "subtopic": "crowd_density", "prompt": "A plaza is about 60 m by 35 m, with roughly 4 people per square meter. About how many people are there?", "split": "train", "exact_value": 8400}
{"id": "fermi_000058", "topic": "fermi", "subtopic": "crowd_density", "prompt": "A plaza is about 30 m by 35 m, with roughly 2 people per square meter. About how many people are there?", "split": "train", "exact_value": 2100}
{"id": "fermi_000059", "topic": "fermi", "subtopic": "crowd_density", "prompt": "A plaza is about 70 m by 25 m, with roughly 2 people per square meter. About how many people are there?", "split": "train", "exact_value": 3500}
{"id": "fermi_000060", "topic": "fermi", "subtopic": "crowd_density", "prompt": "A plaza is about 60 m by 30 m, with roughly 2 people per square meter. About how many people are there?", "split": "train", "exact_value": 3600}
{"id": "fermi_000061", "topic": "fermi", "subtopic": "crowd_density", "prompt": "A plaza is about 50 m by 30 m, with roughly 1 people per square meter. About how many people are there?", "split": "train", "exact_value": 1500}
{"id": "fermi_000062", "topic": "fermi", "subtopic": "crowd_density", "prompt": "A plaza is about 70 m by 25 m, with roughly 1 people per square meter. About how many people are there?", "split": "train", "exact_value": 1750}
{"id": "fermi_000063", "topic": "fermi", "subtopic": "crowd_density", "prompt": "A plaza is about 30 m by 20 m, with roughly 4 people per square meter. About how many people are there?", "split": "train", "exact_value": 2400}
{"id": "fermi_000064", "topic": "fermi", "subtopic": "crowd_density", "prompt": "A plaza is about 70 m by 20 m, with roughly 3 people per square meter. About how many people are there?", "split": "train", "exact_value": 4200}
{"id": "fermi_000065", "topic": "fermi", "subtopic": "crowd_density", "prompt": "A plaza is about 40 m by 30 m, with roughly 2 people per square meter. About how many people are there?", "split": "train", "exact_value": 2400}
{"id": "fermi_000066", "topic": "fermi", "subtopic": "crowd_density", "prompt": "A plaza is about 60 m by 25 m, with roughly 2 people per square meter. About how many people are there?", "split": "train", "exact_value": 3000}
{"id": "fermi_000067", "topic": "fermi", "subtopic": "crowd_density", "prompt": "A plaza is about 40 m by 25 m, with roughly 3 people per square meter. About how many people are there?", "split": "train", "exact_value": 3000}
{"id": "fermi_000068", "topic": "fermi", "subtopic": "crowd_density", "prompt": "A plaza is about 40 m by 20 m, with roughly 2 people per square meter. About how many people are there?", "split": "train", "exact_value": 1600}
{"id": "fermi_000069", "topic": "fermi", "subtopic": "crowd_density", "prompt": "A plaza is about 70 m by 20 m, with roughly 4 people per square meter. About how many people are there?", "split": "train", "exact_value": 5600}
{"id": "fermi_000070", "topic": "fermi", "subtopic": "crowd_density", "prompt": "A plaza is about 70 m by 20 m, with roughly 3 people per square meter. About how many people are there?", "split": "train", "exact_value": 4200}
{"id": "fermi_000071", "topic": "fermi", "subtopic": "crowd_density", "prompt": "A plaza is about 30 m by 30 m, with roughly 1 people per square meter. About how many people are there?", "split": "train", "exact_value": 900}
{"id": "fermi_000072", "topic": "fermi", "subtopic": "crowd_density", "prompt": "A plaza is about 40 m by 35 m, with roughly 3 people per square meter. About how many people are there?", "split": "train", "exact_value": 4200}
{"id": "fermi_000073", "topic": "fermi", "subtopic": "crowd_density", "prompt": "A plaza is about 50 m by 25 m, with roughly 2 people per square meter. About how many people are there?", "split": "train", "exact_value": 2500}
{"id": "fermi_000074", "topic": "fermi", "subtopic": "crowd_density", "prompt": "A plaza is about 30 m by 30 m, with roughly 1 people per square meter. About how many people are there?", "split": "train", "exact_value": 900}
{"id": "fermi_000075", "topic": "fermi", "subtopic": "crowd_density", "prompt": "A plaza is about 40 m by 30 m, with roughly 4 people per square meter. About how many people are there?", "split": "train", "exact_value": 4800}
{"id": "fermi_000076", "topic": "fermi", "subtopic": "crowd_density", "prompt": "A plaza is about 60 m by 30 m, with roughly 3 people per square meter. About how many people are there?", "split": "train", "exact_value": 5400}
{"id": "fermi_000077", "topic": "fermi", "subtopic": "crowd_density", "prompt": "A plaza is about 70 m by 25 m, with roughly 3 people per square meter. About how many people are there?", "split": "train", "exact_value": 5250}
{"id": "fermi_000078", "topic": "fermi", "subtopic": "crowd_density", "prompt": "A plaza is about 50 m by 35 m, with roughly 2 people per square meter. About how many people are there?", "split": "train", "exact_value": 3500}
{"id": "fermi_000079", "topic": "fermi", "subtopic": "crowd_density", "prompt": "A plaza is about 30 m by 30 m, with roughly 2 people per square meter. About how many people are there?", "split": "train", "exact_value": 1800}
{"id": "fermi_000080", "topic": "fermi", "subtopic": "crowd_density", "prompt": "A plaza is about 40 m by 35 m, with roughly 3 people per square meter. About how many people are there?", "split": "train", "exact_value": 4200}
{"id": "fermi_000081", "topic": "fermi", "subtopic": "crowd_density", "prompt": "A plaza is about 50 m by 25 m, with roughly 3 people per square meter. About how many people are there?", "split": "train", "exact_value": 3750}
{"id": "fermi_000082", "topic": "fermi", "subtopic": "crowd_density", "prompt": "A plaza is about 60 m by 35 m, with roughly 4 people per square meter. About how many people are there?", "split": "train", "exact_value": 8400}
{"id": "fermi_000083", "topic": "fermi", "subtopic": "crowd_density", "prompt": "A plaza is about 50 m by 30 m, with roughly 4 people per square meter. About how many people are there?", "split": "train", "exact_value": 6000}
{"id": "fermi_000084", "topic": "fermi", "subtopic": "crowd_density", "prompt": "A plaza is about 70 m by 20 m, with roughly 2 people per square meter. About how many people are there?", "split": "train", "exact_value": 2800}
{"id": "fermi_000085", "topic": "fermi", "subtopic": "crowd_density", "prompt": "A plaza is about 70 m by 20 m, with roughly 3 people per square meter. About how many people are there?", "split": "train", "exact_value": 4200}
{"id": "fermi_000086", "topic": "fermi", "subtopic": "crowd_density", "prompt": "A plaza is about 40 m by 25 m, with roughly 3 people per square meter. About how many people are there?", "split": "train", "exact_value": 3000}
{"id": "fermi_000087", "topic": "fermi", "subtopic": "crowd_density", "prompt": "A plaza is about 30 m by 20 m, with roughly 1 people per square meter. About how many people are there?", "split": "train", "exact_value": 600}
{"id": "fermi_000088", "topic": "fermi", "subtopic": "crowd_density", "prompt": "A plaza is about 70 m by 20 m, with roughly 4 people per square meter. About how many people are there?", "split": "train", "exact_value": 5600}
{"id": "fermi_000089", "topic": "fermi", "subtopic": "crowd_density", "prompt": "A plaza is about 70 m by 25 m, with roughly 1 people per square meter. About how many people are there?", "split": "train", "exact_value": 1750}
{"id": "fermi_000090", "topic": "fermi", "subtopic": "crowd_density", "prompt": "A plaza is about 70 m by 30 m, with roughly 4 people per square meter. About how many people are there?", "split": "train", "exact_value": 8400}
{"id": "fermi_000091", "topic": "fermi", "subtopic": "crowd_density", "prompt": "A plaza is about 40 m by 30 m, with roughly 4 people per square meter. About how many people are there?", "split": "train", "exact_value": 4800}
{"id": "fermi_000092", "topic": "fermi", "subtopic": "crowd_density", "prompt": "A plaza is about 40 m by 30 m, with roughly 2 people per square meter. About how many people are there?", "split": "train", "exact_value": 2400}
{"id": "fermi_000093", "topic": "fermi", "subtopic": "crowd_density", "prompt": "A plaza is about 60 m by 20 m, with roughly 4 people per square meter. About how many people are there?", "split": "train", "exact_value": 4800}
{"id": "fermi_000094", "topic": "fermi", "subtopic": "crowd_density", "prompt": "A plaza is about 50 m by 20 m, with roughly 2 people per square meter. About how many people are there?", "split": "train", "exact_value": 2000}
{"id": "fermi_000095", "topic": "fermi", "subtopic": "crowd_density", "prompt": "A plaza is about 70 m by 25 m, with roughly 2 people per square meter. About how many people are there?", "split": "train", "exact_value": 3500}
{"id": "fermi_000096", "topic": "fermi", "subtopic": "crowd_density", "prompt": "A plaza is about 60 m by 25 m, with roughly 2 people per square meter. About how many people are there?", "split": "train", "exact_value": 3000}
{"id": "travel_time_000000", "topic": "travel_time", "subtopic": "drive_time", "prompt": "You need to travel about 138 miles at around 65 mph. About how many hours will it take?", "split": "train", "exact_value": 2.1246153846153844}
{"id": "travel_time_000001", "topic": "travel_time", "subtopic": "drive_time", "prompt": "You need to travel about 160 miles at around 35 mph. About how many hours will it take?", "split": "train", "exact_value": 4.571428571428571}
{"id": "travel_time_000002", "topic": "travel_time", "subtopic": "drive_time", "prompt": "You need to travel about 178 miles at around 55 mph. About how many hours will it take?", "split": "train", "exact_value": 3.234545454545455}
{"id": "travel_time_000003", "topic": "travel_time", "subtopic": "drive_time", "prompt": "You need to travel about 226 miles at around 25 mph. About how many hours will it take?", "split": "train", "exact_value": 9.027999999999999}
{"id": "travel_time_000004", "topic": "travel_time", "subtopic": "drive_time", "prompt": "You need to travel about 56 miles at around 55 mph. About how many hours will it take?", "split": "train", "exact_value": 1.0254545454545454}
{"id": "travel_time_000005", "topic": "travel_time", "subtopic": "drive_time", "prompt": "You need to travel about 60 miles at around 45 mph. About how many hours will it take?", "split": "train", "exact_value": 1.3222222222222222}
{"id": "travel_time_000006", "topic": "travel_time", "subtopic": "drive_time", "prompt": "You need to travel about 92 miles at around 25 mph. About how many hours will it take?", "split": "train", "exact_value": 3.6719999999999997}
{"id": "travel_time_000007", "topic": "travel_time", "subtopic": "drive_time", "prompt": "You need to travel about 162 miles at around 65 mph. About how many hours will it take?", "split": "train", "exact_value": 2.4938461538461536}
{"id": "travel_time_000008", "topic": "travel_time", "subtopic": "drive_time", "prompt": "You need to travel about 218 miles at around 45 mph. About how many hours will it take?", "split": "train", "exact_value": 4.851111111111111}
{"id": "travel_time_000009", "topic": "travel_time", "subtopic": "drive_time", "prompt": "You need to travel about 96 miles at around 55 mph. About how many hours will it take?", "split": "train", "exact_value": 1.7490909090909093}
{"id": "travel_time_000010", "topic": "travel_time", "subtopic": "drive_time", "prompt": "You need to travel about 212 miles at around 25 mph. About how many hours will it take?", "split": "train", "exact_value": 8.488}
{"id": "travel_time_000011", "topic": "travel_time", "subtopic": "drive_time", "prompt": "You need to travel about 235 miles at around 45 mph. About how many hours will it take?", "split": "train", "exact_value": 5.231111111111111}
{"id": "travel_time_000012", "topic": "travel_time", "subtopic": "drive_time", "prompt": "You need to travel about 29 miles at around 65 mph. About how many hours will it take?", "split": "train", "exact_value": 0.45076923076923076}
{"id": "travel_time_000013", "topic": "travel_time", "subtopic": "drive_time", "prompt": "You need to travel about 154 miles at around 45 mph. About how many hours will it take?", "split": "train", "exact_value": 3.42}
{"id": "travel_time_000014", "topic": "travel_time", "subtopic": "drive_time", "prompt": "You need to travel about 201 miles at around 45 mph. About how many hours will it take?", "split": "train", "exact_value": 4.471111111111111}
{"id": "travel_time_000015", "topic": "travel_time", "subtopic": "drive_time", "prompt": "You need to travel about 141 miles at around 65 mph. About how many hours will it take?", "split": "train", "exact_value": 2.169230769230769}
{"id": "travel_time_000016", "topic": "travel_time", "subtopic": "drive_time", "prompt": "You need to travel about 46 miles at around 55 mph. About how many hours will it take?", "split": "train", "exact_value": 0.8345454545454545}
{"id": "travel_time_000017", "topic": "travel_time", "subtopic": "drive_time", "prompt": "You need to travel about 91 miles at around 25 mph. About how many hours will it take?", "split": "train", "exact_value": 3.6319999999999997}
{"id": "travel_time_000018", "topic": "travel_time", "subtopic": "drive_time", "prompt": "You need to travel about 126 miles at around 55 mph. About how many hours will it take?", "split": "train", "exact_value": 2.2981818181818183}
{"id": "travel_time_000019", "topic": "travel_time", "subtopic": "drive_time", "prompt": "You need to travel about 234 miles at around 35 mph. About how many hours will it take?", "split": "train", "exact_value": 6.674285714285714}
{"id": "travel_time_000020", "topic": "travel_time", "subtopic": "drive_time", "prompt": "You need to travel about 126 miles at around 45 mph. About how many hours will it take?", "split": "train", "exact_value": 2.8066666666666666}
{"id": "travel_time_000021", "topic": "travel_time", "subtopic": "drive_time", "prompt": "You need to travel about 197 miles at around 45 mph. About how many hours will it take?", "split": "train", "exact_value": 4.38}
{"id": "travel_time_000022", "topic": "travel_time", "subtopic": "drive_time", "prompt": "You need to travel about 119 miles at around 55 mph. About how many hours will it take?", "split": "train", "exact_value": 2.170909090909091}
{"id": "travel_time_000023", "topic": "travel_time", "subtopic": "drive_time", "prompt": "You need to travel about 214 miles at around 25 mph. About how many hours will it take?", "split": "train", "exact_value": 8.54}
{"id": "travel_time_000024", "topic": "travel_time", "subtopic": "drive_time", "prompt": "You need to travel about 123 miles at around 35 mph. About how many hours will it take?", "split": "train", "exact_value": 3.5114285714285716}
{"id": "travel_time_000025", "topic": "travel_time", "subtopic": "drive_time", "prompt": "You need to travel about 108 miles at around 35 mph. About how many hours will it take?", "split": "train", "exact_value": 3.0971428571428574}
{"id": "travel_time_000026", "topic": "travel_time", "subtopic": "drive_time", "prompt": "You need to travel about 23 miles at around 45 mph. About how many hours will it take?", "split": "train", "exact_value": 0.5133333333333334}
{"id": "travel_time_000027", "topic": "travel_time", "subtopic": "drive_time", "prompt": "You need to travel about 55 miles at around 35 mph. About how many hours will it take?", "split": "train", "exact_value": 1.562857142857143}
{"id": "travel_time_000028", "topic": "travel_time", "subtopic": "drive_time", "prompt": "You need to travel about 42 miles at around 65 mph. About how many hours will it take?", "split": "train", "exact_value": 0.6461538461538462}
{"id": "travel_time_000029", "topic": "travel_time", "subtopic": "drive_time", "prompt": "You need to travel about 174 miles at around 25 mph. About how many hours will it take?", "split": "train", "exact_value": 6.944}
{"id": "travel_time_000030", "topic": "travel_time", "subtopic": "drive_time", "prompt": "You need to travel about 160 miles at around 55 mph. About how many hours will it take?", "split": "train", "exact_value": 2.9163636363636365}
{"id": "travel_time_000031", "topic": "travel_time", "subtopic": "drive_time", "prompt": "You need to travel about 196 miles at around 25 mph. About how many hours will it take?", "split": "train", "exact_value": 7.824}
{"id": "travel_time_000032", "topic": "travel_time", "subtopic": "drive_time", "prompt": "You need to travel about 118 miles at around 55 mph. About how many hours will it take?", "split": "train", "exact_value": 2.149090909090909}
{"id": "travel_time_000033", "topic": "travel_time", "subtopic": "drive_time", "prompt": "You need to travel about 118 miles at around 65 mph. About how many hours will it take?", "split": "train", "exact_value": 1.8092307692307692}
{"id": "travel_time_000034", "topic": "travel_time", "subtopic": "drive_time", "prompt": "You need to travel about 43 miles at around 55 mph. About how many hours will it take?", "split": "train", "exact_value": 0.78}
{"id": "travel_time_000035", "topic": "travel_time", "subtopic": "drive_time", "prompt": "You need to travel about 10 miles at around 25 mph. About how many hours will it take?", "split": "train", "exact_value": 0.41200000000000003}
{"id": "travel_time_000036", "topic": "travel_time", "subtopic": "drive_time", "prompt": "You need to travel about 35 miles at around 65 mph. About how many hours will it take?", "split": "train", "exact_value": 0.54}
{"id": "travel_time_000037", "topic": "travel_time", "subtopic": "drive_time", "prompt": "You need to travel about 43 miles at around 65 mph. About how many hours will it take?", "split": "train", "exact_value": 0.66}
{"id": "travel_time_000038", "topic": "travel_time", "subtopic": "drive_time", "prompt": "You need to travel about 14 miles at around 65 mph. About how many hours will it take?", "split": "train", "exact_value": 0.21846153846153846}
{"id": "travel_time_000039", "topic": "travel_time", "subtopic": "drive_time", "prompt": "You need to travel about 40 miles at around 35 mph. About how many hours will it take?", "split": "train", "exact_value": 1.1285714285714286}
{"id": "travel_time_000040", "topic": "travel_time", "subtopic": "drive_time", "prompt": "You need to travel about 66 miles at around 35 mph. About how many hours will it take?", "split": "train", "exact_value": 1.8771428571428572}
{"id": "travel_time_000041", "topic": "travel_time", "subtopic": "drive_time", "prompt": "You need to travel about 126 miles at around 55 mph. About how many hours will it take?", "split": "train", "exact_value": 2.2981818181818183}
{"id": "travel_time_000042", "topic": "travel_time", "subtopic": "drive_time", "prompt": "You need to travel about 146 miles at around 65 mph. About how many hours will it take?", "split": "train", "exact_value": 2.243076923076923}
{"id": "travel_time_000043", "topic": "travel_time", "subtopic": "drive_time", "prompt": "You need to travel about 155 miles at around 45 mph. About how many hours will it take?", "split": "train", "exact_value": 3.4400000000000004}
{"id": "travel_time_000044", "topic": "travel_time", "subtopic": "drive_time", "prompt": "You need to travel about 228 miles at around 35 mph. About how many hours will it take?", "split": "train", "exact_value": 6.502857142857143}
{"id": "travel_time_000045", "topic": "travel_time", "subtopic": "drive_time", "prompt": "You need to travel about 111 miles at around 55 mph. About how many hours will it take?", "split": "train", "exact_value": 2.0109090909090908}
{"id": "travel_time_000046", "topic": "travel_time", "subtopic": "drive_time", "prompt": "You need to travel about 209 miles at around 35 mph. About how many hours will it take?", "split": "train", "exact_value": 5.965714285714286}
{"id": "travel_time_000047", "topic": "travel_time", "subtopic": "drive_time", "prompt": "You need to travel about 57 miles at around 55 mph. About how many hours will it take?", "split": "train", "exact_value": 1.029090909090909}
{"id": "travel_time_000048", "topic": "travel_time", "subtopic": "drive_time", "prompt": "You need to travel about 146 miles at around 65 mph. About how many hours will it take?", "split": "train", "exact_value": 2.249230769230769}
{"id": "travel_time_000049", "topic": "travel_time", "subtopic": "drive_time", "prompt": "You need to travel about 198 miles at around 35 mph. About how many hours will it take?", "split": "train", "exact_value": 5.651428571428572}
{"id": "travel_time_000050", "topic": "travel_time", "subtopic": "drive_time", "prompt": "You need to travel about 152 miles at around 65 mph. About how many hours will it take?", "split": "train", "exact_value": 2.330769230769231}
{"id": "travel_time_000051", "topic": "travel_time", "subtopic": "drive_time", "prompt": "You need to travel about 67 miles at around 45 mph. About how many hours will it take?", "split": "train", "exact_value": 1.4933333333333334}
{"id": "travel_time_000052", "topic": "travel_time", "subtopic": "drive_time", "prompt": "You need to travel about 222 miles at around 65 mph. About how many hours will it take?", "split": "train", "exact_value": 3.4123076923076923}
{"id": "travel_time_000053", "topic": "travel_time", "subtopic": "drive_time", "prompt": "You need to travel about 144 miles at around 35 mph. About how many hours will it take?", "split": "train", "exact_value": 4.1085714285714285}
{"id": "travel_time_000054", "topic": "travel_time", "subtopic": "drive_time", "prompt": "You need to travel about 94 miles at around 35 mph. About how many hours will it take?", "split": "train", "exact_value": 2.682857142857143}
{"id": "travel_time_000055", "topic": "travel_time", "subtopic": "drive_time", "prompt": "You need to travel about 30 miles at around 35 mph. About how many hours will it take?", "split": "train", "exact_value": 0.8714285714285714}
{"id": "travel_time_000056", "topic": "travel_time", "subtopic": "drive_time", "prompt": "You need to travel about 128 miles at around 65 mph. About how many hours will it take?", "split": "train", "exact_value": 1.9661538461538461}
{"id": "travel_time_000057", "topic": "travel_time", "subtopic": "drive_time", "prompt": "You need to travel about 166 miles at around 35 mph. About how many hours will it take?", "split": "train", "exact_value": 4.7371428571428575}
{"id": "travel_time_000058", "topic": "travel_time", "subtopic": "drive_time", "prompt": "You need to travel about 147 miles at around 35 mph. About how many hours will it take?", "split": "train", "exact_value": 4.208571428571429}
{"id": "travel_time_000059", "topic": "travel_time", "subtopic": "drive_time", "prompt": "You need to travel about 117 miles at around 65 mph. About how many hours will it take?", "split": "train", "exact_value": 1.7969230769230768}
{"id": "travel_time_000060", "topic": "travel_time", "subtopic": "drive_time", "prompt": "You need to travel about 146 miles at around 65 mph. About how many hours will it take?", "split": "train", "exact_value": 2.246153846153846}
{"id": "travel_time_000061", "topic": "travel_time", "subtopic": "drive_time", "prompt": "You need to travel about 123 miles at around 25 mph. About how many hours will it take?", "split": "train", "exact_value": 4.9319999999999995}
{"id": "travel_time_000062", "topic": "travel_time", "subtopic": "drive_time", "prompt": "You need to travel about 27 miles at around 35 mph. About how many hours will it take?", "split": "train", "exact_value": 0.7685714285714286}
{"id": "travel_time_000063", "topic": "travel_time", "subtopic": "drive_time", "prompt": "You need to travel about 217 miles at around 65 mph. About how many hours will it take?", "split": "train", "exact_value": 3.3384615384615386}
{"id": "travel_time_000064", "topic": "travel_time", "subtopic": "drive_time", "prompt": "You need to travel about 200 miles at around 55 mph. About how many hours will it take?", "split": "train", "exact_value": 3.6272727272727274}
{"id": "travel_time_000065", "topic": "travel_time", "subtopic": "drive_time", "prompt": "You need to travel about 128 miles at around 45 mph. About how many hours will it take?", "split": "train", "exact_value": 2.8377777777777777}
{"id": "travel_time_000066", "topic": "travel_time", "subtopic": "drive_time", "prompt": "You need to travel about 211 miles at around 65 mph. About how many hours will it take?", "split": "train", "exact_value": 3.2399999999999998}
{"id": "travel_time_000067", "topic": "travel_time", "subtopic": "drive_time", "prompt": "You need to travel about 106 miles at around 55 mph. About how many hours will it take?", "split": "train", "exact_value": 1.9236363636363636}
{"id": "travel_time_000068", "topic": "travel_time", "subtopic": "drive_time", "prompt": "You need to travel about 190 miles at around 55 mph. About how many hours will it take?", "split": "train", "exact_value": 3.463636363636364}
{"id": "travel_time_000069", "topic": "travel_time", "subtopic": "drive_time", "prompt": "You need to travel about 87 miles at around 65 mph. About how many hours will it take?", "split": "train", "exact_value": 1.3446153846153848}
{"id": "travel_time_000070", "topic": "travel_time", "subtopic": "drive_time", "prompt": "You need to travel about 28 miles at around 35 mph. About how many hours will it take?", "split": "train", "exact_value": 0.8}
{"id": "travel_time_000071", "topic": "travel_time", "subtopic": "drive_time", "prompt": "You need to travel about 65 miles at around 35 mph. About how many hours will it take?", "split": "train", "exact_value": 1.8514285714285714}
{"id": "travel_time_000072", "topic": "travel_time", "subtopic": "drive_time", "prompt": "You need to travel about 219 miles at around 25 mph. About how many hours will it take?", "split": "train", "exact_value": 8.756}
{"id": "travel_time_000073", "topic": "travel_time", "subtopic": "drive_time", "prompt": "You need to travel about 72 miles at around 65 mph. About how many hours will it take?", "split": "train", "exact_value": 1.1015384615384614}
{"id": "travel_time_000074", "topic": "travel_time", "subtopic": "drive_time", "prompt": "You need to travel about 101 miles at around 35 mph. About how many hours will it take?", "split": "train", "exact_value": 2.8857142857142857}
{"id": "travel_time_000075", "topic": "travel_time", "subtopic": "drive_time", "prompt": "You need to travel about 6 miles at around 25 mph. About how many hours will it take?", "split": "train", "exact_value": 0.252}
{"id": "travel_time_000076", "topic": "travel_time", "subtopic": "drive_time", "prompt": "You need to travel about 141 miles at around 25 mph. About how many hours will it take?", "split": "train", "exact_value": 5.632000000000001}
{"id": "travel_time_000077", "topic": "travel_time", "subtopic": "drive_time", "prompt": "You need to travel about 127 miles at around 55 mph. About how many hours will it take?", "split": "train", "exact_value": 2.310909090909091}
{"id": "travel_time_000078", "topic": "travel_time", "subtopic": "drive_time", "prompt": "You need to travel about 159 miles at around 45 mph. About how many hours will it take?", "split": "train", "exact_value": 3.528888888888889}
{"id": "travel_time_000079", "topic": "travel_time", "subtopic": "drive_time", "prompt": "You need to travel about 101 miles at around 25 mph. About how many hours will it take?", "split": "train", "exact_value": 4.044}
{"id": "travel_time_000080", "topic": "travel_time", "subtopic": "drive_time", "prompt": "You need to travel about 41 miles at around 65 mph. About how many hours will it take?", "split": "train", "exact_value": 0.6369230769230769}
{"id": "travel_time_000081", "topic": "travel_time", "subtopic": "drive_time", "prompt": "You need to travel about 65 miles at around 65 mph. About how many hours will it take?", "split": "train", "exact_value": 0.9938461538461537}
{"id": "travel_time_000082", "topic": "travel_time", "subtopic": "drive_time", "prompt": "You need to travel about 104 miles at around 45 mph. About how many hours will it take?", "split": "train", "exact_value": 2.3222222222222224}
{"id": "travel_time_000083", "topic": "travel_time", "subtopic": "drive_time", "prompt": "You need to travel about 149 miles at around 55 mph. About how many hours will it take?", "split": "train", "exact_value": 2.7054545454545456}
{"id": "travel_time_000084", "topic": "travel_time", "subtopic": "drive_time", "prompt": "You need to travel about 182 miles at around 55 mph. About how many hours will it take?", "split": "train", "exact_value": 3.3163636363636364}
{"id": "travel_time_000085", "topic": "travel_time", "subtopic": "drive_time", "prompt": "You need to travel about 135 miles at around 65 mph. About how many hours will it take?", "split": "train", "exact_value": 2.072307692307692}
{"id": "travel_time_000086", "topic": "travel_time", "subtopic": "drive_time", "prompt": "You need to travel about 118 miles at around 45 mph. About how many hours will it take?", "split": "train", "exact_value": 2.631111111111111}
{"id": "travel_time_000087", "topic": "travel_time", "subtopic": "drive_time", "prompt": "You need to travel about 136 miles at around 55 mph. About how many hours will it take?", "split": "train", "exact_value": 2.48}
{"id": "travel_time_000088", "topic": "travel_time", "subtopic": "drive_time", "prompt": "You need to travel about 65 miles at around 45 mph. About how many hours will it take?", "split": "train", "exact_value": 1.4355555555555555}
{"id": "travel_time_000089", "topic": "travel_time", "subtopic": "drive_time", "prompt": "You need to travel about 141 miles at around 55 mph. About how many hours will it take?", "split": "train", "exact_value": 2.558181818181818}
{"id": "travel_time_000090", "topic": "travel_time", "subtopic": "drive_time", "prompt": "You need to travel about 178 miles at around 25 mph. About how many hours will it take?", "split": "train", "exact_value": 7.1160000000000005}
{"id": "travel_time_000091", "topic": "travel_time", "subtopic": "drive_time", "prompt": "You need to travel about 181 miles at around 55 mph. About how many hours will it take?", "split": "train", "exact_value": 3.285454545454545}
{"id": "travel_time_000092", "topic": "travel_time", "subtopic": "drive_time", "prompt": "You need to travel about 189 miles at around 35 mph. About how many hours will it take?", "split": "train", "exact_value": 5.4}
{"id": "travel_time_000093", "topic": "travel_time", "subtopic": "drive_time", "prompt": "You need to travel about 29 miles at around 65 mph. About how many hours will it take?", "split": "train", "exact_value": 0.44}
{"id": "travel_time_000094", "topic": "travel_time", "subtopic": "drive_time", "prompt": "You need to travel about 99 miles at around 45 mph. About how many hours will it take?", "split": "train", "exact_value": 2.2022222222222223}
{"id": "travel_time_000095", "topic": "travel_time", "subtopic": "drive_time", "prompt": "You need to travel about 193 miles at around 65 mph. About how many hours will it take?", "split": "train", "exact_value": 2.9723076923076923}
{"id": "travel_time_000096", "topic": "travel_time", "subtopic": "drive_time", "prompt": "You need to travel about 169 miles at around 25 mph. About how many hours will it take?", "split": "train", "exact_value": 6.752000000000001}
{"id": "physics_estimate_000000", "topic": "physics_estimate", "subtopic": "fill_rate", "prompt": "A faucet fills 15 liters at about 7 liters per minute. About how many minutes does it take?", "split": "train", "exact_value": 2.142857142857143}
{"id": "physics_estimate_000001", "topic": "physics_estimate", "subtopic": "fill_rate", "prompt": "A faucet fills 50 liters at about 4 liters per minute. About how many minutes does it take?", "split": "train", "exact_value": 12.5}
{"id": "physics_estimate_000002", "topic": "physics_estimate", "subtopic": "fill_rate", "prompt": "A faucet fills 10 liters at about 5 liters per minute. About how many minutes does it take?", "split": "train", "exact_value": 2.0}
{"id": "physics_estimate_000003", "topic": "physics_estimate", "subtopic": "fill_rate", "prompt": "A faucet fills 30 liters at about 8 liters per minute. About how many minutes does it take?", "split": "train", "exact_value": 3.75}
{"id": "physics_estimate_000004", "topic": "physics_estimate", "subtopic": "fill_rate", "prompt": "A faucet fills 30 liters at about 4 liters per minute. About how many minutes does it take?", "split": "train", "exact_value": 7.5}
{"id": "physics_estimate_000005", "topic": "physics_estimate", "subtopic": "fill_rate", "prompt": "A faucet fills 10 liters at about 6 liters per minute. About how many minutes does it take?", "split": "train", "exact_value": 1.6666666666666667}
{"id": "physics_estimate_000006", "topic": "physics_estimate", "subtopic": "fill_rate", "prompt": "A faucet fills 15 liters at about 6 liters per minute. About how many minutes does it take?", "split": "train", "exact_value": 2.5}
{"id": "physics_estimate_000007", "topic": "physics_estimate", "subtopic": "fill_rate", "prompt": "A faucet fills 10 liters at about 8 liters per minute. About how many minutes does it take?", "split": "train", "exact_value": 1.25}
{"id": "physics_estimate_000008", "topic": "physics_estimate", "subtopic": "fill_rate", "prompt": "A faucet fills 10 liters at about 7 liters per minute. About how many minutes does it take?", "split": "train", "exact_value": 1.4285714285714286}
{"id": "physics_estimate_000009", "topic": "physics_estimate", "subtopic": "fill_rate", "prompt": "A faucet fills 30 liters at about 8 liters per minute. About how many minutes does it take?", "split": "train", "exact_value": 3.75}
{"id": "physics_estimate_000010", "topic": "physics_estimate", "subtopic": "fill_rate", "prompt": "A faucet fills 50 liters at about 8 liters per minute. About how many minutes does it take?", "split": "train", "exact_value": 6.25}
{"id": "physics_estimate_000011", "topic": "physics_estimate", "subtopic": "fill_rate", "prompt": "A faucet fills 20 liters at about 8 liters per minute. About how many minutes does it take?", "split": "train", "exact_value": 2.5}
{"id": "physics_estimate_000012", "topic": "physics_estimate", "subtopic": "fill_rate", "prompt": "A faucet fills 10 liters at about 5 liters per minute. About how many minutes does it take?", "split": "train", "exact_value": 2.0}
{"id": "physics_estimate_000013", "topic": "physics_estimate", "subtopic": "fill_rate", "prompt": "A faucet fills 50 liters at about 7 liters per minute. About how many minutes does it take?", "split": "train", "exact_value": 7.142857142857143}
{"id": "physics_estimate_000014", "topic": "physics_estimate", "subtopic": "fill_rate", "prompt": "A faucet fills 30 liters at about 4 liters per minute. About how many minutes does it take?", "split": "train", "exact_value": 7.5}
{"id": "physics_estimate_000015", "topic": "physics_estimate", "subtopic": "fill_rate", "prompt": "A faucet fills 15 liters at about 8 liters per minute. About how many minutes does it take?", "split": "train", "exact_value": 1.875}
{"id": "physics_estimate_000016", "topic": "physics_estimate", "subtopic": "fill_rate", "prompt": "A faucet fills 20 liters at about 5 liters per minute. About how many minutes does it take?", "split": "train", "exact_value": 4.0}
{"id": "physics_estimate_000017", "topic": "physics_estimate", "subtopic": "fill_rate", "prompt": "A faucet fills 10 liters at about 8 liters per minute. About how many minutes does it take?", "split": "train", "exact_value": 1.25}
{"id": "physics_estimate_000018", "topic": "physics_estimate", "subtopic": "fill_rate", "prompt": "A faucet fills 40 liters at about 8 liters per minute. About how many minutes does it take?", "split": "train", "exact_value": 5.0}
{"id": "physics_estimate_000019", "topic": "physics_estimate", "subtopic": "fill_rate", "prompt": "A faucet fills 50 liters at about 5 liters per minute. About how many minutes does it take?", "split": "train", "exact_value": 10.0}
{"id": "physics_estimate_000020", "topic": "physics_estimate", "subtopic": "fill_rate", "prompt": "A faucet fills 40 liters at about 5 liters per minute. About how many minutes does it take?", "split": "train", "exact_value": 8.0}
{"id": "physics_estimate_000021", "topic": "physics_estimate", "subtopic": "fill_rate", "prompt": "A faucet fills 50 liters at about 4 liters per minute. About how many minutes does it take?", "split": "train", "exact_value": 12.5}
{"id": "physics_estimate_000022", "topic": "physics_estimate", "subtopic": "fill_rate", "prompt": "A faucet fills 20 liters at about 5 liters per minute. About how many minutes does it take?", "split": "train", "exact_value": 4.0}
{"id": "physics_estimate_000023", "topic": "physics_estimate", "subtopic": "fill_rate", "prompt": "A faucet fills 50 liters at about 4 liters per minute. About how many minutes does it take?", "split": "train", "exact_value": 12.5}
{"id": "physics_estimate_000024", "topic": "physics_estimate", "subtopic": "fill_rate", "prompt": "A faucet fills 15 liters at about 4 liters per minute. About how many minutes does it take?", "split": "train", "exact_value": 3.75}
{"id": "physics_estimate_000025", "topic": "physics_estimate", "subtopic": "fill_rate", "prompt": "A faucet fills 20 liters at about 7 liters per minute. About how many minutes does it take?", "split": "train", "exact_value": 2.857142857142857}
{"id": "physics_estimate_000026", "topic": "physics_estimate", "subtopic": "fill_rate", "prompt": "A faucet fills 20 liters at about 7 liters per minute. About how many minutes does it take?", "split": "train", "exact_value": 2.857142857142857}
{"id": "physics_estimate_000027", "topic": "physics_estimate", "subtopic": "fill_rate", "prompt": "A faucet fills 30 liters at about 8 liters per minute. About how many minutes does it take?", "split": "train", "exact_value": 3.75}
{"id": "physics_estimate_000028", "topic": "physics_estimate", "subtopic": "fill_rate", "prompt": "A faucet fills 15 liters at about 8 liters per minute. About how many minutes does it take?", "split": "train", "exact_value": 1.875}
{"id": "physics_estimate_000029", "topic": "physics_estimate", "subtopic": "fill_rate", "prompt": "A faucet fills 10 liters at about 4 liters per minute. About how many minutes does it take?", "split": "train", "exact_value": 2.5}
{"id": "physics_estimate_000030", "topic": "physics_estimate", "subtopic": "fill_rate", "prompt": "A faucet fills 10 liters at about 8 liters per minute. About how many minutes does it take?", "split": "train", "exact_value": 1.25}
{"id": "physics_estimate_000031", "topic": "physics_estimate", "subtopic": "fill_rate", "prompt": "A faucet fills 20 liters at about 8 liters per minute. About how many minutes does it take?", "split": "train", "exact_value": 2.5}
{"id": "physics_estimate_000032", "topic": "physics_estimate", "subtopic": "fill_rate", "prompt": "A faucet fills 40 liters at about 6 liters per minute. About how many minutes does it take?", "split": "train", "exact_value": 6.666666666666667}
{"id": "physics_estimate_000033", "topic": "physics_estimate", "subtopic": "fill_rate", "prompt": "A faucet fills 20 liters at about 6 liters per minute. About how many minutes does it take?", "split": "train", "exact_value": 3.3333333333333335}
{"id": "physics_estimate_000034", "topic": "physics_estimate", "subtopic": "fill_rate", "prompt": "A faucet fills 15 liters at about 8 liters per minute. About how many minutes does it take?", "split": "train", "exact_value": 1.875}
{"id": "physics_estimate_000035", "topic": "physics_estimate", "subtopic": "fill_rate", "prompt": "A faucet fills 15 liters at about 7 liters per minute. About how many minutes does it take?", "split": "train", "exact_value": 2.142857142857143}
{"id": "physics_estimate_000036", "topic": "physics_estimate", "subtopic": "fill_rate", "prompt": "A faucet fills 30 liters at about 8 liters per minute. About how many minutes does it take?", "split": "train", "exact_value": 3.75}
{"id": "physics_estimate_000037", "topic": "physics_estimate", "subtopic": "fill_rate", "prompt": "A faucet fills 10 liters at about 6 liters per minute. About how many minutes does it take?", "split": "train", "exact_value": 1.6666666666666667}
{"id": "physics_estimate_000038", "topic": "physics_estimate", "subtopic": "fill_rate", "prompt": "A faucet fills 15 liters at about 7 liters per minute. About how many minutes does it take?", "split": "train", "exact_value": 2.142857142857143}
{"id": "physics_estimate_000039", "topic": "physics_estimate", "subtopic": "fill_rate", "prompt": "A faucet fills 40 liters at about 4 liters per minute. About how many minutes does it take?", "split": "train", "exact_value": 10.0}
{"id": "physics_estimate_000040", "topic": "physics_estimate", "subtopic": "fill_rate", "prompt": "A faucet fills 40 liters at about 4 liters per minute. About how many minutes does it take?", "split": "train", "exact_value": 10.0}
{"id": "physics_estimate_000041", "topic": "physics_estimate", "subtopic": "fill_rate", "prompt": "A faucet fills 40 liters at about 6 liters per minute. About how many minutes does it take?", "split": "train", "exact_value": 6.666666666666667}
{"id": "physics_estimate_000042", "topic": "physics_estimate", "subtopic": "fill_rate", "prompt": "A faucet fills 20 liters at about 4 liters per minute. About how many minutes does it take?", "split": "train", "exact_value": 5.0}
{"id": "physics_estimate_000043", "topic": "physics_estimate", "subtopic": "fill_rate", "prompt": "A faucet fills 40 liters at about 6 liters per minute. About how many minutes does it take?", "split": "train", "exact_value": 6.666666666666667}
{"id": "physics_estimate_000044", "topic": "physics_estimate", "subtopic": "fill_rate", "prompt": "A faucet fills 40 liters at about 8 liters per minute. About how many minutes does it take?", "split": "train", "exact_value": 5.0}
{"id": "physics_estimate_000045", "topic": "physics_estimate", "subtopic": "fill_rate", "prompt": "A faucet fills 20 liters at about 7 liters per minute. About how many minutes does it take?", "split": "train", "exact_value": 2.857142857142857}
{"id": "physics_estimate_000046", "topic": "physics_estimate", "subtopic": "fill_rate", "prompt": "A faucet fills 30 liters at about 8 liters per minute. About how many minutes does it take?", "split": "train", "exact_value": 3.75}
{"id": "physics_estimate_000047", "topic": "physics_estimate", "subtopic": "fill_rate", "prompt": "A faucet fills 30 liters at about 5 liters per minute. About how many minutes does it take?", "split": "train", "exact_value": 6.0}
{"id": "physics_estimate_000048", "topic": "physics_estimate", "subtopic": "fill_rate", "prompt": "A faucet fills 20 liters at about 7 liters per minute. About how many minutes does it take?", "split": "train", "exact_value": 2.857142857142857}
{"id": "physics_estimate_000049", "topic": "physics_estimate", "subtopic": "fill_rate", "prompt": "A faucet fills 50 liters at about 7 liters per minute. About how many minutes does it take?", "split": "train", "exact_value": 7.142857142857143}
{"id": "physics_estimate_000050", "topic": "physics_estimate", "subtopic": "fill_rate", "prompt": "A faucet fills 40 liters at about 4 liters per minute. About how many minutes does it take?", "split": "train", "exact_value": 10.0}
{"id": "physics_estimate_000051", "topic": "physics_estimate", "subtopic": "fill_rate", "prompt": "A faucet fills 30 liters at about 4 liters per minute. About how many minutes does it take?", "split": "train", "exact_value": 7.5}
{"id": "physics_estimate_000052", "topic": "physics_estimate", "subtopic": "fill_rate", "prompt": "A faucet fills 20 liters at about 4 liters per minute. About how many minutes does it take?", "split": "train", "exact_value": 5.0}
{"id": "physics_estimate_000053", "topic": "physics_estimate", "subtopic": "fill_rate", "prompt": "A faucet fills 30 liters at about 5 liters per minute. About how many minutes does it take?", "split": "train", "exact_value": 6.0}
{"id": "physics_estimate_000054", "topic": "physics_estimate", "subtopic": "fill_rate", "prompt": "A faucet fills 50 liters at about 5 liters per minute. About how many minutes does it take?", "split": "train", "exact_value": 10.0}
{"id": "physics_estimate_000055", "topic": "physics_estimate", "subtopic": "fill_rate", "prompt": "A faucet fills 20 liters at about 7 liters per minute. About how many minutes does it take?", "split": "train", "exact_value": 2.857142857142857}
{"id": "physics_estimate_000056", "topic": "physics_estimate", "subtopic": "fill_rate", "prompt": "A faucet fills 20 liters at about 8 liters per minute. About how many minutes does it take?", "split": "train", "exact_value": 2.5}
{"id": "physics_estimate_000057", "topic": "physics_estimate", "subtopic": "fill_rate", "prompt": "A faucet fills 40 liters at about 4 liters per minute. About how many minutes does it take?", "split": "train", "exact_value": 10.0}
{"id": "physics_estimate_000058", "topic": "physics_estimate", "subtopic": "fill_rate", "prompt": "A faucet fills 50 liters at about 6 liters per minute. About how many minutes does it take?", "split": "train", "exact_value": 8.333333333333334}
{"id": "physics_estimate_000059", "topic": "physics_estimate", "subtopic": "fill_rate", "prompt": "A faucet fills 15 liters at about 6 liters per minute. About how many minutes does it take?", "split": "train", "exact_value": 2.5}
{"id": "physics_estimate_000060", "topic": "physics_estimate", "subtopic": "fill_rate", "prompt": "A faucet fills 10 liters at about 7 liters per minute. About how many minutes does it take?", "split": "train", "exact_value": 1.4285714285714286}
{"id": "physics_estimate_000061", "topic": "physics_estimate", "subtopic": "fill_rate", "prompt": "A faucet fills 50 liters at about 6 liters per minute. About how many minutes does it take?", "split": "train", "exact_value": 8.333333333333334}
{"id": "physics_estimate_000062", "topic": "physics_estimate", "subtopic": "fill_rate", "prompt": "A faucet fills 10 liters at about 8 liters per minute. About how many minutes does it take?", "split": "train", "exact_value": 1.25}
{"id": "physics_estimate_000063", "topic": "physics_estimate", "subtopic": "fill_rate", "prompt": "A faucet fills 15 liters at about 7 liters per minute. About how many minutes does it take?", "split": "train", "exact_value": 2.142857142857143}
{"id": "physics_estimate_000064", "topic": "physics_estimate", "subtopic": "fill_rate", "prompt": "A faucet fills 20 liters at about 6 liters per minute. About how many minutes does it take?", "split": "train", "exact_value": 3.3333333333333335}
{"id": "physics_estimate_000065", "topic": "physics_estimate", "subtopic": "fill_rate", "prompt": "A faucet fills 15 liters at about 8 liters per minute. About how many minutes does it take?", "split": "train", "exact_value": 1.875}
{"id": "physics_estimate_000066", "topic": "physics_estimate", "subtopic": "fill_rate", "prompt": "A faucet fills 20 liters at about 5 liters per minute. About how many minutes does it take?", "split": "train", "exact_value": 4.0}
{"id": "physics_estimate_000067", "topic": "physics_estimate", "subtopic": "fill_rate", "prompt": "A faucet fills 50 liters at about 5 liters per minute. About how many minutes does it take?", "split": "train", "exact_value": 10.0}
{"id": "physics_estimate_000068", "topic": "physics_estimate", "subtopic": "fill_rate", "prompt": "A faucet fills 30 liters at about 5 liters per minute. About how many minutes does it take?", "split": "train", "exact_value": 6.0}
{"id": "physics_estimate_000069", "topic": "physics_estimate", "subtopic": "fill_rate", "prompt": "A faucet fills 15 liters at about 5 liters per minute. About how many minutes does it take?", "split": "train", "exact_value": 3.0}
{"id": "physics_estimate_000070", "topic": "physics_estimate", "subtopic": "fill_rate", "prompt": "A faucet fills 20 liters at about 5 liters per minute. About how many minutes does it take?", "split": "train", "exact_value": 4.0}
{"id": "physics_estimate_000071", "topic": "physics_estimate", "subtopic": "fill_rate", "prompt": "A faucet fills 15 liters at about 5 liters per minute. About how many minutes does it take?", "split": "train", "exact_value": 3.0}
{"id": "physics_estimate_000072", "topic": "physics_estimate", "subtopic": "fill_rate", "prompt": "A faucet fills 15 liters at about 8 liters per minute. About how many minutes does it take?", "split": "train", "exact_value": 1.875}
{"id": "physics_estimate_000073", "topic": "physics_estimate", "subtopic": "fill_rate", "prompt": "A faucet fills 20 liters at about 5 liters per minute. About how many minutes does it take?", "split": "train", "exact_value": 4.0}
{"id": "physics_estimate_000074", "topic": "physics_estimate", "subtopic": "fill_rate", "prompt": "A faucet fills 10 liters at about 4 liters per minute. About how many minutes does it take?", "split": "train", "exact_value": 2.5}
{"id": "physics_estimate_000075", "topic": "physics_estimate", "subtopic": "fill_rate", "prompt": "A faucet fills 10 liters at about 7 liters per minute. About how many minutes does it take?", "split": "train", "exact_value": 1.4285714285714286}
{"id": "physics_estimate_000076", "topic": "physics_estimate", "subtopic": "fill_rate", "prompt": "A faucet fills 40 liters at about 4 liters per minute. About how many minutes does it take?", "split": "train", "exact_value": 10.0}
{"id": "physics_estimate_000077", "topic": "physics_estimate", "subtopic": "fill_rate", "prompt": "A faucet fills 40 liters at about 4 liters per minute. About how many minutes does it take?", "split": "train", "exact_value": 10.0}
{"id": "physics_estimate_000078", "topic": "physics_estimate", "subtopic": "fill_rate", "prompt": "A faucet fills 30 liters at about 6 liters per minute. About how many minutes does it take?", "split": "train", "exact_value": 5.0}
{"id": "physics_estimate_000079", "topic": "physics_estimate", "subtopic": "fill_rate", "prompt": "A faucet fills 40 liters at about 6 liters per minute. About how many minutes does it take?", "split": "train", "exact_value": 6.666666666666667}
{"id": "physics_estimate_000080", "topic": "physics_estimate", "subtopic": "fill_rate", "prompt": "A faucet fills 30 liters at about 8 liters per minute. About how many minutes does it take?", "split": "train", "exact_value": 3.75}
{"id": "physics_estimate_000081", "topic": "physics_estimate", "subtopic": "fill_rate", "prompt": "A faucet fills 20 liters at about 7 liters per minute. About how many minutes does it take?", "split": "train", "exact_value": 2.857142857142857}
{"id": "physics_estimate_000082", "topic": "physics_estimate", "subtopic": "fill_rate", "prompt": "A faucet fills 15 liters at about 8 liters per minute. About how many minutes does it take?", "split": "train", "exact_value": 1.875}
{"id": "physics_estimate_000083", "topic": "physics_estimate", "subtopic": "fill_rate", "prompt": "A faucet fills 20 liters at about 7 liters per minute. About how many minutes does it take?", "split": "train", "exact_value": 2.857142857142857}
{"id": "physics_estimate_000084", "topic": "physics_estimate", "subtopic": "fill_rate", "prompt": "A faucet fills 15 liters at about 8 liters per minute. About how many minutes does it take?", "split": "train", "exact_value": 1.875}
{"id": "physics_estimate_000085", "topic": "physics_estimate", "subtopic": "fill_rate", "prompt": "A faucet fills 15 liters at about 4 liters per minute. About how many minutes does it take?", "split": "train", "exact_value": 3.75}
{"id": "physics_estimate_000086", "topic": "physics_estimate", "subtopic": "fill_rate", "prompt": "A faucet fills 40 liters at about 7 liters per minute. About how many minutes does it take?", "split": "train", "exact_value": 5.714285714285714}
{"id": "physics_estimate_000087", "topic": "physics_estimate", "subtopic": "fill_rate", "prompt": "A faucet fills 30 liters at about 8 liters per minute. About how many minutes does it take?", "split": "train", "exact_value": 3.75}
{"id": "physics_estimate_000088", "topic": "physics_estimate", "subtopic": "fill_rate", "prompt": "A faucet fills 10 liters at about 8 liters per minute. About how many minutes does it take?", "split": "train", "exact_value": 1.25}
{"id": "physics_estimate_000089", "topic": "physics_estimate", "subtopic": "fill_rate", "prompt": "A faucet fills 20 liters at about 7 liters per minute. About how many minutes does it take?", "split": "train", "exact_value": 2.857142857142857}
{"id": "physics_estimate_000090", "topic": "physics_estimate", "subtopic": "fill_rate", "prompt": "A faucet fills 50 liters at about 5 liters per minute. About how many minutes does it take?", "split": "train", "exact_value": 10.0}
{"id": "physics_estimate_000091", "topic": "physics_estimate", "subtopic": "fill_rate", "prompt": "A faucet fills 30 liters at about 4 liters per minute. About how many minutes does it take?", "split": "train", "exact_value": 7.5}
{"id": "physics_estimate_000092", "topic": "physics_estimate", "subtopic": "fill_rate", "prompt": "A faucet fills 50 liters at about 8 liters per minute. About how many minutes does it take?", "split": "train", "exact_value": 6.25}
{"id": "physics_estimate_000093", "topic": "physics_estimate", "subtopic": "fill_rate", "prompt": "A faucet fills 30 liters at about 6 liters per minute. About how many minutes does it take?", "split": "train", "exact_value": 5.0}
{"id": "physics_estimate_000094", "topic": "physics_estimate", "subtopic": "fill_rate", "prompt": "A faucet fills 50 liters at about 4 liters per minute. About how many minutes does it take?", "split": "train", "exact_value": 12.5}
{"id": "physics_estimate_000095", "topic": "physics_estimate", "subtopic": "fill_rate", "prompt": "A faucet fills 10 liters at about 5 liters per minute. About how many minutes does it take?", "split": "train", "exact_value": 2.0}
{"id": "physics_estimate_000096", "topic": "physics_estimate", "subtopic": "fill_rate", "prompt": "A faucet fills 30 liters at about 8 liters per minute. About how many minutes does it take?", "split": "train", "exact_value": 3.75}
