{"id": "basket_sum_000171", "topic": "basket_sum", "subtopic": "decimal_prices", "prompt": "You’re buying 3 items: $7.04, $12.56, $5.78. About how much will you pay (before tax)?", "split": "test", "exact_value": 25.38}
{"id": "basket_sum_000172", "topic": "basket_sum", "subtopic": "decimal_prices", "prompt": "You’re buying 5 items: $5.34, $9.84, $12.56, $7.82, $10.37. About how much will you pay (before tax)?", "split": "test", "exact_value": 45.93}
{"id": "basket_sum_000173", "topic": "basket_sum", "subtopic": "decimal_prices", "prompt": "You’re buying 4 items: $8.84, $15.23, $7.80, $8.48. About how much will you pay (before tax)?", "split": "test", "exact_value": 40.35}
{"id": "basket_sum_000174", "topic": "basket_sum", "subtopic": "decimal_prices", "prompt": "You’re buying 6 items: $4.24, $3.31, $11.85, $5.18, $2.71, $5.97. About how much will you pay (before tax)?", "split": "test", "exact_value": 33.26}
{"id": "basket_sum_000175", "topic": "basket_sum", "subtopic": "decimal_prices", "prompt": "You’re buying 4 items: $11.45, $17.23, $4.55, $16.15. About how much will you pay (before tax)?", "split": "test", "exact_value": 49.38}
{"id": "basket_sum_000176", "topic": "basket_sum", "subtopic": "decimal_prices", "prompt": "You’re buying 4 items: $9.87, $0.98, $8.88, $3.37. About how much will you pay (before tax)?", "split": "test", "exact_value": 23.1}
{"id": "basket_sum_000177", "topic": "basket_sum", "subtopic": "decimal_prices", "prompt": "You’re buying 5 items: $15.87, $6.55, $11.58, $11.69, $8.44. About how much will you pay (before tax)?", "split": "test", "exact_value": 54.13}
{"id": "basket_sum_000178", "topic": "basket_sum", "subtopic": "decimal_prices", "prompt": "You’re buying 4 items: $1.94, $16.42, $9.94, $12.88. About how much will you pay (before tax)?", "split": "test", "exact_value": 41.18}
{"id": "basket_sum_000179", "topic": "basket_sum", "subtopic": "decimal_prices", "prompt": "You’re buying 6 items: $15.09, $5.78, $7.71, $11.49, $16.34, $7.40. About how much will you pay (before tax)?", "split": "test", "exact_value": 63.81}
{"id": "basket_sum_000180", "topic": "basket_sum", "subtopic": "decimal_prices", "prompt": "You’re buying 6 items: $3.12, $17.44, $19.28, $4.61, $11.85, $13.25. About how much will you pay (before tax)?", "split": "test", "exact_value": 69.55}
{"id": "basket_sum_000181", "topic": "basket_sum", "subtopic": "decimal_prices", "prompt": "You’re buying 4 items: $19.59, $6.25, $7.03, $10.59. About how much will you pay (before tax)?", "split": "test", "exact_value": 43.46}
{"id": "basket_sum_000182", "topic": "basket_sum", "subtopic": "decimal_prices", "prompt": "You’re buying 6 items: $17.87, $8.11, $6.29, $12.92, $3.57, $4.01. About how much will you pay (before tax)?", "split": "test", "exact_value": 52.77}
{"id": "basket_sum_000183", "topic": "basket_sum", "subtopic": "decimal_prices", "prompt": "You’re buying 5 items: $8.89, $12.55, $8.56, $18.21, $2.31. About how much will you pay (before tax)?", "split": "test", "exact_value": 50.52}
{"id": "basket_sum_000184", "topic": "basket_sum", "subtopic": "decimal_prices", "prompt": "You’re buying 5 items: $5.17, $6.87, $6.38, $5.93, $13.17. About how much will you pay (before tax)?", "split": "test", "exact_value": 37.52}
{"id": "basket_sum_000185", "topic": "basket_sum", "subtopic": "decimal_prices", "prompt": "You’re buying 5 items: $17.83, $15.78, $18.81, $15.15, $10.79. About how much will you pay (before tax)?", "split": "test", "exact_value": 78.36}
{"id": "basket_sum_000186", "topic": "basket_sum", "subtopic": "decimal_prices", "prompt": "You’re buying 6 items: $8.74, $4.32, $1.23, $14.76, $13.50, $18.85. About how much will you pay (before tax)?", "split": "test", "exact_value": 61.4}
{"id": "basket_sum_000187", "topic": "basket_sum", "subtopic": "decimal_prices", "prompt": "You’re buying 3 items: $4.83, $8.41, $2.62. About how much will you pay (before tax)?", "split": "test", "exact_value": 15.86}
{"id": "basket_sum_000188", "topic": "basket_sum", "subtopic": "decimal_prices", "prompt": "You’re buying 6 items: $11.32, $1.30, $8.41, $15.48, $2.39, $5.83. About how much will you pay (before tax)?", "split": "test", "exact_value": 44.73}
{"id": "basket_sum_000189", "topic": "basket_sum", "subtopic": "decimal_prices", "prompt": "You’re buying 4 items: $2.41, $18.68, $8.28, $5.19. About how much will you pay (before tax)?", "split": "test", "exact_value": 34.56}
{"id": "basket_sum_000190", "topic": "basket_sum", "subtopic": "decimal_prices", "prompt": "You’re buying 5 items: $9.30, $3.22, $10.90, $4.07, $1.46. About how much will you pay (before tax)?", "split": "test", "exact_value": 28.95}
{"id": "basket_sum_000191", "topic": "basket_sum", "subtopic": "decimal_prices", "prompt": "You’re buying 5 items: $17.31, $7.03, $9.93, $19.51, $11.17. About how much will you pay (before tax)?", "split": "test", "exact_value": 64.95}
{"id": "basket_sum_000192", "topic": "basket_sum", "subtopic": "decimal_prices", "prompt": "You’re buying 5 items: $11.32, $3.38, $19.00, $11.14, $12.13. About how much will you pay (before tax)?", "split": "test", "exact_value": 56.97}
{"id": "basket_sum_000193", "topic": "basket_sum", "subtopic": "decimal_prices", "prompt": "You’re buying 6 items: $12.91, $13.00, $11.62, $10.84, $13.07, $6.74. About how much will you pay (before tax)?", "split": "test", "exact_value": 68.18}
{"id": "basket_sum_000194", "topic": "basket_sum", "subtopic": "decimal_prices", "prompt": "You’re buying 5 items: $10.04, $5.15, $2.51, $6.70, $8.70. About how much will you pay (before tax)?", "split": "test", "exact_value": 33.1}
{"id": "basket_sum_000195", "topic": "basket_sum", "subtopic": "decimal_prices", "prompt": "You’re buying 4 items: $6.62, $0.79, $16.45, $17.07. About how much will you pay (before tax)?", "split": "test", "exact_value": 40.93}
{"id": "basket_sum_000196", "topic": "basket_sum", "subtopic": "decimal_prices", "prompt": "You’re buying 5 items: $6.30, $11.06, $14.00, $10.24, $15.30. About how much will you pay (before tax)?", "split": "test", "exact_value": 56.9}
{"id": "basket_sum_000197", "topic": "basket_sum", "subtopic": "decimal_prices", "prompt": "You’re buying 5 items: $0.97, $9.05, $6.41, $5.23, $0.93. About how much will you pay (before tax)?", "split": "test", "exact_value": 22.59}
{"id": "basket_sum_000198", "topic": "basket_sum", "subtopic": "decimal_prices", "prompt": "You’re buying 5 items: $4.41, $17.73, $9.18, $5.59, $14.52. About how much will you pay (before tax)?", "split": "test", "exact_value": 51.43}
{"id": "basket_sum_000199", "topic": "basket_sum", "subtopic": "decimal_prices", "prompt": "You’re buying 6 items: $16.70, $5.03, $2.31, $12.80, $10.71, $16.15. About how much will you pay (before tax)?", "split": "test", "exact_value": 63.7}
{"id": "basket_sum_000200", "topic": "basket_sum", "subtopic": "decimal_prices", "prompt": "You’re buying 5 items: $6.26, $15.05, $16.32, $8.72, $17.18. About how much will you pay (before tax)?", "split": "test", "exact_value": 63.53}
{"id": "basket_sum_000201", "topic": "basket_sum", "subtopic": "decimal_prices", "prompt": "You’re buying 4 items: $3.41, $2.91, $9.53, $9.48. About how much will you pay (before tax)?", "split": "test", "exact_value": 25.33}
{"id": "basket_sum_000202", "topic": "basket_sum", "subtopic": "decimal_prices", "prompt": "You’re buying 6 items: $4.40, $1.16, $1.74, $11.06, $4.36, $2.75. About how much will you pay (before tax)?", "split": "test", "exact_value": 25.47}
{"id": "basket_sum_000203", "topic": "basket_sum", "subtopic": "decimal_prices", "prompt": "You’re buying 5 items: $3.19, $9.21, $0.95, $2.52, $1.07. About how much will you pay (before tax)?", "split": "test", "exact_value": 16.94}
{"id": "basket_sum_000204", "topic": "basket_sum", "subtopic": "decimal_prices", "prompt": "You’re buying 4 items: $7.35, $6.77, $16.14, $19.95. About how much will you pay (before tax)?", "split": "test", "exact_value": 50.21}
{"id": "basket_sum_000205", "topic": "basket_sum", "subtopic": "decimal_prices", "prompt": "You’re buying 6 items: $14.17, $1.40, $2.33, $15.20, $3.59, $5.91. About how much will you pay (before tax)?", "split": "test", "exact_value": 42.6}
{"id": "basket_sum_000206", "topic": "basket_sum", "subtopic": "decimal_prices", "prompt": "You’re buying 6 items: $2.16, $9.82, $4.48, $16.95, $16.48, $16.69. About how much will you pay (before tax)?", "split": "test", "exact_value": 66.58}
{"id": "basket_sum_000207", "topic": "basket_sum", "subtopic": "decimal_prices", "prompt": "You’re buying 3 items: $19.50, $14.51, $8.18. About how much will you pay (before tax)?", "split": "test", "exact_value": 42.19}
{"id": "basket_sum_000208", "topic": "basket_sum", "subtopic": "decimal_prices", "prompt": "You’re buying 6 items: $5.54, $19.89, $4.61, $14.91, $2.59, $13.58. About how much will you pay (before tax)?", "split": "test", "exact_value": 61.12}
{"id": "basket_sum_000209", "topic": "basket_sum", "subtopic": "decimal_prices", "prompt": "You’re buying 4 items: $9.87, $13.87, $6.78, $6.99. About how much will you pay (before tax)?", "split": "test", "exact_value": 37.51}
{"id": "basket_sum_000210", "topic": "basket_sum", "subtopic": "decimal_prices", "prompt": "You’re buying 3 items: $15.09, $11.34, $3.14. About how much will you pay (before tax)?", "split": "test", "exact_value": 29.57}
{"id": "basket_sum_000211", "topic": "basket_sum", "subtopic": "decimal_prices", "prompt": "You’re buying 6 items: $13.05, $4.61, $17.83, $17.37, $4.97, $2.96. About how much will you pay (before tax)?", "split": "test", "exact_value": 60.79}
{"id": "basket_sum_000212", "topic": "basket_sum", "subtopic": "decimal_prices", "prompt": "You’re buying 6 items: $7.02, $4.00, $6.09, $3.09, $15.94, $0.96. About how much will you pay (before tax)?", "split": "test", "exact_value": 37.1}
{"id": "basket_sum_000213", "topic": "basket_sum", "subtopic": "decimal_prices", "prompt": "You’re buying 3 items: $11.95, $14.05, $14.01. About how much will you pay (before tax)?", "split": "test", "exact_value": 40.01}
{"id": "basket_sum_000214", "topic": "basket_sum", "subtopic": "decimal_prices", "prompt": "You’re buying 4 items: $7.92, $2.51, $3.82, $2.54. About how much will you pay (before tax)?", "split": "test", "exact_value": 16.79}
{"id": "basket_sum_000215", "topic": "basket_sum", "subtopic": "decimal_prices", "prompt": "You’re buying 5 items: $18.66, $19.93, $12.79, $1.94, $13.17. About how much will you pay (before tax)?", "split": "test", "exact_value": 66.49}
{"id": "basket_sum_000216", "topic": "basket_sum", "subtopic": "decimal_prices", "prompt": "You’re buying 3 items: $3.21, $5.26, $19.64. About how much will you pay (before tax)?", "split": "test", "exact_value": 28.11}
{"id": "basket_sum_000217", "topic": "basket_sum", "subtopic": "decimal_prices", "prompt": "You’re buying 5 items: $16.26, $9.21, $4.49, $14.02, $7.67. About how much will you pay (before tax)?", "split": "test", "exact_value": 51.65}
{"id": "basket_sum_000218", "topic": "basket_sum", "subtopic": "decimal_prices", "prompt": "You’re buying 4 items: $5.60, $1.55, $14.36, $11.52. About how much will you pay (before tax)?", "split": "test", "exact_value": 33.03}
{"id": "basket_sum_000219", "topic": "basket_sum", "subtopic": "decimal_prices", "prompt": "You’re buying 6 items: $4.43, $4.37, $7.47, $14.85, $6.08, $16.75. About how much will you pay (before tax)?", "split": "test", "exact_value": 53.95}
{"id": "basket_sum_000220", "topic": "basket_sum", "subtopic": "decimal_prices", "prompt": "You’re buying 4 items: $2.11, $3.77, $6.47, $5.85. About how much will you pay (before tax)?", "split": "test", "exact_value": 18.2}
{"id": "basket_sum_000221", "topic": "basket_sum", "subtopic": "decimal_prices", "prompt": "You’re buying 5 items: $9.51, $15.69, $10.50, $14.88, $17.74. About how much will you pay (before tax)?", "split": "test", "exact_value": 68.32}
{"id": "basket_sum_000222", "topic": "basket_sum", "subtopic": "decimal_prices", "prompt": "You’re buying 5 items: $15.69, $5.37, $14.63, $13.43, $11.14. About how much will you pay (before tax)?", "split": "test", "exact_value": 60.26}
{"id": "basket_sum_000223", "topic": "basket_sum", "subtopic": "decimal_prices", "prompt": "You’re buying 6 items: $4.44, $13.91, $15.49, $3.75, $6.23, $8.66. About how much will you pay (before tax)?", "split": "test", "exact_value": 52.48}
{"id": "basket_sum_000224", "topic": "basket_sum", "subtopic": "decimal_prices", "prompt": "You’re buying 5 items: $2.91, $10.84, $2.07, $16.83, $3.28. About how much will you pay (before tax)?", "split": "test", "exact_value": 35.93}
{"id": "basket_sum_000225", "topic": "basket_sum", "subtopic": "decimal_prices", "prompt": "You’re buying 3 items: $4.67, $10.11, $2.69. About how much will you pay (before tax)?", "split": "test", "exact_value": 17.47}
{"id": "basket_sum_000226", "topic": "basket_sum", "subtopic": "decimal_prices", "prompt": "You’re buying 6 items: $13.42, $10.89, $14.26, $5.70, $7.82, $12.42. About how much will you pay (before tax)?", "split": "test", "exact_value": 64.51}
{"id": "basket_sum_000227", "topic": "basket_sum", "subtopic": "decimal_prices", "prompt": "You’re buying 3 items: $1.04, $18.47, $13.38. About how much will you pay (before tax)?", "split": "test", "exact_value": 32.89}
{"id": "basket_sum_000228", "topic": "basket_sum", "subtopic": "decimal_prices", "prompt": "You’re buying 3 items: $9.78, $13.06, $7.72. About how much will you pay (before tax)?", "split": "test", "exact_value": 30.56}
{"id": "basket_sum_000229", "topic": "basket_sum", "subtopic": "decimal_prices", "prompt": "You’re buying 6 items: $16.57, $16.04, $1.91, $12.64, $10.95, $14.89. About how much will you pay (before tax)?", "split": "test", "exact_value": 73.0}
{"id": "basket_sum_000230", "topic": "basket_sum", "subtopic": "decimal_prices", "prompt": "You’re buying 5 items: $2.29, $4.94, $10.76, $2.73, $5.23. About how much will you pay (before tax)?", "split": "test", "exact_value": 25.95}
{"id": "basket_sum_000231", "topic": "basket_sum", "subtopic": "decimal_prices", "prompt": "You’re buying 6 items: $4.43, $10.89, $5.57, $12.80, $4.22, $15.17. About how much will you pay (before tax)?", "split": "test", "exact_value": 53.08}
{"id": "basket_sum_000232", "topic": "basket_sum", "subtopic": "decimal_prices", "prompt": "You’re buying 6 items: $15.12, $15.50, $11.86, $13.74, $14.28, $8.99. About how much will you pay (before tax)?", "split": "test", "exact_value": 79.49}
{"id": "basket_sum_000233", "topic": "basket_sum", "subtopic": "decimal_prices", "prompt": "You’re buying 3 items: $3.99, $4.25, $8.50. About how much will you pay (before tax)?", "split": "test", "exact_value": 16.74}
{"id": "basket_sum_000234", "topic": "basket_sum", "subtopic": "decimal_prices", "prompt": "You’re buying 5 items: $13.41, $11.04, $12.31, $18.71, $18.12. About how much will you pay (before tax)?", "split": "test", "exact_value": 73.59}
{"id": "basket_sum_000235", "topic": "basket_sum", "subtopic": "decimal_prices", "prompt": "You’re buying 5 items: $17.01, $8.71, $12.95, $16.65, $7.00. About how much will you pay (before tax)?", "split": "test", "exact_value": 62.32}
{"id": "basket_sum_000236", "topic": "basket_sum", "subtopic": "decimal_prices", "prompt": "You’re buying 4 items: $11.60, $4.90, $15.49, $18.57. About how much will you pay (before tax)?", "split": "test", "exact_value": 50.56}
{"id": "basket_sum_000237", "topic": "basket_sum", "subtopic": "decimal_prices", "prompt": "You’re buying 5 items: $7.70, $9.48, $19.22, $0.79, $1.46. About how much will you pay (before tax)?", "split": "test", "exact_value": 38.65}
{"id": "basket_sum_000238", "topic": "basket_sum", "subtopic": "decimal_prices", "prompt": "You’re buying 5 items: $12.23, $10.73, $19.86, $6.59, $6.56. About how much will you pay (before tax)?", "split": "test", "exact_value": 55.97}
{"id": "basket_sum_000239", "topic": "basket_sum", "subtopic": "decimal_prices", "prompt": "You’re buying 4 items: $4.91, $6.84, $15.60, $18.90. About how much will you pay (before tax)?", "split": "test", "exact_value": 46.25}
{"id": "basket_sum_000240", "topic": "basket_sum", "subtopic": "decimal_prices", "prompt": "You’re buying 5 items: $18.44, $10.61, $11.75, $11.76, $2.60. About how much will you pay (before tax)?", "split": "test", "exact_value": 55.16}
{"id": "basket_sum_000241", "topic": "basket_sum", "subtopic": "decimal_prices", "prompt": "You’re buying 6 items: $7.62, $3.45, $7.84, $11.97, $5.26, $16.36. About how much will you pay (before tax)?", "split": "test", "exact_value": 52.5}
{"id": "basket_sum_000242", "topic": "basket_sum", "subtopic": "decimal_prices", "prompt": "You’re buying 3 items: $11.74, $11.72, $4.96. About how much will you pay (before tax)?", "split": "test", "exact_value": 28.42}
{"id": "basket_sum_000243", "topic": "basket_sum", "subtopic": "decimal_prices", "prompt": "You’re buying 3 items: $14.68, $16.01, $4.11. About how much will you pay (before tax)?", "split": "test", "exact_value": 34.8}
{"id": "basket_sum_000244", "topic": "basket_sum", "subtopic": "decimal_prices", "prompt": "You’re buying 3 items: $12.22, $6.56, $14.82. About how much will you pay (before tax)?", "split": "test", "exact_value": 33.6}
{"id": "basket_sum_000245", "topic": "basket_sum", "subtopic": "decimal_prices", "prompt": "You’re buying 6 items: $2.30, $1.86, $15.59, $7.47, $16.48, $8.79. About how much will you pay (before tax)?", "split": "test", "exact_value": 52.49}
{"id": "basket_sum_000246", "topic": "basket_sum", "subtopic": "decimal_prices", "prompt": "You’re buying 3 items: $17.49, $5.14, $13.32. About how much will you pay (before tax)?", "split": "test", "exact_value": 35.95}
{"id": "basket_sum_000247", "topic": "basket_sum", "subtopic": "decimal_prices", "prompt": "You’re buying 3 items: $12.96, $12.93, $1.83. About how much will you pay (before tax)?", "split": "test", "exact_value": 27.72}
{"id": "basket_sum_000248", "topic": "basket_sum", "subtopic": "decimal_prices", "prompt": "You’re buying 3 items: $6.92, $11.64, $7.07. About how much will you pay (before tax)?", "split": "test", "exact_value": 25.63}
{"id": "basket_sum_000249", "topic": "basket_sum", "subtopic": "decimal_prices", "prompt": "You’re buying 4 items: $3.73, $13.72, $19.94, $19.43. About how much will you pay (before tax)?", "split": "test", "exact_value": 56.82}
{"id": "basket_sum_000250", "topic": "basket_sum", "subtopic": "decimal_prices", "prompt": "You’re buying 3 items: $5.05, $6.35, $8.36. About how much will you pay (before tax)?", "split": "test", "exact_value": 19.76}
{"id": "basket_sum_000251", "topic": "basket_sum", "subtopic": "decimal_prices", "prompt": "You’re buying 4 items: $7.24, $9.93, $15.10, $11.31. About how much will you pay (before tax)?", "split": "test", "exact_value": 43.58}
{"id": "basket_sum_000252", "topic": "basket_sum", "subtopic": "decimal_prices", "prompt": "You’re buying 5 items: $2.42, $10.43, $15.65, $3.29, $3.38. About how much will you pay (before tax)?", "split": "test", "exact_value": 35.17}
{"id": "basket_sum_000253", "topic": "basket_sum", "subtopic": "decimal_prices", "prompt": "You’re buying 4 items: $10.16, $13.31, $4.56, $12.62. About how much will you pay (before tax)?", "split": "test", "exact_value": 40.65}
{"id": "basket_sum_000254", "topic": "basket_sum", "subtopic": "decimal_prices", "prompt": "You’re buying 4 items: $5.44, $5.90, $9.05, $13.94. About how much will you pay (before tax)?", "split": "test", "exact_value": 34.33}
{"id": "basket_sum_000255", "topic": "basket_sum", "subtopic": "decimal_prices", "prompt": "You’re buying 3 items: $2.95, $8.73, $7.80. About how much will you pay (before tax)?", "split": "test", "exact_value": 19.48}
{"id": "basket_sum_000256", "topic": "basket_sum", "subtopic": "decimal_prices", "prompt": "You’re buying 4 items: $6.95, $12.19, $1.25, $6.64. About how much will you pay (before tax)?", "split": "test", "exact_value": 27.03}
{"id": "basket_sum_000257", "topic": "basket_sum", "subtopic": "decimal_prices", "prompt": "You’re buying 5 items: $12.62, $19.80, $9.28, $3.59, $1.65. About how much will you pay (before tax)?", "split": "test", "exact_value": 46.94}
{"id": "basket_sum_000258", "topic": "basket_sum", "subtopic": "decimal_prices", "prompt": "You’re buying 4 items: $4.62, $7.97, $15.34, $17.16. About how much will you pay (before tax)?", "split": "test", "exact_value": 45.09}
{"id": "basket_sum_000259", "topic": "basket_sum", "subtopic": "decimal_prices", "prompt": "You’re buying 3 items: $14.99, $5.46, $12.71. About how much will you pay (before tax)?", "split": "test", "exact_value": 33.16}
{"id": "basket_sum_000260", "topic": "basket_sum", "subtopic": "decimal_prices", "prompt": "You’re buying 4 items: $17.47, $16.54, $1.05, $14.11. About how much will you pay (before tax)?", "split": "test", "exact_value": 49.17}
{"id": "basket_sum_000261", "topic": "basket_sum", "subtopic": "decimal_prices", "prompt": "You’re buying 3 items: $6.65, $9.84, $7.16. About how much will you pay (before tax)?", "split": "test", "exact_value": 23.65}
{"id": "basket_sum_000262", "topic": "basket_sum", "subtopic": "decimal_prices", "prompt": "You’re buying 4 items: $4.70, $10.84, $5.76, $10.06. About how much will you pay (before tax)?", "split": "test", "exact_value": 31.36}
{"id": "basket_sum_000263", "topic": "basket_sum", "subtopic": "decimal_prices", "prompt": "You’re buying 4 items: $14.14, $13.62, $8.02, $18.19. About how much will you pay (before tax)?", "split": "test", "exact_value": 53.97}
{"id": "basket_sum_000264", "topic": "basket_sum", "subtopic": "decimal_prices", "prompt": "You’re buying 3 items: $5.69, $1.94, $4.64. About how much will you pay (before tax)?", "split": "test", "exact_value": 12.27}
{"id": "basket_sum_000265", "topic": "basket_sum", "subtopic": "decimal_prices", "prompt": "You’re buying 5 items: $1.81, $13.36, $0.95, $8.25, $6.00. About how much will you pay (before tax)?", "split": "test", "exact_value": 30.37}
{"id": "basket_sum_000266", "topic": "basket_sum", "subtopic": "decimal_prices", "prompt": "You’re buying 5 items: $17.38, $1.16, $17.44, $13.26, $5.23. About how much will you pay (before tax)?", "split": "test", "exact_value": 54.47}
{"id": "basket_sum_000267", "topic": "basket_sum", "subtopic": "decimal_prices", "prompt": "You’re buying 6 items: $10.55, $14.42, $18.14, $10.10, $12.25, $2.48. About how much will you pay (before tax)?", "split": "test", "exact_value": 67.94}
{"id": "basket_sum_000268", "topic": "basket_sum", "subtopic": "decimal_prices", "prompt": "You’re buying 4 items: $10.40, $9.58, $18.58, $1.20. About how much will you pay (before tax)?", "split": "test", "exact_value": 39.76}
{"id": "basket_sum_000269", "topic": "basket_sum", "subtopic": "decimal_prices", "prompt": "You’re buying 4 items: $18.50, $6.64, $10.20, $15.08. About how much will you pay (before tax)?", "split": "test", "exact_value": 50.42}
{"id": "basket_sum_000270", "topic": "basket_sum", "subtopic": "decimal_prices", "prompt": "You’re buying 3 items: $7.45, $7.55, $12.79. About how much will you pay (before tax)?", "split": "test", "exact_value": 27.79}
{"id": "basket_sum_000271", "topic": "basket_sum", "subtopic": "decimal_prices", "prompt": "You’re buying 4 items: $19.91, $19.58, $6.09, $1.98. About how much will you pay (before tax)?", "split": "test", "exact_value": 47.56}
{"id": "basket_sum_000272", "topic": "basket_sum", "subtopic": "decimal_prices", "prompt": "You’re buying 5 items: $17.66, $17.89, $16.44, $1.36, $11.44. About how much will you pay (before tax)?", "split": "test", "exact_value": 64.79}
{"id": "basket_sum_000273", "topic": "basket_sum", "subtopic": "decimal_prices", "prompt": "You’re buying 5 items: $5.12, $7.35, $8.33, $3.43, $14.80. About how much will you pay (before tax)?", "split": "test", "exact_value": 39.03}
{"id": "basket_sum_000274", "topic": "basket_sum", "subtopic": "decimal_prices", "prompt": "You’re buying 4 items: $8.80, $11.79, $8.98, $6.79. About how much will you pay (before tax)?", "split": "test", "exact_value": 36.36}
{"id": "basket_sum_000275", "topic": "basket_sum", "subtopic": "decimal_prices", "prompt": "You’re buying 5 items: $9.41, $3.32, $13.32, $11.95, $13.92. About how much will you pay (before tax)?", "split": "test", "exact_value": 51.92}
{"id": "basket_sum_000276", "topic": "basket_sum", "subtopic": "decimal_prices", "prompt": "You’re buying 4 items: $17.35, $6.72, $14.33, $10.85. About how much will you pay (before tax)?", "split": "test", "exact_value": 49.25}
{"id": "basket_sum_000277", "topic": "basket_sum", "subtopic": "decimal_prices", "prompt": "You’re buying 4 items: $9.05, $18.24, $15.57, $13.39. About how much will you pay (before tax)?", "split": "test", "exact_value": 56.25}
{"id": "basket_sum_000278", "topic": "basket_sum", "subtopic": "decimal_prices", "prompt": "You’re buying 4 items: $6.89, $11.49, $19.00, $3.06. About how much will you pay (before tax)?", "split": "test", "exact_value": 40.44}
{"id": "basket_sum_000279", "topic": "basket_sum", "subtopic": "decimal_prices", "prompt": "You’re buying 5 items: $16.91, $3.58, $1.36, $6.91, $19.47. About how much will you pay (before tax)?", "split": "test", "exact_value": 48.23}
{"id": "basket_sum_000280", "topic": "basket_sum", "subtopic": "decimal_prices", "prompt": "You’re buying 6 items: $6.61, $15.11, $16.57, $13.02, $14.97, $3.71. About how much will you pay (before tax)?", "split": "test", "exact_value": 69.99}
{"id": "basket_sum_000281", "topic": "basket_sum", "subtopic": "decimal_prices", "prompt": "You’re buying 4 items: $2.84, $4.34, $15.43, $12.54. About how much will you pay (before tax)?", "split": "test", "exact_value": 35.15}
{"id": "basket_sum_000282", "topic": "basket_sum", "subtopic": "decimal_prices", "prompt": "You’re buying 5 items: $12.42, $12.55, $12.24, $5.22, $1.29. About how much will you pay (before tax)?", "split": "test", "exact_value": 43.72}
{"id": "basket_sum_000283", "topic": "basket_sum", "subtopic": "decimal_prices", "prompt": "You’re buying 3 items: $14.00, $9.94, $10.43. About how much will you pay (before tax)?", "split": "test", "exact_value": 34.37}
{"id": "basket_sum_000284", "topic": "basket_sum", "subtopic": "decimal_prices", "prompt": "You’re buying 6 items: $14.46, $7.97, $17.15, $10.23, $3.43, $4.50. About how much will you pay (before tax)?", "split": "test", "exact_value": 57.74}
{"id": "basket_sum_000285", "topic": "basket_sum", "subtopic": "decimal_prices", "prompt": "You’re buying 3 items: $8.63, $19.39, $18.56. About how much will you pay (before tax)?", "split": "test", "exact_value": 46.58}
{"id": "basket_sum_000286", "topic": "basket_sum", "subtopic": "decimal_prices", "prompt": "You’re buying 6 items: $5.06, $13.68, $4.68, $4.72, $4.19, $19.12. About how much will you pay (before tax)?", "split": "test", "exact_value": 51.45}
{"id": "basket_sum_000287", "topic": "basket_sum", "subtopic": "decimal_prices", "prompt": "You’re buying 6 items: $17.44, $10.20, $7.03, $9.57, $5.53, $8.56. About how much will you pay (before tax)?", "split": "test", "exact_value": 58.33}
{"id": "basket_sum_000288", "topic": "basket_sum", "subtopic": "decimal_prices", "prompt": "You’re buying 3 items: $12.46, $16.62, $14.62. About how much will you pay (before tax)?", "split": "test", "exact_value": 43.7}
{"id": "basket_sum_000289", "topic": "basket_sum", "subtopic": "decimal_prices", "prompt": "You’re buying 6 items: $12.53, $15.05, $12.19, $10.87, $17.61, $15.90. About how much will you pay (before tax)?", "split": "test", "exact_value": 84.15}
{"id": "basket_sum_000290", "topic": "basket_sum", "subtopic": "decimal_prices", "prompt": "You’re buying 3 items: $9.46, $16.67, $1.60. About how much will you pay (before tax)?", "split": "test", "exact_value": 27.73}
{"id": "basket_sum_000291", "topic": "basket_sum", "subtopic": "decimal_prices", "prompt": "You’re buying 4 items: $10.75, $8.39, $14.91, $11.50. About how much will you pay (before tax)?", "split": "test", "exact_value": 45.55}
{"id": "basket_sum_000292", "topic": "basket_sum", "subtopic": "decimal_prices", "prompt": "You’re buying 3 items: $4.44, $9.23, $17.77. About how much will you pay (before tax)?", "split": "test", "exact_value": 31.44}
{"id": "basket_sum_000293", "topic": "basket_sum", "subtopic": "decimal_prices", "prompt": "You’re buying 5 items: $9.65, $8.90, $12.56, $1.84, $10.72. About how much will you pay (before tax)?", "split": "test", "exact_value": 43.67}
{"id": "basket_sum_000294", "topic": "basket_sum", "subtopic": "decimal_prices", "prompt": "You’re buying 4 items: $9.69, $13.20, $2.53, $10.40. About how much will you pay (before tax)?", "split": "test", "exact_value": 35.82}
{"id": "basket_sum_000295", "topic": "basket_sum", "subtopic": "decimal_prices", "prompt": "You’re buying 4 items: $15.74, $18.80, $14.16, $3.39. About how much will you pay (before tax)?", "split": "test", "exact_value": 52.09}
{"id": "basket_sum_000296", "topic": "basket_sum", "subtopic": "decimal_prices", "prompt": "You’re buying 6 items: $7.00, $1.27, $9.50, $18.01, $17.99, $17.73. About how much will you pay (before tax)?", "split": "test", "exact_value": 71.5}
{"id": "basket_sum_000297", "topic": "basket_sum", "subtopic": "decimal_prices", "prompt": "You’re buying 3 items: $5.59, $14.07, $18.21. About how much will you pay (before tax)?", "split": "test", "exact_value": 37.87}
{"id": "basket_sum_000298", "topic": "basket_sum", "subtopic": "decimal_prices", "prompt": "You’re buying 4 items: $14.58, $3.16, $2.98, $9.42. About how much will you pay (before tax)?", "split": "test", "exact_value": 30.14}
{"id": "basket_sum_000299", "topic": "basket_sum", "subtopic": "decimal_prices", "prompt": "You’re buying 5 items: $2.43, $14.37, $14.75, $19.51, $12.54. About how much will you pay (before tax)?", "split": "test", "exact_value": 63.6}
{"id": "basket_sum_000300", "topic": "basket_sum", "subtopic": "decimal_prices", "prompt": "You’re buying 4 items: $8.06, $8.10, $15.54, $18.31. About how much will you pay (before tax)?", "split": "test", "exact_value": 50.01}
{"id": "basket_sum_000301", "topic": "basket_sum", "subtopic": "decimal_prices", "prompt": "You’re buying 4 items: $3.90, $3.57, $15.56, $1.78. About how much will you pay (before tax)?", "split": "test", "exact_value": 24.81}
{"id": "basket_sum_000302", "topic": "basket_sum", "subtopic": "decimal_prices", "prompt": "You’re buying 5 items: $6.73, $15.55, $9.36, $12.82, $3.05. About how much will you pay (before tax)?", "split": "test", "exact_value": 47.51}
{"id": "basket_sum_000303", "topic": "basket_sum", "subtopic": "decimal_prices", "prompt": "You’re buying 4 items: $19.23, $0.86, $15.49, $1.02. About how much will you pay (before tax)?", "split": "test", "exact_value": 36.6}
{"id": "basket_sum_000304", "topic": "basket_sum", "subtopic": "decimal_prices", "prompt": "You’re buying 6 items: $17.21, $11.23, $0.90, $17.74, $5.36, $12.10. About how much will you pay (before tax)?", "split": "test", "exact_value": 64.54}
{"id": "basket_sum_000305", "topic": "basket_sum", "subtopic": "decimal_prices", "prompt": "You’re buying 6 items: $9.50, $9.27, $12.33, $0.92, $17.73, $6.13. About how much will you pay (before tax)?", "split": "test", "exact_value": 55.88}
{"id": "basket_sum_000306", "topic": "basket_sum", "subtopic": "decimal_prices", "prompt": "You’re buying 4 items: $1.73, $3.64, $13.33, $1.50. About how much will you pay (before tax)?", "split": "test", "exact_value": 20.2}
{"id": "basket_sum_000307", "topic": "basket_sum", "subtopic": "decimal_prices", "prompt": "You’re buying 3 items: $13.60, $16.88, $6.52. About how much will you pay (before tax)?", "split": "test", "exact_value": 37.0}
{"id": "basket_sum_000308", "topic": "basket_sum", "subtopic": "decimal_prices", "prompt": "You’re buying 3 items: $1.73, $8.80, $4.21. About how much will you pay (before tax)?", "split": "test", "exact_value": 14.74}
{"id": "basket_sum_000309", "topic": "basket_sum", "subtopic": "decimal_prices", "prompt": "You’re buying 5 items: $12.52, $14.07, $12.21, $15.91, $4.20. About how much will you pay (before tax)?", "split": "test", "exact_value": 58.91}
{"id": "basket_sum_000310", "topic": "basket_sum", "subtopic": "decimal_prices", "prompt": "You’re buying 6 items: $15.18, $7.71, $1.48, $15.55, $6.99, $18.02. About how much will you pay (before tax)?", "split": "test", "exact_value": 64.93}
{"id": "basket_sum_000311", "topic": "basket_sum", "subtopic": "decimal_prices", "prompt": "You’re buying 3 items: $15.35, $16.98, $2.04. About how much will you pay (before tax)?", "split": "test", "exact_value": 34.37}
{"id": "basket_sum_000312", "topic": "basket_sum", "subtopic": "decimal_prices", "prompt": "You’re buying 6 items: $3.37, $14.13, $6.06, $10.91, $10.86, $14.15. About how much will you pay (before tax)?", "split": "test", "exact_value": 59.48}
{"id": "basket_sum_000313", "topic": "basket_sum", "subtopic": "decimal_prices", "prompt": "You’re buying 3 items: $2.89, $14.80, $12.87. About how much will you pay (before tax)?", "split": "test", "exact_value": 30.56}
{"id": "basket_sum_000314", "topic": "basket_sum", "subtopic": "decimal_prices", "prompt": "You’re buying 3 items: $10.08, $14.01, $18.72. About how much will you pay (before tax)?", "split": "test", "exact_value": 42.81}
{"id": "basket_sum_000315", "topic": "basket_sum", "subtopic": "decimal_prices", "prompt": "You’re buying 5 items: $8.99, $17.07, $5.78, $11.83, $12.76. About how much will you pay (before tax)?", "split": "test", "exact_value": 56.43}
{"id": "basket_sum_000316", "topic": "basket_sum", "subtopic": "decimal_prices", "prompt": "You’re buying 4 items: $12.58, $10.32, $14.79, $10.35. About how much will you pay (before tax)?", "split": "test", "exact_value": 48.04}
{"id": "basket_sum_000317", "topic": "basket_sum", "subtopic": "decimal_prices", "prompt": "You’re buying 4 items: $17.76, $5.26, $6.37, $4.51. About how much will you pay (before tax)?", "split": "test", "exact_value": 33.9}
{"id": "basket_sum_000318", "topic": "basket_sum", "subtopic": "decimal_prices", "prompt": "You’re buying 3 items: $1.25, $12.80, $3.05. About how much will you pay (before tax)?", "split": "test", "exact_value": 17.1}
{"id": "basket_sum_000319", "topic": "basket_sum", "subtopic": "decimal_prices", "prompt": "You’re buying 4 items: $16.14, $19.97, $8.74, $7.20. About how much will you pay (before tax)?", "split": "test", "exact_value": 52.05}
{"id": "basket_sum_000320", "topic": "basket_sum", "subtopic": "decimal_prices", "prompt": "You’re buying 4 items: $1.01, $4.65, $6.20, $15.96. About how much will you pay (before tax)?", "split": "test", "exact_value": 27.82}
{"id": "basket_sum_000321", "topic": "basket_sum", "subtopic": "decimal_prices", "prompt": "You’re buying 5 items: $6.56, $11.35, $15.52, $2.98, $7.19. About how much will you pay (before tax)?", "split": "test", "exact_value": 43.6}
{"id": "basket_sum_000322", "topic": "basket_sum", "subtopic": "decimal_prices", "prompt": "You’re buying 6 items: $14.70, $12.62, $1.35, $4.16, $7.14, $7.28. About how much will you pay (before tax)?", "split": "test", "exact_value": 47.25}
{"id": "basket_sum_000323", "topic": "basket_sum", "subtopic": "decimal_prices", "prompt": "You’re buying 6 items: $18.38, $16.10, $13.19, $10.03, $12.83, $17.92. About how much will you pay (before tax)?", "split": "test", "exact_value": 88.45}
{"id": "basket_sum_000324", "topic": "basket_sum", "subtopic": "decimal_prices", "prompt": "You’re buying 5 items: $9.67, $16.42, $18.60, $1.87, $10.79. About how much will you pay (before tax)?", "split": "test", "exact_value": 57.35}
{"id": "basket_sum_000325", "topic": "basket_sum", "subtopic": "decimal_prices", "prompt": "You’re buying 5 items: $11.45, $1.15, $11.88, $7.16, $18.38. About how much will you pay (before tax)?", "split": "test", "exact_value": 50.02}
{"id": "basket_sum_000326", "topic": "basket_sum", "subtopic": "decimal_prices", "prompt": "You’re buying 5 items: $2.06, $3.66, $16.93, $7.30, $7.99. About how much will you pay (before tax)?", "split": "test", "exact_value": 37.94}
{"id": "basket_sum_000327", "topic": "basket_sum", "subtopic": "decimal_prices", "prompt": "You’re buying 4 items: $11.75, $8.27, $12.22, $17.39. About how much will you pay (before tax)?", "split": "test", "exact_value": 49.63}
{"id": "basket_sum_000328", "topic": "basket_sum", "subtopic": "decimal_prices", "prompt": "You’re buying 5 items: $14.33, $6.83, $1.40, $8.74, $10.33. About how much will you pay (before tax)?", "split": "test", "exact_value": 41.63}
{"id": "basket_sum_000329", "topic": "basket_sum", "subtopic": "decimal_prices", "prompt": "You’re buying 4 items: $7.92, $16.72, $6.60, $10.87. About how much will you pay (before tax)?", "split": "test", "exact_value": 42.11}
{"id": "basket_sum_000330", "topic": "basket_sum", "subtopic": "decimal_prices", "prompt": "You’re buying 4 items: $2.94, $15.86, $15.72, $18.33. About how much will you pay (before tax)?", "split": "test", "exact_value": 52.85}
{"id": "basket_sum_000331", "topic": "basket_sum", "subtopic": "decimal_prices", "prompt": "You’re buying 6 items: $10.51, $16.13, $18.17, $3.75, $7.32, $10.07. About how much will you pay (before tax)?", "split": "test", "exact_value": 65.95}
{"id": "basket_sum_000332", "topic": "basket_sum", "subtopic": "decimal_prices", "prompt": "You’re buying 5 items: $15.68, $3.54, $17.53, $16.58, $18.80. About how much will you pay (before tax)?", "split": "test", "exact_value": 72.13}
{"id": "basket_sum_000333", "topic": "basket_sum", "subtopic": "decimal_prices", "prompt": "You’re buying 4 items: $4.73, $1.49, $8.23, $17.39. About how much will you pay (before tax)?", "split": "test", "exact_value": 31.84}
{"id": "basket_sum_000334", "topic": "basket_sum", "subtopic": "decimal_prices", "prompt": "You’re buying 3 items: $0.87, $18.69, $13.98. About how much will you pay (before tax)?", "split": "test", "exact_value": 33.54}
{"id": "basket_sum_000335", "topic": "basket_sum", "subtopic": "decimal_prices", "prompt": "You’re buying 3 items: $7.19, $17.86, $2.77. About how much will you pay (before tax)?", "split": "test", "exact_value": 27.82}
{"id": "basket_sum_000336", "topic": "basket_sum", "subtopic": "decimal_prices", "prompt": "You’re buying 5 items: $1.22, $15.35, $13.06, $4.82, $4.64. About how much will you pay (before tax)?", "split": "test", "exact_value": 39.09}
{"id": "basket_sum_000337", "topic": "basket_sum", "subtopic": "decimal_prices", "prompt": "You’re buying 5 items: $6.10, $6.92, $9.26, $3.05, $3.66. About how much will you pay (before tax)?", "split": "test", "exact_value": 28.99}
{"id": "basket_sum_000338", "topic": "basket_sum", "subtopic": "decimal_prices", "prompt": "You’re buying 5 items: $2.99, $19.19, $11.53, $2.76, $11.21. About how much will you pay (before tax)?", "split": "test", "exact_value": 47.68}
{"id": "basket_sum_000339", "topic": "basket_sum", "subtopic": "decimal_prices", "prompt": "You’re buying 5 items: $5.99, $18.90, $16.23, $11.81, $4.08. About how much will you pay (before tax)?", "split": "test", "exact_value": 57.01}
{"id": "basket_sum_000340", "topic": "basket_sum", "subtopic": "decimal_prices", "prompt": "You’re buying 5 items: $12.56, $7.29, $9.31, $3.29, $9.83. About how much will you pay (before tax)?", "split": "test", "exact_value": 42.28}
{"id": "basket_sum_000341", "topic": "basket_sum", "subtopic": "decimal_prices", "prompt": "You’re buying 3 items: $2.82, $1.82, $8.98. About how much will you pay (before tax)?", "split": "test", "exact_value": 13.62}
{"id": "basket_sum_000342", "topic": "basket_sum", "subtopic": "decimal_prices", "prompt": "You’re buying 4 items: $14.32, $17.90, $12.88, $14.04. About how much will you pay (before tax)?", "split": "test", "exact_value": 59.14}
{"id": "basket_sum_000343", "topic": "basket_sum", "subtopic": "decimal_prices", "prompt": "You’re buying 6 items: $12.62, $6.79, $16.48, $14.48, $13.67, $11.03. About how much will you pay (before tax)?", "split": "test", "exact_value": 75.07}
{"id": "basket_sum_000344", "topic": "basket_sum", "subtopic": "decimal_prices", "prompt": "You’re buying 6 items: $11.69, $2.57, $16.20, $14.20, $2.66, $6.75. About how much will you pay (before tax)?", "split": "test", "exact_value": 54.07}
{"id": "basket_sum_000345", "topic": "basket_sum", "subtopic": "decimal_prices", "prompt": "You’re buying 6 items: $9.82, $18.98, $3.55, $17.99, $5.74, $7.77. About how much will you pay (before tax)?", "split": "test", "exact_value": 63.85}
{"id": "basket_sum_000346", "topic": "basket_sum", "subtopic": "decimal_prices", "prompt": "You’re buying 4 items: $14.22, $13.56, $15.93, $17.73. About how much will you pay (before tax)?", "split": "test", "exact_value": 61.44}
{"id": "basket_sum_000347", "topic": "basket_sum", "subtopic": "decimal_prices", "prompt": "You’re buying 6 items: $10.15, $2.05, $2.96, $9.98, $17.03, $6.21. About how much will you pay (before tax)?", "split": "test", "exact_value": 48.38}
{"id": "basket_sum_000348", "topic": "basket_sum", "subtopic": "decimal_prices", "prompt": "You’re buying 5 items: $12.40, $3.24, $2.77, $16.49, $16.09. About how much will you pay (before tax)?", "split": "test", "exact_value": 50.99}
{"id": "basket_sum_000349", "topic": "basket_sum", "subtopic": "decimal_prices", "prompt": "You’re buying 5 items: $11.47, $2.15, $6.59, $9.64, $12.13. About how much will you pay (before tax)?", "split": "test", "exact_value": 41.98}
{"id": "basket_sum_000350", "topic": "basket_sum", "subtopic": "decimal_prices", "prompt": "You’re buying 4 items: $12.71, $11.31, $19.49, $8.16. About how much will you pay (before tax)?", "split": "test", "exact_value": 51.67}
{"id": "basket_sum_000351", "topic": "basket_sum", "subtopic": "decimal_prices", "prompt": "You’re buying 5 items: $4.79, $14.12, $9.07, $19.61, $11.68. About how much will you pay (before tax)?", "split": "test", "exact_value": 59.27}
{"id": "basket_sum_000352", "topic": "basket_sum", "subtopic": "decimal_prices", "prompt": "You’re buying 5 items: $11.24, $5.32, $13.51, $2.29, $18.66. About how much will you pay (before tax)?", "split": "test", "exact_value": 51.02}
{"id": "basket_sum_000353", "topic": "basket_sum", "subtopic": "decimal_prices", "prompt": "You’re buying 6 items: $2.98, $12.23, $7.04, $2.66, $9.34, $6.70. About how much will you pay (before tax)?", "split": "test", "exact_value": 40.95}
{"id": "basket_sum_000354", "topic": "basket_sum", "subtopic": "decimal_prices", "prompt": "You’re buying 6 items: $2.13, $2.88, $16.42, $15.60, $8.07, $10.28. About how much will you pay (before tax)?", "split": "test", "exact_value": 55.38}
{"id": "basket_sum_000355", "topic": "basket_sum", "subtopic": "decimal_prices", "prompt": "You’re buying 3 items: $2.53, $16.48, $17.83. About how much will you pay (before tax)?", "split": "test", "exact_value": 36.84}
{"id": "basket_sum_000356", "topic": "basket_sum", "subtopic": "decimal_prices", "prompt": "You’re buying 3 items: $15.33, $13.48, $9.49. About how much will you pay (before tax)?", "split": "test", "exact_value": 38.3}
{"id": "basket_sum_000357", "topic": "basket_sum", "subtopic": "decimal_prices", "prompt": "You’re buying 5 items: $8.28, $11.89, $4.55, $13.88, $6.87. About how much will you pay (before tax)?", "split": "test", "exact_value": 45.47}
{"id": "basket_sum_000358", "topic": "basket_sum", "subtopic": "decimal_prices", "prompt": "You’re buying 5 items: $18.43, $18.77, $14.57, $18.36, $19.80. About how much will you pay (before tax)?", "split": "test", "exact_value": 89.93}
{"id": "basket_sum_000359", "topic": "basket_sum", "subtopic": "decimal_prices", "prompt": "You’re buying 3 items: $12.53, $10.59, $17.06. About how much will you pay (before tax)?", "split": "test", "exact_value": 40.18}
{"id": "basket_sum_000360", "topic": "basket_sum", "subtopic": "decimal_prices", "prompt": "You’re buying 5 items: $1.99, $18.09, $19.37, $0.81, $11.54. About how much will you pay (before tax)?", "split": "test", "exact_value": 51.8}
{"id": "basket_sum_000361", "topic": "basket_sum", "subtopic": "decimal_prices", "prompt": "You’re buying 5 items: $2.90, $6.21, $1.39, $9.08, $12.12. About how much will you pay (before tax)?", "split": "test", "exact_value": 31.7}
{"id": "basket_sum_000362", "topic": "basket_sum", "subtopic": "decimal_prices", "prompt": "You’re buying 5 items: $14.46, $8.59, $9.15, $4.85, $4.12. About how much will you pay (before tax)?", "split": "test", "exact_value": 41.17}
{"id": "basket_sum_000363", "topic": "basket_sum", "subtopic": "decimal_prices", "prompt": "You’re buying 4 items: $4.40, $8.17, $18.54, $16.92. About how much will you pay (before tax)?", "split": "test", "exact_value": 48.03}
{"id": "basket_sum_000364", "topic": "basket_sum", "subtopic": "decimal_prices", "prompt": "You’re buying 4 items: $6.33, $17.55, $3.20, $1.01. About how much will you pay (before tax)?", "split": "test", "exact_value": 28.09}
{"id": "basket_sum_000365", "topic": "basket_sum", "subtopic": "decimal_prices", "prompt": "You’re buying 3 items: $3.55, $17.78, $13.42. About how much will you pay (before tax)?", "split": "test", "exact_value": 34.75}
{"id": "basket_sum_000366", "topic": "basket_sum", "subtopic": "decimal_prices", "prompt": "You’re buying 4 items: $2.42, $13.12, $8.77, $9.55. About how much will you pay (before tax)?", "split": "test", "exact_value": 33.86}
{"id": "basket_sum_000367", "topic": "basket_sum", "subtopic": "decimal_prices", "prompt": "You’re buying 6 items: $12.76, $9.51, $8.93, $16.54, $8.18, $5.12. About how much will you pay (before tax)?", "split": "test", "exact_value": 61.04}
{"id": "basket_sum_000368", "topic": "basket_sum", "subtopic": "decimal_prices", "prompt": "You’re buying 6 items: $12.40, $11.89, $17.05, $5.34, $10.42, $8.68. About how much will you pay (before tax)?", "split": "test", "exact_value": 65.78}
{"id": "basket_sum_000369", "topic": "basket_sum", "subtopic": "decimal_prices", "prompt": "You’re buying 5 items: $1.43, $1.52, $10.07, $7.87, $11.93. About how much will you pay (before tax)?", "split": "test", "exact_value": 32.82}
{"id": "basket_sum_000370", "topic": "basket_sum", "subtopic": "decimal_prices", "prompt": "You’re buying 3 items: $3.52, $14.83, $19.67. About how much will you pay (before tax)?", "split": "test", "exact_value": 38.02}
{"id": "basket_sum_000371", "topic": "basket_sum", "subtopic": "decimal_prices", "prompt": "You’re buying 5 items: $9.72, $2.29, $17.88, $2.49, $9.86. About how much will you pay (before tax)?", "split": "test", "exact_value": 42.24}
{"id": "basket_sum_000372", "topic": "basket_sum", "subtopic": "decimal_prices", "prompt": "You’re buying 3 items: $13.92, $11.14, $11.92. About how much will you pay (before tax)?", "split": "test", "exact_value": 36.98}
{"id": "basket_sum_000373", "topic": "basket_sum", "subtopic": "decimal_prices", "prompt": "You’re buying 3 items: $18.14, $11.06, $1.00. About how much will you pay (before tax)?", "split": "test", "exact_value": 30.2}
{"id": "basket_sum_000374", "topic": "basket_sum", "subtopic": "decimal_prices", "prompt": "You’re buying 6 items: $10.63, $9.80, $14.88, $8.87, $19.23, $16.12. About how much will you pay (before tax)?", "split": "test", "exact_value": 79.53}
{"id": "basket_sum_000375", "topic": "basket_sum", "subtopic": "decimal_prices", "prompt": "You’re buying 5 items: $4.01, $14.13, $12.26, $6.63, $15.86. About how much will you pay (before tax)?", "split": "test", "exact_value": 52.89}
{"id": "basket_sum_000376", "topic": "basket_sum", "subtopic": "decimal_prices", "prompt": "You’re buying 5 items: $1.97, $9.87, $4.04, $1.78, $19.81. About how much will you pay (before tax)?", "split": "test", "exact_value": 37.47}
{"id": "basket_sum_000377", "topic": "basket_sum", "subtopic": "decimal_prices", "prompt": "You’re buying 3 items: $6.30, $2.37, $10.50. About how much will you pay (before tax)?", "split": "test", "exact_value": 19.17}
{"id": "basket_sum_000378", "topic": "basket_sum", "subtopic": "decimal_prices", "prompt": "You’re buying 5 items: $5.63, $12.61, $6.07, $5.72, $15.03. About how much will you pay (before tax)?", "split": "test", "exact_value": 45.06}
{"id": "basket_sum_000379", "topic": "basket_sum", "subtopic": "decimal_prices", "prompt": "You’re buying 4 items: $18.26, $14.98, $13.45, $7.89. About how much will you pay (before tax)?", "split": "test", "exact_value": 54.58}
{"id": "basket_sum_000380", "topic": "basket_sum", "subtopic": "decimal_prices", "prompt": "You’re buying 4 items: $5.81, $14.24, $10.10, $16.14. About how much will you pay (before tax)?", "split": "test", "exact_value": 46.29}
{"id": "basket_sum_000381", "topic": "basket_sum", "subtopic": "decimal_prices", "prompt": "You’re buying 3 items: $7.37, $2.41, $3.58. About how much will you pay (before tax)?", "split": "test", "exact_value": 13.36}
{"id": "basket_sum_000382", "topic": "basket_sum", "subtopic": "decimal_prices", "prompt": "You’re buying 4 items: $16.87, $15.24, $8.72, $8.15. About how much will you pay (before tax)?", "split": "test", "exact_value": 48.98}
{"id": "basket_sum_000383", "topic": "basket_sum", "subtopic": "decimal_prices", "prompt": "You’re buying 6 items: $14.73, $4.00, $11.88, $16.95, $1.83, $5.87. About how much will you pay (before tax)?", "split": "test", "exact_value": 55.26}
{"id": "basket_sum_000384", "topic": "basket_sum", "subtopic": "decimal_prices", "prompt": "You’re buying 3 items: $1.80, $9.70, $9.93. About how much will you pay (before tax)?", "split": "test", "exact_value": 21.43}
{"id": "basket_sum_000385", "topic": "basket_sum", "subtopic": "decimal_prices", "prompt": "You’re buying 6 items: $15.12, $15.24, $11.01, $8.08, $14.34, $9.90. About how much will you pay (before tax)?", "split": "test", "exact_value": 73.69}
{"id": "basket_sum_000386", "topic": "basket_sum", "subtopic": "decimal_prices", "prompt": "You’re buying 4 items: $10.97, $9.14, $6.33, $16.10. About how much will you pay (before tax)?", "split": "test", "exact_value": 42.54}
{"id": "basket_sum_000387", "topic": "basket_sum", "subtopic": "decimal_prices", "prompt": "You’re buying 6 items: $13.82, $19.26, $13.90, $1.58, $18.41, $13.03. About how much will you pay (before tax)?", "split": "test", "exact_value": 80.0}
{"id": "basket_sum_000388", "topic": "basket_sum", "subtopic": "decimal_prices", "prompt": "You’re buying 6 items: $12.51, $13.31, $6.02, $5.98, $16.19, $5.69. About how much will you pay (before tax)?", "split": "test", "exact_value": 59.7}
{"id": "basket_sum_000389", "topic": "basket_sum", "subtopic": "decimal_prices", "prompt": "You’re buying 6 items: $9.64, $13.76, $5.43, $13.69, $15.58, $10.77. About how much will you pay (before tax)?", "split": "test", "exact_value": 68.87}
{"id": "basket_sum_000390", "topic": "basket_sum", "subtopic": "decimal_prices", "prompt": "You’re buying 4 items: $6.80, $0.99, $0.95, $2.09. About how much will you pay (before tax)?", "split": "test", "exact_value": 10.83}
{"id": "basket_sum_000391", "topic": "basket_sum", "subtopic": "decimal_prices", "prompt": "You’re buying 6 items: $2.67, $2.79, $9.35, $5.00, $6.23, $4.50. About how much will you pay (before tax)?", "split": "test", "exact_value": 30.54}
{"id": "basket_sum_000392", "topic": "basket_sum", "subtopic": "decimal_prices", "prompt": "You’re buying 3 items: $12.68, $1.88, $12.20. About how much will you pay (before tax)?", "split": "test", "exact_value": 26.76}
{"id": "basket_sum_000393", "topic": "basket_sum", "subtopic": "decimal_prices", "prompt": "You’re buying 4 items: $19.04, $13.04, $14.39, $3.09. About how much will you pay (before tax)?", "split": "test", "exact_value": 49.56}
{"id": "basket_sum_000394", "topic": "basket_sum", "subtopic": "decimal_prices", "prompt": "You’re buying 4 items: $8.01, $15.46, $13.23, $16.21. About how much will you pay (before tax)?", "split": "test", "exact_value": 52.91}
{"id": "basket_sum_000395", "topic": "basket_sum", "subtopic": "decimal_prices", "prompt": "You’re buying 4 items: $17.99, $14.15, $5.65, $9.76. About how much will you pay (before tax)?", "split": "test", "exact_value": 47.55}
{"id": "basket_sum_000396", "topic": "basket_sum", "subtopic": "decimal_prices", "prompt": "You’re buying 3 items: $13.05, $18.51, $6.10. About how much will you pay (before tax)?", "split": "test", "exact_value": 37.66}
{"id": "basket_sum_000397", "topic": "basket_sum", "subtopic": "decimal_prices", "prompt": "You’re buying 6 items: $14.08, $13.61, $15.58, $5.73, $15.78, $6.11. About how much will you pay (before tax)?", "split": "test", "exact_value": 70.89}
{"id": "basket_sum_000398", "topic": "basket_sum", "subtopic": "decimal_prices", "prompt": "You’re buying 3 items: $8.14, $7.18, $1.94. About how much will you pay (before tax)?", "split": "test", "exact_value": 17.26}
{"id": "basket_sum_000399", "topic": "basket_sum", "subtopic": "decimal_prices", "prompt": "You’re buying 5 items: $4.21, $2.12, $19.59, $4.64, $8.33. About how much will you pay (before tax)?", "split": "test", "exact_value": 38.89}
{"id": "basket_sum_000400", "topic": "basket_sum", "subtopic": "decimal_prices", "prompt": "You’re buying 6 items: $2.87, $11.17, $9.07, $12.58, $2.83, $9.27. About how much will you pay (before tax)?", "split": "test", "exact_value": 47.79}
{"id": "basket_sum_000401", "topic": "basket_sum", "subtopic": "decimal_prices", "prompt": "You’re buying 5 items: $2.77, $2.19, $11.76, $5.60, $9.35. About how much will you pay (before tax)?", "split": "test", "exact_value": 31.67}
{"id": "basket_sum_000402", "topic": "basket_sum", "subtopic": "decimal_prices", "prompt": "You’re buying 6 items: $3.65, $13.08, $18.70, $13.55, $5.91, $14.23. About how much will you pay (before tax)?", "split": "test", "exact_value": 69.12}
{"id": "basket_sum_000403", "topic": "basket_sum", "subtopic": "decimal_prices", "prompt": "You’re buying 6 items: $11.82, $10.69, $18.84, $10.21, $9.16, $17.00. About how much will you pay (before tax)?", "split": "test", "exact_value": 77.72}
{"id": "basket_sum_000404", "topic": "basket_sum", "subtopic": "decimal_prices", "prompt": "You’re buying 3 items: $11.16, $0.85, $19.11. About how much will you pay (before tax)?", "split": "test", "exact_value": 31.12}
{"id": "basket_sum_000405", "topic": "basket_sum", "subtopic": "decimal_prices", "prompt": "You’re buying 6 items: $3.12, $11.07, $19.83, $7.19, $6.60, $1.85. About how much will you pay (before tax)?", "split": "test", "exact_value": 49.66}
{"id": "basket_sum_000406", "topic": "basket_sum", "subtopic": "decimal_prices", "prompt": "You’re buying 3 items: $7.80, $17.17, $7.32. About how much will you pay (before tax)?", "split": "test", "exact_value": 32.29}
{"id": "basket_sum_000407", "topic": "basket_sum", "subtopic": "decimal_prices", "prompt": "You’re buying 6 items: $15.39, $6.36, $4.69, $11.44, $19.37, $13.48. About how much will you pay (before tax)?", "split": "test", "exact_value": 70.73}
{"id": "basket_sum_000408", "topic": "basket_sum", "subtopic": "decimal_prices", "prompt": "You’re buying 5 items: $14.15, $18.00, $12.90, $7.69, $2.42. About how much will you pay (before tax)?", "split": "test", "exact_value": 55.16}
{"id": "basket_sum_000409", "topic": "basket_sum", "subtopic": "decimal_prices", "prompt": "You’re buying 6 items: $14.91, $3.48, $4.50, $14.61, $12.17, $10.18. About how much will you pay (before tax)?", "split": "test", "exact_value": 59.85}
{"id": "basket_sum_000410", "topic": "basket_sum", "subtopic": "decimal_prices", "prompt": "You’re buying 3 items: $16.01, $13.14, $10.38. About how much will you pay (before tax)?", "split": "test", "exact_value": 39.53}
{"id": "basket_sum_000411", "topic": "basket_sum", "subtopic": "decimal_prices", "prompt": "You’re buying 6 items: $19.35, $1.11, $7.30, $7.27, $14.63, $8.58. About how much will you pay (before tax)?", "split": "test", "exact_value": 58.24}
{"id": "basket_sum_000412", "topic": "basket_sum", "subtopic": "decimal_prices", "prompt": "You’re buying 4 items: $16.29, $13.60, $9.59, $13.81. About how much will you pay (before tax)?", "split": "test", "exact_value": 53.29}
{"id": "basket_sum_000413", "topic": "basket_sum", "subtopic": "decimal_prices", "prompt": "You’re buying 4 items: $15.02, $5.26, $2.17, $14.91. About how much will you pay (before tax)?", "split": "test", "exact_value": 37.36}
{"id": "basket_sum_000414", "topic": "basket_sum", "subtopic": "decimal_prices", "prompt": "You’re buying 6 items: $13.34, $9.84, $18.42, $1.67, $14.25, $3.30. About how much will you pay (before tax)?", "split": "test", "exact_value": 60.82}
{"id": "basket_sum_000415", "topic": "basket_sum", "subtopic": "decimal_prices", "prompt": "You’re buying 4 items: $12.94, $18.16, $16.55, $2.66. About how much will you pay (before tax)?", "split": "test", "exact_value": 50.31}
{"id": "basket_sum_000416", "topic": "basket_sum", "subtopic": "decimal_prices", "prompt": "You’re buying 4 items: $16.83, $2.02, $16.49, $2.98. About how much will you pay (before tax)?", "split": "test", "exact_value": 38.32}
{"id": "basket_sum_000417", "topic": "basket_sum", "subtopic": "decimal_prices", "prompt": "You’re buying 4 items: $2.00, $4.68, $7.27, $16.84. About how much will you pay (before tax)?", "split": "test", "exact_value": 30.79}
{"id": "basket_sum_000418", "topic": "basket_sum", "subtopic": "decimal_prices", "prompt": "You’re buying 6 items: $7.02, $19.53, $11.85, $3.43, $16.85, $16.02. About how much will you pay (before tax)?", "split": "test", "exact_value": 74.7}
{"id": "basket_sum_000419", "topic": "basket_sum", "subtopic": "decimal_prices", "prompt": "You’re buying 3 items: $12.18, $7.23, $3.11. About how much will you pay (before tax)?", "split": "test", "exact_value": 22.52}
{"id": "basket_sum_000420", "topic": "basket_sum", "subtopic": "decimal_prices", "prompt": "You’re buying 4 items: $15.33, $4.02, $7.89, $3.96. About how much will you pay (before tax)?", "split": "test", "exact_value": 31.2}
{"id": "basket_sum_000421", "topic": "basket_sum", "subtopic": "decimal_prices", "prompt": "You’re buying 4 items: $18.56, $1.57, $2.71, $17.06. About how much will you pay (before tax)?", "split": "test", "exact_value": 39.9}
{"id": "basket_sum_000422", "topic": "basket_sum", "subtopic": "decimal_prices", "prompt": "You’re buying 6 items: $15.72, $1.09, $10.14, $0.91, $4.23, $2.50. About how much will you pay (before tax)?", "split": "test", "exact_value": 34.59}
{"id": "basket_sum_000423", "topic": "basket_sum", "subtopic": "decimal_prices", "prompt": "You’re buying 5 items: $8.78, $16.29, $15.62, $14.08, $4.75. About how much will you pay (before tax)?", "split": "test", "exact_value": 59.52}
{"id": "basket_sum_000424", "topic": "basket_sum", "subtopic": "decimal_prices", "prompt": "You’re buying 5 items: $10.83, $8.70, $18.80, $12.51, $1.51. About how much will you pay (before tax)?", "split": "test", "exact_value": 52.35}
{"id": "basket_sum_000425", "topic": "basket_sum", "subtopic": "decimal_prices", "prompt": "You’re buying 4 items: $14.56, $12.54, $2.48, $16.66. About how much will you pay (before tax)?", "split": "test", "exact_value": 46.24}
{"id": "basket_sum_000426", "topic": "basket_sum", "subtopic": "decimal_prices", "prompt": "You’re buying 5 items: $7.47, $0.88, $5.31, $3.05, $10.97. About how much will you pay (before tax)?", "split": "test", "exact_value": 27.68}
{"id": "basket_sum_000427", "topic": "basket_sum", "subtopic": "decimal_prices", "prompt": "You’re buying 3 items: $12.67, $17.35, $19.74. About how much will you pay (before tax)?", "split": "test", "exact_value": 49.76}
{"id": "basket_sum_000428", "topic": "basket_sum", "subtopic": "decimal_prices", "prompt": "You’re buying 4 items: $9.70, $12.82, $4.79, $1.81. About how much will you pay (before tax)?", "split": "test", "exact_value": 29.12}
{"id": "basket_sum_000429", "topic": "basket_sum", "subtopic": "decimal_prices", "prompt": "You’re buying 3 items: $16.08, $13.95, $19.39. About how much will you pay (before tax)?", "split": "test", "exact_value": 49.42}
{"id": "basket_sum_000430", "topic": "basket_sum", "subtopic": "decimal_prices", "prompt": "You’re buying 6 items: $10.34, $3.86, $18.51, $1.83, $7.78, $4.81. About how much will you pay (before tax)?", "split": "test", "exact_value": 47.13}
{"id": "basket_sum_000431", "topic": "basket_sum", "subtopic": "decimal_prices", "prompt": "You’re buying 5 items: $7.21, $16.25, $15.35, $1.62, $15.01. About how much will you pay (before tax)?", "split": "test", "exact_value": 55.44}
{"id": "basket_sum_000432", "topic": "basket_sum", "subtopic": "decimal_prices", "prompt": "You’re buying 4 items: $3.82, $1.35, $10.68, $2.15. About how much will you pay (before tax)?", "split": "test", "exact_value": 18.0}
{"id": "basket_sum_000433", "topic": "basket_sum", "subtopic": "decimal_prices", "prompt": "You’re buying 4 items: $14.64, $12.17, $7.05, $4.61. About how much will you pay (before tax)?", "split": "test", "exact_value": 38.47}
{"id": "basket_sum_000434", "topic": "basket_sum", "subtopic": "decimal_prices", "prompt": "You’re buying 5 items: $5.21, $2.90, $5.16, $5.34, $8.71. About how much will you pay (before tax)?", "split": "test", "exact_value": 27.32}
{"id": "basket_sum_000435", "topic": "basket_sum", "subtopic": "decimal_prices", "prompt": "You’re buying 4 items: $8.00, $5.03, $9.83, $10.09. About how much will you pay (before tax)?", "split": "test", "exact_value": 32.95}
{"id": "basket_sum_000436", "topic": "basket_sum", "subtopic": "decimal_prices", "prompt": "You’re buying 6 items: $3.57, $18.61, $9.53, $8.23, $3.41, $14.61. About how much will you pay (before tax)?", "split": "test", "exact_value": 57.96}
{"id": "basket_sum_000437", "topic": "basket_sum", "subtopic": "decimal_prices", "prompt": "You’re buying 5 items: $19.52, $4.67, $3.23, $14.08, $1.94. About how much will you pay (before tax)?", "split": "test", "exact_value": 43.44}
{"id": "basket_sum_000438", "topic": "basket_sum", "subtopic": "decimal_prices", "prompt": "You’re buying 4 items: $2.92, $9.73, $8.82, $15.39. About how much will you pay (before tax)?", "split": "test", "exact_value": 36.86}
{"id": "basket_sum_000439", "topic": "basket_sum", "subtopic": "decimal_prices", "prompt": "You’re buying 4 items: $17.81, $12.38, $15.95, $13.04. About how much will you pay (before tax)?", "split": "test", "exact_value": 59.18}
{"id": "basket_sum_000440", "topic": "basket_sum", "subtopic": "decimal_prices", "prompt": "You’re buying 4 items: $11.89, $11.40, $5.20, $8.69. About how much will you pay (before tax)?", "split": "test", "exact_value": 37.18}
{"id": "basket_sum_000441", "topic": "basket_sum", "subtopic": "decimal_prices", "prompt": "You’re buying 6 items: $17.34, $4.95, $9.88, $9.68, $1.07, $9.01. About how much will you pay (before tax)?", "split": "test", "exact_value": 51.93}
{"id": "basket_sum_000442", "topic": "basket_sum", "subtopic": "decimal_prices", "prompt": "You’re buying 4 items: $5.55, $9.13, $5.06, $18.60. About how much will you pay (before tax)?", "split": "test", "exact_value": 38.34}
{"id": "basket_sum_000443", "topic": "basket_sum", "subtopic": "decimal_prices", "prompt": "You’re buying 4 items: $18.33, $18.04, $8.81, $1.64. About how much will you pay (before tax)?", "split": "test", "exact_value": 46.82}
{"id": "basket_sum_000444", "topic": "basket_sum", "subtopic": "decimal_prices", "prompt": "You’re buying 6 items: $14.87, $10.47, $8.96, $8.36, $16.34, $14.17. About how much will you pay (before tax)?", "split": "test", "exact_value": 73.17}
{"id": "basket_sum_000445", "topic": "basket_sum", "subtopic": "decimal_prices", "prompt": "You’re buying 3 items: $9.48, $5.41, $11.51. About how much will you pay (before tax)?", "split": "test", "exact_value": 26.4}
{"id": "basket_sum_000446", "topic": "basket_sum", "subtopic": "decimal_prices", "prompt": "You’re buying 3 items: $14.10, $8.60, $4.98. About how much will you pay (before tax)?", "split": "test", "exact_value": 27.68}
{"id": "basket_sum_000447", "topic": "basket_sum", "subtopic": "decimal_prices", "prompt": "You’re buying 5 items: $6.47, $13.22, $2.53, $10.00, $6.64. About how much will you pay (before tax)?", "split": "test", "exact_value": 38.86}
{"id": "basket_sum_000448", "topic": "basket_sum", "subtopic": "decimal_prices", "prompt": "You’re buying 6 items: $17.26, $15.14, $1.26, $9.52, $15.61, $17.57. About how much will you pay (before tax)?", "split": "test", "exact_value": 76.36}
{"id": "basket_sum_000449", "topic": "basket_sum", "subtopic": "decimal_prices", "prompt": "You’re buying 6 items: $4.34, $17.52, $12.82, $14.30, $0.82, $12.83. About how much will you pay (before tax)?", "split": "test", "exact_value": 62.63}
{"id": "basket_sum_000450", "topic": "basket_sum", "subtopic": "decimal_prices", "prompt": "You’re buying 6 items: $17.94, $7.18, $1.42, $8.97, $5.97, $18.96. About how much will you pay (before tax)?", "split": "test", "exact_value": 60.44}
{"id": "basket_sum_000451", "topic": "basket_sum", "subtopic": "decimal_prices", "prompt": "You’re buying 4 items: $15.91, $2.34, $17.70, $14.92. About how much will you pay (before tax)?", "split": "test", "exact_value": 50.87}
{"id": "basket_sum_000452", "topic": "basket_sum", "subtopic": "decimal_prices", "prompt": "You’re buying 3 items: $10.67, $18.26, $7.78. About how much will you pay (before tax)?", "split": "test", "exact_value": 36.71}
{"id": "basket_sum_000453", "topic": "basket_sum", "subtopic": "decimal_prices", "prompt": "You’re buying 3 items: $2.92, $7.81, $12.68. About how much will you pay (before tax)?", "split": "test", "exact_value": 23.41}
{"id": "basket_sum_000454", "topic": "basket_sum", "subtopic": "decimal_prices", "prompt": "You’re buying 5 items: $7.83, $13.23, $14.32, $11.56, $15.64. About how much will you pay (before tax)?", "split": "test", "exact_value": 62.58}
{"id": "basket_sum_000455", "topic": "basket_sum", "subtopic": "decimal_prices", "prompt": "You’re buying 4 items: $19.63, $5.37, $2.97, $9.98. About how much will you pay (before tax)?", "split": "test", "exact_value": 37.95}
{"id": "basket_sum_000456", "topic": "basket_sum", "subtopic": "decimal_prices", "prompt": "You’re buying 4 items: $15.25, $15.40, $6.94, $18.03. About how much will you pay (before tax)?", "split": "test", "exact_value": 55.62}
{"id": "basket_sum_000457", "topic": "basket_sum", "subtopic": "decimal_prices", "prompt": "You’re buying 6 items: $6.11, $2.01, $7.42, $10.13, $10.90, $3.15. About how much will you pay (before tax)?", "split": "test", "exact_value": 39.72}
{"id": "basket_sum_000458", "topic": "basket_sum", "subtopic": "decimal_prices", "prompt": "You’re buying 5 items: $9.47, $7.86, $13.72, $14.10, $19.57. About how much will you pay (before tax)?", "split": "test", "exact_value": 64.72}
{"id": "basket_sum_000459", "topic": "basket_sum", "subtopic": "decimal_prices", "prompt": "You’re buying 3 items: $4.41, $17.76, $2.47. About how much will you pay (before tax)?", "split": "test", "exact_value": 24.64}
{"id": "basket_sum_000460", "topic": "basket_sum", "subtopic": "decimal_prices", "prompt": "You’re buying 6 items: $18.03, $6.33, $19.16, $2.89, $6.09, $14.17. About how much will you pay (before tax)?", "split": "test", "exact_value": 66.67}
{"id": "basket_sum_000461", "topic": "basket_sum", "subtopic": "decimal_prices", "prompt": "You’re buying 6 items: $3.68, $4.71, $19.07, $1.23, $8.79, $13.89. About how much will you pay (before tax)?", "split": "test", "exact_value": 51.37}
{"id": "basket_sum_000462", "topic": "basket_sum", "subtopic": "decimal_prices", "prompt": "You’re buying 4 items: $9.89, $8.86, $14.95, $1.20. About how much will you pay (before tax)?", "split": "test", "exact_value": 34.9}
{"id": "basket_sum_000463", "topic": "basket_sum", "subtopic": "decimal_prices", "prompt": "You’re buying 4 items: $2.00, $17.53, $5.25, $18.98. About how much will you pay (before tax)?", "split": "test", "exact_value": 43.76}
{"id": "basket_sum_000464", "topic": "basket_sum", "subtopic": "decimal_prices", "prompt": "You’re buying 5 items: $8.69, $7.37, $13.19, $7.06, $12.18. About how much will you pay (before tax)?", "split": "test", "exact_value": 48.49}
{"id": "basket_sum_000465", "topic": "basket_sum", "subtopic": "decimal_prices", "prompt": "You’re buying 6 items: $9.58, $11.68, $18.04, $6.67, $15.94, $5.14. About how much will you pay (before tax)?", "split": "test", "exact_value": 67.05}
{"id": "basket_sum_000466", "topic": "basket_sum", "subtopic": "decimal_prices", "prompt": "You’re buying 5 items: $19.43, $15.57, $1.70, $7.57, $9.54. About how much will you pay (before tax)?", "split": "test", "exact_value": 53.81}
{"id": "basket_sum_000467", "topic": "basket_sum", "subtopic": "decimal_prices", "prompt": "You’re buying 4 items: $12.67, $3.88, $11.07, $4.29. About how much will you pay (before tax)?", "split": "test", "exact_value": 31.91}
{"id": "basket_sum_000468", "topic": "basket_sum", "subtopic": "decimal_prices", "prompt": "You’re buying 4 items: $16.91, $14.09, $13.58, $3.74. About how much will you pay (before tax)?", "split": "test", "exact_value": 48.32}
{"id": "basket_sum_000469", "topic": "basket_sum", "subtopic": "decimal_prices", "prompt": "You’re buying 4 items: $3.03, $19.87, $11.82, $9.26. About how much will you pay (before tax)?", "split": "test", "exact_value": 43.98}
{"id": "basket_sum_000470", "topic": "basket_sum", "subtopic": "decimal_prices", "prompt": "You’re buying 5 items: $4.33, $11.59, $1.46, $6.88, $7.39. About how much will you pay (before tax)?", "split": "test", "exact_value": 31.65}
{"id": "basket_sum_000471", "topic": "basket_sum", "subtopic": "decimal_prices", "prompt": "You’re buying 5 items: $9.40, $19.52, $11.04, $3.12, $1.27. About how much will you pay (before tax)?", "split": "test", "exact_value": 44.35}
{"id": "basket_sum_000472", "topic": "basket_sum", "subtopic": "decimal_prices", "prompt": "You’re buying 6 items: $15.55, $18.99, $18.60, $3.79, $19.42, $11.28. About how much will you pay (before tax)?", "split": "test", "exact_value": 87.63}
{"id": "basket_sum_000473", "topic": "basket_sum", "subtopic": "decimal_prices", "prompt": "You’re buying 5 items: $13.22, $6.46, $17.99, $19.41, $15.27. About how much will you pay (before tax)?", "split": "test", "exact_value": 72.35}
{"id": "basket_sum_000474", "topic": "basket_sum", "subtopic": "decimal_prices", "prompt": "You’re buying 4 items: $16.14, $14.78, $18.50, $7.29. About how much will you pay (before tax)?", "split": "test", "exact_value": 56.71}
{"id": "basket_sum_000475", "topic": "basket_sum", "subtopic": "decimal_prices", "prompt": "You’re buying 3 items: $14.84, $18.07, $3.47. About how much will you pay (before tax)?", "split": "test", "exact_value": 36.38}
{"id": "basket_sum_000476", "topic": "basket_sum", "subtopic": "decimal_prices", "prompt": "You’re buying 3 items: $6.71, $8.50, $16.93. About how much will you pay (before tax)?", "split": "test", "exact_value": 32.14}
{"id": "basket_sum_000477", "topic": "basket_sum", "subtopic": "decimal_prices", "prompt": "You’re buying 6 items: $7.65, $7.06, $12.47, $4.54, $10.90, $15.79. About how much will you pay (before tax)?", "split": "test", "exact_value": 58.41}
{"id": "basket_sum_000478", "topic": "basket_sum", "subtopic": "decimal_prices", "prompt": "You’re buying 5 items: $4.55, $2.39, $17.10, $13.79, $19.18. About how much will you pay (before tax)?", "split": "test", "exact_value": 57.01}
{"id": "basket_sum_000479", "topic": "basket_sum", "subtopic": "decimal_prices", "prompt": "You’re buying 6 items: $4.52, $6.89, $12.41, $18.90, $18.23, $7.72. About how much will you pay (before tax)?", "split": "test", "exact_value": 68.67}
{"id": "basket_sum_000480", "topic": "basket_sum", "subtopic": "decimal_prices", "prompt": "You’re buying 4 items: $14.54, $9.00, $8.20, $1.02. About how much will you pay (before tax)?", "split": "test", "exact_value": 32.76}
{"id": "basket_sum_000481", "topic": "basket_sum", "subtopic": "decimal_prices", "prompt": "You’re buying 5 items: $7.54, $19.56, $17.58, $2.47, $14.76. About how much will you pay (before tax)?", "split": "test", "exact_value": 61.91}
{"id": "basket_sum_000482", "topic": "basket_sum", "subtopic": "decimal_prices", "prompt": "You’re buying 6 items: $15.03, $8.77, $9.29, $3.93, $14.77, $18.03. About how much will you pay (before tax)?", "split": "test", "exact_value": 69.82}
{"id": "basket_sum_000483", "topic": "basket_sum", "subtopic": "decimal_prices", "prompt": "You’re buying 6 items: $3.47, $12.06, $2.44, $4.78, $9.90, $17.45. About how much will you pay (before tax)?", "split": "test", "exact_value": 50.1}
{"id": "basket_sum_000484", "topic": "basket_sum", "subtopic": "decimal_prices", "prompt": "You’re buying 5 items: $2.06, $19.22, $15.31, $2.49, $8.65. About how much will you pay (before tax)?", "split": "test", "exact_value": 47.73}
{"id": "basket_sum_000485", "topic": "basket_sum", "subtopic": "decimal_prices", "prompt": "You’re buying 5 items: $8.75, $11.46, $14.43, $15.29, $3.42. About how much will you pay (before tax)?", "split": "test", "exact_value": 53.35}
{"id": "basket_sum_000486", "topic": "basket_sum", "subtopic": "decimal_prices", "prompt": "You’re buying 4 items: $16.77, $6.35, $10.21, $16.59. About how much will you pay (before tax)?", "split": "test", "exact_value": 49.92}
{"id": "basket_sum_000487", "topic": "basket_sum", "subtopic": "decimal_prices", "prompt": "You’re buying 5 items: $16.81, $6.63, $11.53, $9.69, $1.31. About how much will you pay (before tax)?", "split": "test", "exact_value": 45.97}
{"id": "basket_sum_000488", "topic": "basket_sum", "subtopic": "decimal_prices", "prompt": "You’re buying 3 items: $3.75, $6.55, $13.09. About how much will you pay (before tax)?", "split": "test", "exact_value": 23.39}
{"id": "basket_sum_000489", "topic": "basket_sum", "subtopic": "decimal_prices", "prompt": "You’re buying 6 items: $3.17, $13.58, $6.31, $4.23, $18.20, $13.17. About how much will you pay (before tax)?", "split": "test", "exact_value": 58.66}
{"id": "basket_sum_000490", "topic": "basket_sum", "subtopic": "decimal_prices", "prompt": "You’re buying 3 items: $3.08, $6.11, $19.88. About how much will you pay (before tax)?", "split": "test", "exact_value": 29.07}
{"id": "basket_sum_000491", "topic": "basket_sum", "subtopic": "decimal_prices", "prompt": "You’re buying 3 items: $12.29, $7.74, $10.02. About how much will you pay (before tax)?", "split": "test", "exact_value": 30.05}
{"id": "basket_sum_000492", "topic": "basket_sum", "subtopic": "decimal_prices", "prompt": "You’re buying 6 items: $17.46, $12.85, $9.93, $14.12, $3.09, $10.63. About how much will you pay (before tax)?", "split": "test", "exact_value": 68.08}
{"id": "basket_sum_000493", "topic": "basket_sum", "subtopic": "decimal_prices", "prompt": "You’re buying 3 items: $17.02, $3.92, $1.91. About how much will you pay (before tax)?", "split": "test", "exact_value": 22.85}
{"id": "basket_sum_000494", "topic": "basket_sum", "subtopic": "decimal_prices", "prompt": "You’re buying 5 items: $9.64, $14.10, $7.65, $1.81, $7.72. About how much will you pay (before tax)?", "split": "test", "exact_value": 40.92}
{"id": "basket_sum_000495", "topic": "basket_sum", "subtopic": "decimal_prices", "prompt": "You’re buying 5 items: $1.73, $6.39, $13.06, $2.27, $4.51. About how much will you pay (before tax)?", "split": "test", "exact_value": 27.96}
{"id": "basket_sum_000496", "topic": "basket_sum", "subtopic": "decimal_prices", "prompt": "You’re buying 4 items: $15.47, $12.29, $4.00, $6.98. About how much will you pay (before tax)?", "split": "test", "exact_value": 38.74}
{"id": "basket_sum_000497", "topic": "basket_sum", "subtopic": "decimal_prices", "prompt": "You’re buying 5 items: $16.66, $13.94, $6.57, $13.95, $14.01. About how much will you pay (before tax)?", "split": "test", "exact_value": 65.13}
{"id": "basket_sum_000498", "topic": "basket_sum", "subtopic": "decimal_prices", "prompt": "You’re buying 3 items: $11.05, $7.54, $3.55. About how much will you pay (before tax)?", "split": "test", "exact_value": 22.14}
{"id": "basket_sum_000499", "topic": "basket_sum", "subtopic": "decimal_prices", "prompt": "You’re buying 4 items: $10.74, $7.95, $10.10, $7.32. About how much will you pay (before tax)?", "split": "test", "exact_value": 36.11}
{"id": "basket_sum_000500", "topic": "basket_sum", "subtopic": "decimal_prices", "prompt": "You’re buying 4 items: $2.76, $3.76, $5.04, $4.41. About how much will you pay (before tax)?", "split": "test", "exact_value": 15.97}
{"id": "basket_sum_000501", "topic": "basket_sum", "subtopic": "decimal_prices", "prompt": "You’re buying 3 items: $8.80, $18.38, $3.03. About how much will you pay (before tax)?", "split": "test", "exact_value": 30.21}
{"id": "basket_sum_000502", "topic": "basket_sum", "subtopic": "decimal_prices", "prompt": "You’re buying 4 items: $18.52, $10.00, $6.77, $7.75. About how much will you pay (before tax)?", "split": "test", "exact_value": 43.04}
{"id": "basket_sum_000503", "topic": "basket_sum", "subtopic": "decimal_prices", "prompt": "You’re buying 6 items: $17.87, $12.26, $15.45, $7.36, $14.42, $1.34. About how much will you pay (before tax)?", "split": "test", "exact_value": 68.7}
{"id": "basket_sum_000504", "topic": "basket_sum", "subtopic": "decimal_prices", "prompt": "You’re buying 3 items: $5.06, $17.24, $3.52. About how much will you pay (before tax)?", "split": "test", "exact_value": 25.82}
{"id": "basket_sum_000505", "topic": "basket_sum", "subtopic": "decimal_prices", "prompt": "You’re buying 4 items: $6.69, $4.82, $19.63, $8.95. About how much will you pay (before tax)?", "split": "test", "exact_value": 40.09}
{"id": "basket_sum_000506", "topic": "basket_sum", "subtopic": "decimal_prices", "prompt": "You’re buying 3 items: $2.28, $15.66, $15.33. About how much will you pay (before tax)?", "split": "test", "exact_value": 33.27}
{"id": "basket_sum_000507", "topic": "basket_sum", "subtopic": "decimal_prices", "prompt": "You’re buying 3 items: $4.56, $1.42, $13.46. About how much will you pay (before tax)?", "split": "test", "exact_value": 19.44}
{"id": "basket_sum_000508", "topic": "basket_sum", "subtopic": "decimal_prices", "prompt": "You’re buying 3 items: $9.80, $18.23, $1.62. About how much will you pay (before tax)?", "split": "test", "exact_value": 29.65}
{"id": "basket_sum_000509", "topic": "basket_sum", "subtopic": "decimal_prices", "prompt": "You’re buying 5 items: $13.61, $15.28, $15.81, $18.46, $4.73. About how much will you pay (before tax)?", "split": "test", "exact_value": 67.89}
{"id": "basket_sum_000510", "topic": "basket_sum", "subtopic": "decimal_prices", "prompt": "You’re buying 4 items: $4.34, $7.54, $2.53, $17.03. About how much will you pay (before tax)?", "split": "test", "exact_value": 31.44}
{"id": "basket_sum_000511", "topic": "basket_sum", "subtopic": "decimal_prices", "prompt": "You’re buying 5 items: $19.01, $7.47, $3.87, $10.40, $14.78. About how much will you pay (before tax)?", "split": "test", "exact_value": 55.53}
{"id": "basket_sum_000512", "topic": "basket_sum", "subtopic": "decimal_prices", "prompt": "You’re buying 4 items: $10.48, $2.10, $16.53, $15.44. About how much will you pay (before tax)?", "split": "test", "exact_value": 44.55}
{"id": "basket_sum_000513", "topic": "basket_sum", "subtopic": "decimal_prices", "prompt": "You’re buying 4 items: $14.53, $19.30, $4.09, $15.27. About how much will you pay (before tax)?", "split": "test", "exact_value": 53.19}
{"id": "basket_sum_000514", "topic": "basket_sum", "subtopic": "decimal_prices", "prompt": "You’re buying 3 items: $19.48, $2.68, $4.90. About how much will you pay (before tax)?", "split": "test", "exact_value": 27.06}
{"id": "basket_sum_000515", "topic": "basket_sum", "subtopic": "decimal_prices", "prompt": "You’re buying 6 items: $7.83, $12.11, $9.23, $19.18, $4.26, $7.60. About how much will you pay (before tax)?", "split": "test", "exact_value": 60.21}
{"id": "basket_sum_000516", "topic": "basket_sum", "subtopic": "decimal_prices", "prompt": "You’re buying 6 items: $8.93, $10.66, $8.62, $15.41, $6.82, $9.74. About how much will you pay (before tax)?", "split": "test", "exact_value": 60.18}
{"id": "basket_sum_000517", "topic": "basket_sum", "subtopic": "decimal_prices", "prompt": "You’re buying 4 items: $10.31, $7.73, $6.32, $14.66. About how much will you pay (before tax)?", "split": "test", "exact_value": 39.02}
{"id": "basket_sum_000518", "topic": "basket_sum", "subtopic": "decimal_prices", "prompt": "You’re buying 3 items: $7.09, $3.01, $6.24. About how much will you pay (before tax)?", "split": "test", "exact_value": 16.34}
{"id": "basket_sum_000519", "topic": "basket_sum", "subtopic": "decimal_prices", "prompt": "You’re buying 5 items: $13.98, $16.94, $5.13, $8.61, $19.70. About how much will you pay (before tax)?", "split": "test", "exact_value": 64.36}
{"id": "basket_sum_000520", "topic": "basket_sum", "subtopic": "decimal_prices", "prompt": "You’re buying 6 items: $4.41, $2.13, $16.94, $9.92, $13.83, $4.23. About how much will you pay (before tax)?", "split": "test", "exact_value": 51.46}
{"id": "basket_sum_000521", "topic": "basket_sum", "subtopic": "decimal_prices", "prompt": "You’re buying 6 items: $13.69, $8.40, $10.83, $13.78, $3.08, $8.37. About how much will you pay (before tax)?", "split": "test", "exact_value": 58.15}
{"id": "basket_sum_000522", "topic": "basket_sum", "subtopic": "decimal_prices", "prompt": "You’re buying 3 items: $15.03, $17.92, $4.03. About how much will you pay (before tax)?", "split": "test", "exact_value": 36.98}
{"id": "basket_sum_000523", "topic": "basket_sum", "subtopic": "decimal_prices", "prompt": "You’re buying 5 items: $19.51, $7.29, $12.21, $19.81, $3.15. About how much will you pay (before tax)?", "split": "test", "exact_value": 61.97}
{"id": "basket_sum_000524", "topic": "basket_sum", "subtopic": "decimal_prices", "prompt": "You’re buying 6 items: $14.71, $6.14, $14.49, $11.96, $6.03, $15.95. About how much will you pay (before tax)?", "split": "test", "exact_value": 69.28}
{"id": "basket_sum_000525", "topic": "basket_sum", "subtopic": "decimal_prices", "prompt": "You’re buying 6 items: $7.63, $13.59, $19.03, $19.75, $10.61, $3.62. About how much will you pay (before tax)?", "split": "test", "exact_value": 74.23}
{"id": "basket_sum_000526", "topic": "basket_sum", "subtopic": "decimal_prices", "prompt": "You’re buying 6 items: $2.86, $5.60, $10.34, $12.85, $3.37, $2.70. About how much will you pay (before tax)?", "split": "test", "exact_value": 37.72}
{"id": "basket_sum_000527", "topic": "basket_sum", "subtopic": "decimal_prices", "prompt": "You’re buying 3 items: $16.73, $10.35, $1.30. About how much will you pay (before tax)?", "split": "test", "exact_value": 28.38}
{"id": "basket_sum_000528", "topic": "basket_sum", "subtopic": "decimal_prices", "prompt": "You’re buying 4 items: $8.14, $13.83, $3.72, $12.73. About how much will you pay (before tax)?", "split": "test", "exact_value": 38.42}
{"id": "basket_sum_000529", "topic": "basket_sum", "subtopic": "decimal_prices", "prompt": "You’re buying 3 items: $15.39, $13.48, $10.77. About how much will you pay (before tax)?", "split": "test", "exact_value": 39.64}
{"id": "basket_sum_000530", "topic": "basket_sum", "subtopic": "decimal_prices", "prompt": "You’re buying 6 items: $16.01, $4.67, $13.50, $10.20, $5.81, $7.39. About how much will you pay (before tax)?", "split": "test", "exact_value": 57.58}
{"id": "basket_sum_000531", "topic": "basket_sum", "subtopic": "decimal_prices", "prompt": "You’re buying 3 items: $19.08, $1.40, $9.05. About how much will you pay (before tax)?", "split": "test", "exact_value": 29.53}
{"id": "basket_sum_000532", "topic": "basket_sum", "subtopic": "decimal_prices", "prompt": "You’re buying 3 items: $8.16, $6.83, $8.02. About how much will you pay (before tax)?", "split": "test", "exact_value": 23.01}
{"id": "basket_sum_000533", "topic": "basket_sum", "subtopic": "decimal_prices", "prompt": "You’re buying 6 items: $1.48, $4.19, $13.45, $15.75, $17.78, $3.94. About how much will you pay (before tax)?", "split": "test", "exact_value": 56.59}
{"id": "basket_sum_000534", "topic": "basket_sum", "subtopic": "decimal_prices", "prompt": "You’re buying 6 items: $3.37, $14.53, $10.15, $2.89, $13.75, $13.46. About how much will you pay (before tax)?", "split": "test", "exact_value": 58.15}
{"id": "basket_sum_000535", "topic": "basket_sum", "subtopic": "decimal_prices", "prompt": "You’re buying 6 items: $9.93, $17.19, $10.52, $8.30, $10.29, $19.43. About how much will you pay (before tax)?", "split": "test", "exact_value": 75.66}
{"id": "basket_sum_000536", "topic": "basket_sum", "subtopic": "decimal_prices", "prompt": "You’re buying 5 items: $15.51, $6.25, $1.97, $12.13, $3.25. About how much will you pay (before tax)?", "split": "test", "exact_value": 39.11}
{"id": "basket_sum_000537", "topic": "basket_sum", "subtopic": "decimal_prices", "prompt": "You’re buying 5 items: $7.49, $15.04, $1.31, $17.90, $7.34. About how much will you pay (before tax)?", "split": "test", "exact_value": 49.08}
{"id": "basket_sum_000538", "topic": "basket_sum", "subtopic": "decimal_prices", "prompt": "You’re buying 3 items: $9.01, $19.84, $8.70. About how much will you pay (before tax)?", "split": "test", "exact_value": 37.55}
{"id": "basket_sum_000539", "topic": "basket_sum", "subtopic": "decimal_prices", "prompt": "You’re buying 3 items: $13.49, $5.54, $13.23. About how much will you pay (before tax)?", "split": "test", "exact_value": 32.26}
{"id": "basket_sum_000540", "topic": "basket_sum", "subtopic": "decimal_prices", "prompt": "You’re buying 3 items: $18.27, $2.05, $6.64. About how much will you pay (before tax)?", "split": "test", "exact_value": 26.96}
{"id": "basket_sum_000541", "topic": "basket_sum", "subtopic": "decimal_prices", "prompt": "You’re buying 5 items: $4.05, $11.13, $1.51, $13.42, $8.90. About how much will you pay (before tax)?", "split": "test", "exact_value": 39.01}
{"id": "basket_sum_000542", "topic": "basket_sum", "subtopic": "decimal_prices", "prompt": "You’re buying 6 items: $5.91, $14.15, $12.08, $19.72, $8.04, $8.28. About how much will you pay (before tax)?", "split": "test", "exact_value": 68.18}
{"id": "basket_sum_000543", "topic": "basket_sum", "subtopic": "decimal_prices", "prompt": "You’re buying 3 items: $16.31, $2.71, $13.75. About how much will you pay (before tax)?", "split": "test", "exact_value": 32.77}
{"id": "basket_sum_000544", "topic": "basket_sum", "subtopic": "decimal_prices", "prompt": "You’re buying 5 items: $10.33, $16.37, $13.60, $3.99, $6.54. About how much will you pay (before tax)?", "split": "test", "exact_value": 50.83}
{"id": "basket_sum_000545", "topic": "basket_sum", "subtopic": "decimal_prices", "prompt": "You’re buying 6 items: $4.66, $12.99, $19.49, $2.24, $17.12, $4.90. About how much will you pay (before tax)?", "split": "test", "exact_value": 61.4}
{"id": "basket_sum_000546", "topic": "basket_sum", "subtopic": "decimal_prices", "prompt": "You’re buying 5 items: $1.70, $19.92, $8.51, $5.13, $15.05. About how much will you pay (before tax)?", "split": "test", "exact_value": 50.31}
{"id": "basket_sum_000547", "topic": "basket_sum", "subtopic": "decimal_prices", "prompt": "You’re buying 3 items: $14.57, $11.89, $12.15. About how much will you pay (before tax)?", "split": "test", "exact_value": 38.61}
{"id": "basket_sum_000548", "topic": "basket_sum", "subtopic": "decimal_prices", "prompt": "You’re buying 5 items: $2.08, $16.17, $9.92, $4.82, $16.07. About how much will you pay (before tax)?", "split": "test", "exact_value": 49.06}
{"id": "basket_sum_000549", "topic": "basket_sum", "subtopic": "decimal_prices", "prompt": "You’re buying 5 items: $10.48, $6.55, $13.53, $6.81, $8.74. About how much will you pay (before tax)?", "split": "test", "exact_value": 46.11}
{"id": "basket_sum_000550", "topic": "basket_sum", "subtopic": "decimal_prices", "prompt": "You’re buying 5 items: $12.79, $9.49, $15.45, $4.26, $1.15. About how much will you pay (before tax)?", "split": "test", "exact_value": 43.14}
{"id": "basket_sum_000551", "topic": "basket_sum", "subtopic": "decimal_prices", "prompt": "You’re buying 4 items: $11.87, $4.88, $19.26, $15.04. About how much will you pay (before tax)?", "split": "test", "exact_value": 51.05}
{"id": "basket_sum_000552", "topic": "basket_sum", "subtopic": "decimal_prices", "prompt": "You’re buying 6 items: $5.93, $13.04, $16.32, $17.16, $18.20, $18.74. About how much will you pay (before tax)?", "split": "test", "exact_value": 89.39}
{"id": "basket_sum_000553", "topic": "basket_sum", "subtopic": "decimal_prices", "prompt": "You’re buying 3 items: $10.82, $7.78, $3.63. About how much will you pay (before tax)?", "split": "test", "exact_value": 22.23}
{"id": "basket_sum_000554", "topic": "basket_sum", "subtopic": "decimal_prices", "prompt": "You’re buying 4 items: $15.12, $15.49, $17.00, $8.67. About how much will you pay (before tax)?", "split": "test", "exact_value": 56.28}
{"id": "basket_sum_000555", "topic": "basket_sum", "subtopic": "decimal_prices", "prompt": "You’re buying 3 items: $12.96, $17.03, $5.92. About how much will you pay (before tax)?", "split": "test", "exact_value": 35.91}
{"id": "basket_sum_000556", "topic": "basket_sum", "subtopic": "decimal_prices", "prompt": "You’re buying 5 items: $13.19, $5.71, $12.33, $8.58, $2.97. About how much will you pay (before tax)?", "split": "test", "exact_value": 42.78}
{"id": "basket_sum_000557", "topic": "basket_sum", "subtopic": "decimal_prices", "prompt": "You’re buying 4 items: $1.32, $16.09, $6.75, $10.11. About how much will you pay (before tax)?", "split": "test", "exact_value": 34.27}
{"id": "basket_sum_000558", "topic": "basket_sum", "subtopic": "decimal_prices", "prompt": "You’re buying 6 items: $8.89, $18.18, $4.67, $6.03, $1.35, $15.95. About how much will you pay (before tax)?", "split": "test", "exact_value": 55.07}
{"id": "basket_sum_000559", "topic": "basket_sum", "subtopic": "decimal_prices", "prompt": "You’re buying 5 items: $13.44, $4.17, $17.16, $19.29, $10.12. About how much will you pay (before tax)?", "split": "test", "exact_value": 64.18}
{"id": "basket_sum_000560", "topic": "basket_sum", "subtopic": "decimal_prices", "prompt": "You’re buying 3 items: $1.85, $18.00, $6.82. About how much will you pay (before tax)?", "split": "test", "exact_value": 26.67}
{"id": "basket_sum_000561", "topic": "basket_sum", "subtopic": "decimal_prices", "prompt": "You’re buying 5 items: $17.44, $18.08, $8.60, $7.77, $13.41. About how much will you pay (before tax)?", "split": "test", "exact_value": 65.3}
{"id": "basket_sum_000562", "topic": "basket_sum", "subtopic": "decimal_prices", "prompt": "You’re buying 3 items: $8.41, $16.91, $16.97. About how much will you pay (before tax)?", "split": "test", "exact_value": 42.29}
{"id": "basket_sum_000563", "topic": "basket_sum", "subtopic": "decimal_prices", "prompt": "You’re buying 4 items: $2.94, $14.89, $18.70, $10.81. About how much will you pay (before tax)?", "split": "test", "exact_value": 47.34}
{"id": "basket_sum_000564", "topic": "basket_sum", "subtopic": "decimal_prices", "prompt": "You’re buying 5 items: $10.32, $2.52, $12.31, $15.64, $6.81. About how much will you pay (before tax)?", "split": "test", "exact_value": 47.6}
{"id": "basket_sum_000565", "topic": "basket_sum", "subtopic": "decimal_prices", "prompt": "You’re buying 6 items: $16.26, $15.07, $18.75, $4.98, $2.84, $4.90. About how much will you pay (before tax)?", "split": "test", "exact_value": 62.8}
{"id": "basket_sum_000566", "topic": "basket_sum", "subtopic": "decimal_prices", "prompt": "You’re buying 5 items: $9.23, $5.67, $12.11, $10.20, $7.98. About how much will you pay (before tax)?", "split": "test", "exact_value": 45.19}
{"id": "basket_sum_000567", "topic": "basket_sum", "subtopic": "decimal_prices", "prompt": "You’re buying 3 items: $6.87, $8.93, $13.90. About how much will you pay (before tax)?", "split": "test", "exact_value": 29.7}
{"id": "basket_sum_000568", "topic": "basket_sum", "subtopic": "decimal_prices", "prompt": "You’re buying 5 items: $17.68, $18.78, $7.76, $14.53, $16.56. About how much will you pay (before tax)?", "split": "test", "exact_value": 75.31}
{"id": "basket_sum_000569", "topic": "basket_sum", "subtopic": "decimal_prices", "prompt": "You’re buying 3 items: $13.18, $18.17, $1.46. About how much will you pay (before tax)?", "split": "test", "exact_value": 32.81}
{"id": "basket_sum_000570", "topic": "basket_sum", "subtopic": "decimal_prices", "prompt": "You’re buying 3 items: $14.05, $15.94, $5.39. About how much will you pay (before tax)?", "split": "test", "exact_value": 35.38}
{"id": "basket_sum_000571", "topic": "basket_sum", "subtopic": "decimal_prices", "prompt": "You’re buying 6 items: $6.73, $19.19, $7.76, $16.39, $3.13, $17.44. About how much will you pay (before tax)?", "split": "test", "exact_value": 70.64}
{"id": "basket_sum_000572", "topic": "basket_sum", "subtopic": "decimal_prices", "prompt": "You’re buying 6 items: $8.25, $18.26, $8.34, $19.57, $5.70, $2.52. About how much will you pay (before tax)?", "split": "test", "exact_value": 62.64}
{"id": "basket_sum_000573", "topic": "basket_sum", "subtopic": "decimal_prices", "prompt": "You’re buying 4 items: $6.50, $17.29, $3.87, $9.22. About how much will you pay (before tax)?", "split": "test", "exact_value": 36.88}
{"id": "basket_sum_000574", "topic": "basket_sum", "subtopic": "decimal_prices", "prompt": "You’re buying 5 items: $17.68, $15.51, $8.59, $1.44, $17.43. About how much will you pay (before tax)?", "split": "test", "exact_value": 60.65}
{"id": "basket_sum_000575", "topic": "basket_sum", "subtopic": "decimal_prices", "prompt": "You’re buying 6 items: $9.83, $8.72, $16.94, $14.56, $17.62, $16.54. About how much will you pay (before tax)?", "split": "test", "exact_value": 84.21}
{"id": "basket_sum_000576", "topic": "basket_sum", "subtopic": "decimal_prices", "prompt": "You’re buying 4 items: $14.20, $10.51, $7.55, $12.35. About how much will you pay (before tax)?", "split": "test", "exact_value": 44.61}
{"id": "basket_sum_000577", "topic": "basket_sum", "subtopic": "decimal_prices", "prompt": "You’re buying 5 items: $9.49, $1.32, $1.79, $13.11, $12.89. About how much will you pay (before tax)?", "split": "test", "exact_value": 38.6}
{"id": "basket_sum_000578", "topic": "basket_sum", "subtopic": "decimal_prices", "prompt": "You’re buying 4 items: $0.85, $4.63, $6.66, $11.85. About how much will you pay (before tax)?", "split": "test", "exact_value": 23.99}
{"id": "basket_sum_000579", "topic": "basket_sum", "subtopic": "decimal_prices", "prompt": "You’re buying 3 items: $3.82, $10.70, $19.41. About how much will you pay (before tax)?", "split": "test", "exact_value": 33.93}
{"id": "basket_sum_000580", "topic": "basket_sum", "subtopic": "decimal_prices", "prompt": "You’re buying 4 items: $17.05, $13.96, $16.01, $6.92. About how much will you pay (before tax)?", "split": "test", "exact_value": 53.94}
{"id": "basket_sum_000581", "topic": "basket_sum", "subtopic": "decimal_prices", "prompt": "You’re buying 6 items: $17.56, $3.35, $4.12, $12.18, $7.08, $6.20. About how much will you pay (before tax)?", "split": "test", "exact_value": 50.49}
{"id": "basket_sum_000582", "topic": "basket_sum", "subtopic": "decimal_prices", "prompt": "You’re buying 3 items: $8.75, $4.28, $17.62. About how much will you pay (before tax)?", "split": "test", "exact_value": 30.65}
{"id": "basket_sum_000583", "topic": "basket_sum", "subtopic": "decimal_prices", "prompt": "You’re buying 4 items: $1.19, $1.23, $11.51, $12.54. About how much will you pay (before tax)?", "split": "test", "exact_value": 26.47}
{"id": "basket_sum_000584", "topic": "basket_sum", "subtopic": "decimal_prices", "prompt": "You’re buying 4 items: $18.20, $19.49, $4.60, $14.25. About how much will you pay (before tax)?", "split": "test", "exact_value": 56.54}
{"id": "basket_sum_000585", "topic": "basket_sum", "subtopic": "decimal_prices", "prompt": "You’re buying 4 items: $1.75, $12.66, $12.32, $3.66. About how much will you pay (before tax)?", "split": "test", "exact_value": 30.39}
{"id": "basket_sum_000586", "topic": "basket_sum", "subtopic": "decimal_prices", "prompt": "You’re buying 5 items: $4.06, $11.68, $1.06, $10.89, $15.64. About how much will you pay (before tax)?", "split": "test", "exact_value": 43.33}
{"id": "basket_sum_000587", "topic": "basket_sum", "subtopic": "decimal_prices", "prompt": "You’re buying 6 items: $16.67, $10.28, $5.10, $4.69, $18.95, $16.41. About how much will you pay (before tax)?", "split": "test", "exact_value": 72.1}
{"id": "basket_sum_000588", "topic": "basket_sum", "subtopic": "decimal_prices", "prompt": "You’re buying 5 items: $6.32, $10.28, $3.29, $17.23, $12.31. About how much will you pay (before tax)?", "split": "test", "exact_value": 49.43}
{"id": "basket_sum_000589", "topic": "basket_sum", "subtopic": "decimal_prices", "prompt": "You’re buying 5 items: $14.74, $4.43, $4.25, $16.01, $1.34. About how much will you pay (before tax)?", "split": "test", "exact_value": 40.77}
{"id": "basket_sum_000590", "topic": "basket_sum", "subtopic": "decimal_prices", "prompt": "You’re buying 5 items: $5.31, $9.45, $5.56, $11.98, $13.22. About how much will you pay (before tax)?", "split": "test", "exact_value": 45.52}
{"id": "basket_sum_000591", "topic": "basket_sum", "subtopic": "decimal_prices", "prompt": "You’re buying 3 items: $0.99, $3.35, $7.00. About how much will you pay (before tax)?", "split": "test", "exact_value": 11.34}
{"id": "basket_sum_000592", "topic": "basket_sum", "subtopic": "decimal_prices", "prompt": "You’re buying 6 items: $13.98, $14.49, $14.39, $14.92, $5.71, $2.62. About how much will you pay (before tax)?", "split": "test", "exact_value": 66.11}
{"id": "basket_sum_000593", "topic": "basket_sum", "subtopic": "decimal_prices", "prompt": "You’re buying 3 items: $1.79, $18.67, $9.83. About how much will you pay (before tax)?", "split": "test", "exact_value": 30.29}
{"id": "basket_sum_000594", "topic": "basket_sum", "subtopic": "decimal_prices", "prompt": "You’re buying 5 items: $19.93, $18.82, $19.36, $12.28, $15.16. About how much will you pay (before tax)?", "split": "test", "exact_value": 85.55}
{"id": "basket_sum_000595", "topic": "basket_sum", "subtopic": "decimal_prices", "prompt": "You’re buying 3 items: $0.89, $10.48, $8.10. About how much will you pay (before tax)?", "split": "test", "exact_value": 19.47}
{"id": "basket_sum_000596", "topic": "basket_sum", "subtopic": "decimal_prices", "prompt": "You’re buying 6 items: $13.68, $3.33, $17.92, $1.58, $4.23, $4.05. About how much will you pay (before tax)?", "split": "test", "exact_value": 44.79}
{"id": "basket_sum_000597", "topic": "basket_sum", "subtopic": "decimal_prices", "prompt": "You’re buying 6 items: $18.65, $17.65, $3.32, $6.88, $10.97, $3.51. About how much will you pay (before tax)?", "split": "test", "exact_value": 60.98}
{"id": "basket_sum_000598", "topic": "basket_sum", "subtopic": "decimal_prices", "prompt": "You’re buying 3 items: $6.80, $19.58, $10.37. About how much will you pay (before tax)?", "split": "test", "exact_value": 36.75}
{"id": "basket_sum_000599", "topic": "basket_sum", "subtopic": "decimal_prices", "prompt": "You’re buying 5 items: $15.15, $18.57, $6.22, $17.63, $12.56. About how much will you pay (before tax)?", "split": "test", "exact_value": 70.13}
{"id": "basket_sum_000600", "topic": "basket_sum", "subtopic": "decimal_prices", "prompt": "You’re buying 5 items: $10.72, $9.16, $3.96, $14.94, $10.22. About how much will you pay (before tax)?", "split": "test", "exact_value": 49.0}
{"id": "basket_sum_000601", "topic": "basket_sum", "subtopic": "decimal_prices", "prompt": "You’re buying 4 items: $11.46, $18.51, $13.01, $9.24. About how much will you pay (before tax)?", "split": "test", "exact_value": 52.22}
{"id": "basket_sum_000602", "topic": "basket_sum", "subtopic": "decimal_prices", "prompt": "You’re buying 4 items: $3.64, $5.20, $1.48, $5.79. About how much will you pay (before tax)?", "split": "test", "exact_value": 16.11}
{"id": "basket_sum_000603", "topic": "basket_sum", "subtopic": "decimal_prices", "prompt": "You’re buying 6 items: $9.17, $19.90, $18.59, $1.57, $7.64, $14.40. About how much will you pay (before tax)?", "split": "test", "exact_value": 71.27}
{"id": "basket_sum_000604", "topic": "basket_sum", "subtopic": "decimal_prices", "prompt": "You’re buying 6 items: $9.58, $2.95, $14.61, $3.63, $7.50, $4.70. About how much will you pay (before tax)?", "split": "test", "exact_value": 42.97}
{"id": "basket_sum_000605", "topic": "basket_sum", "subtopic": "decimal_prices", "prompt": "You’re buying 5 items: $4.26, $4.02, $10.56, $6.03, $17.90. About how much will you pay (before tax)?", "split": "test", "exact_value": 42.77}
{"id": "basket_sum_000606", "topic": "basket_sum", "subtopic": "decimal_prices", "prompt": "You’re buying 4 items: $11.99, $19.45, $10.89, $11.75. About how much will you pay (before tax)?", "split": "test", "exact_value": 54.08}
{"id": "basket_sum_000607", "topic": "basket_sum", "subtopic": "decimal_prices", "prompt": "You’re buying 6 items: $18.46, $5.52, $10.35, $2.60, $7.10, $6.25. About how much will you pay (before tax)?", "split": "test", "exact_value": 50.28}
{"id": "basket_sum_000608", "topic": "basket_sum", "subtopic": "decimal_prices", "prompt": "You’re buying 3 items: $8.36, $12.12, $19.05. About how much will you pay (before tax)?", "split": "test", "exact_value": 39.53}
{"id": "basket_sum_000609", "topic": "basket_sum", "subtopic": "decimal_prices", "prompt": "You’re buying 5 items: $3.74, $2.35, $16.74, $13.45, $9.51. About how much will you pay (before tax)?", "split": "test", "exact_value": 45.79}
{"id": "basket_sum_000610", "topic": "basket_sum", "subtopic": "decimal_prices", "prompt": "You’re buying 5 items: $12.20, $0.90, $19.41, $13.39, $19.05. About how much will you pay (before tax)?", "split": "test", "exact_value": 64.95}
{"id": "basket_sum_000611", "topic": "basket_sum", "subtopic": "decimal_prices", "prompt": "You’re buying 5 items: $18.98, $19.99, $18.20, $16.09, $3.27. About how much will you pay (before tax)?", "split": "test", "exact_value": 76.53}
{"id": "basket_sum_000612", "topic": "basket_sum", "subtopic": "decimal_prices", "prompt": "You’re buying 3 items: $16.18, $6.22, $16.11. About how much will you pay (before tax)?", "split": "test", "exact_value": 38.51}
{"id": "basket_sum_000613", "topic": "basket_sum", "subtopic": "decimal_prices", "prompt": "You’re buying 3 items: $11.30, $12.35, $2.57. About how much will you pay (before tax)?", "split": "test", "exact_value": 26.22}
{"id": "basket_sum_000614", "topic": "basket_sum", "subtopic": "decimal_prices", "prompt": "You’re buying 5 items: $4.21, $19.32, $17.41, $2.50, $17.16. About how much will you pay (before tax)?", "split": "test", "exact_value": 60.6}
{"id": "basket_sum_000615", "topic": "basket_sum", "subtopic": "decimal_prices", "prompt": "You’re buying 4 items: $8.25, $8.52, $13.22, $19.12. About how much will you pay (before tax)?", "split": "test", "exact_value": 49.11}
{"id": "basket_sum_000616", "topic": "basket_sum", "subtopic": "decimal_prices", "prompt": "You’re buying 4 items: $3.11, $10.21, $9.09, $16.27. About how much will you pay (before tax)?", "split": "test", "exact_value": 38.68}
{"id": "basket_sum_000617", "topic": "basket_sum", "subtopic": "decimal_prices", "prompt": "You’re buying 5 items: $18.14, $12.38, $7.68, $2.64, $7.85. About how much will you pay (before tax)?", "split": "test", "exact_value": 48.69}
{"id": "basket_sum_000618", "topic": "basket_sum", "subtopic": "decimal_prices", "prompt": "You’re buying 4 items: $10.19, $17.79, $9.94, $11.60. About how much will you pay (before tax)?", "split": "test", "exact_value": 49.52}
{"id": "basket_sum_000619", "topic": "basket_sum", "subtopic": "decimal_prices", "prompt": "You’re buying 6 items: $2.52, $8.90, $7.86, $4.37, $12.90, $2.57. About how much will you pay (before tax)?", "split": "test", "exact_value": 39.12}
{"id": "basket_sum_000620", "topic": "basket_sum", "subtopic": "decimal_prices", "prompt": "You’re buying 5 items: $19.48, $13.78, $13.22, $14.49, $18.66. About how much will you pay (before tax)?", "split": "test", "exact_value": 79.63}
{"id": "basket_sum_000621", "topic": "basket_sum", "subtopic": "decimal_prices", "prompt": "You’re buying 3 items: $6.37, $9.19, $18.21. About how much will you pay (before tax)?", "split": "test", "exact_value": 33.77}
{"id": "basket_sum_000622", "topic": "basket_sum", "subtopic": "decimal_prices", "prompt": "You’re buying 6 items: $6.56, $19.69, $13.93, $6.56, $5.56, $9.00. About how much will you pay (before tax)?", "split": "test", "exact_value": 61.3}
{"id": "basket_sum_000623", "topic": "basket_sum", "subtopic": "decimal_prices", "prompt": "You’re buying 3 items: $11.37, $18.40, $10.65. About how much will you pay (before tax)?", "split": "test", "exact_value": 40.42}
{"id": "basket_sum_000624", "topic": "basket_sum", "subtopic": "decimal_prices", "prompt": "You’re buying 6 items: $8.72, $9.71, $14.62, $16.40, $7.61, $12.03. About how much will you pay (before tax)?", "split": "test", "exact_value": 69.09}
{"id": "basket_sum_000625", "topic": "basket_sum", "subtopic": "decimal_prices", "prompt": "You’re buying 3 items: $2.98, $13.49, $4.24. About how much will you pay (before tax)?", "split": "test", "exact_value": 20.71}
{"id": "basket_sum_000626", "topic": "basket_sum", "subtopic": "decimal_prices", "prompt": "You’re buying 4 items: $16.97, $1.66, $8.78, $14.31. About how much will you pay (before tax)?", "split": "test", "exact_value": 41.72}
{"id": "basket_sum_000627", "topic": "basket_sum", "subtopic": "decimal_prices", "prompt": "You’re buying 5 items: $12.06, $9.53, $13.66, $12.77, $5.88. About how much will you pay (before tax)?", "split": "test", "exact_value": 53.9}
{"id": "basket_sum_000628", "topic": "basket_sum", "subtopic": "decimal_prices", "prompt": "You’re buying 4 items: $4.84, $2.29, $19.65, $5.77. About how much will you pay (before tax)?", "split": "test", "exact_value": 32.55}
{"id": "basket_sum_000629", "topic": "basket_sum", "subtopic": "decimal_prices", "prompt": "You’re buying 3 items: $9.12, $1.13, $8.37. About how much will you pay (before tax)?", "split": "test", "exact_value": 18.62}
{"id": "basket_sum_000630", "topic": "basket_sum", "subtopic": "decimal_prices", "prompt": "You’re buying 3 items: $4.09, $9.95, $14.07. About how much will you pay (before tax)?", "split": "test", "exact_value": 28.11}
{"id": "basket_sum_000631", "topic": "basket_sum", "subtopic": "decimal_prices", "prompt": "You’re buying 6 items: $6.60, $16.40, $12.63, $14.05, $19.28, $13.75. About how much will you pay (before tax)?", "split": "test", "exact_value": 82.71}
{"id": "basket_sum_000632", "topic": "basket_sum", "subtopic": "decimal_prices", "prompt": "You’re buying 5 items: $2.47, $3.38, $4.45, $16.46, $14.15. About how much will you pay (before tax)?", "split": "test", "exact_value": 40.91}
{"id": "basket_sum_000633", "topic": "basket_sum", "subtopic": "decimal_prices", "prompt": "You’re buying 4 items: $17.28, $4.81, $13.24, $13.27. About how much will you pay (before tax)?", "split": "test", "exact_value": 48.6}
{"id": "basket_sum_000634", "topic": "basket_sum", "subtopic": "decimal_prices", "prompt": "You’re buying 6 items: $16.96, $17.27, $11.13, $2.44, $15.57, $3.63. About how much will you pay (before tax)?", "split": "test", "exact_value": 67.0}
{"id": "basket_sum_000635", "topic": "basket_sum", "subtopic": "decimal_prices", "prompt": "You’re buying 6 items: $1.21, $3.98, $3.72, $14.28, $19.30, $9.84. About how much will you pay (before tax)?", "split": "test", "exact_value": 52.33}
{"id": "basket_sum_000636", "topic": "basket_sum", "subtopic": "decimal_prices", "prompt": "You’re buying 6 items: $12.03, $4.66, $11.72, $16.80, $1.77, $0.94. About how much will you pay (before tax)?", "split": "test", "exact_value": 47.92}
{"id": "basket_sum_000637", "topic": "basket_sum", "subtopic": "decimal_prices", "prompt": "You’re buying 6 items: $19.60, $17.08, $14.94, $12.23, $11.43, $6.37. About how much will you pay (before tax)?", "split": "test", "exact_value": 81.65}
{"id": "basket_sum_000638", "topic": "basket_sum", "subtopic": "decimal_prices", "prompt": "You’re buying 6 items: $8.46, $10.65, $14.70, $18.75, $18.17, $17.45. About how much will you pay (before tax)?", "split": "test", "exact_value": 88.18}
{"id": "basket_sum_000639", "topic": "basket_sum", "subtopic": "decimal_prices", "prompt": "You’re buying 4 items: $14.50, $10.93, $8.89, $6.85. About how much will you pay (before tax)?", "split": "test", "exact_value": 41.17}
{"id": "basket_sum_000640", "topic": "basket_sum", "subtopic": "decimal_prices", "prompt": "You’re buying 3 items: $5.93, $13.24, $17.86. About how much will you pay (before tax)?", "split": "test", "exact_value": 37.03}
{"id": "basket_sum_000641", "topic": "basket_sum", "subtopic": "decimal_prices", "prompt": "You’re buying 3 items: $10.29, $18.82, $7.45. About how much will you pay (before tax)?", "split": "test", "exact_value": 36.56}
{"id": "basket_sum_000642", "topic": "basket_sum", "subtopic": "decimal_prices", "prompt": "You’re buying 6 items: $1.19, $6.32, $4.48, $7.39, $5.25, $5.01. About how much will you pay (before tax)?", "split": "test", "exact_value": 29.64}
{"id": "basket_sum_000643", "topic": "basket_sum", "subtopic": "decimal_prices", "prompt": "You’re buying 5 items: $18.49, $17.18, $14.52, $9.78, $17.75. About how much will you pay (before tax)?", "split": "test", "exact_value": 77.72}
{"id": "basket_sum_000644", "topic": "basket_sum", "subtopic": "decimal_prices", "prompt": "You’re buying 6 items: $19.22, $16.79, $13.71, $14.89, $16.07, $16.15. About how much will you pay (before tax)?", "split": "test", "exact_value": 96.83}
{"id": "basket_sum_000645", "topic": "basket_sum", "subtopic": "decimal_prices", "prompt": "You’re buying 4 items: $12.73, $6.21, $15.18, $13.60. About how much will you pay (before tax)?", "split": "test", "exact_value": 47.72}
{"id": "basket_sum_000646", "topic": "basket_sum", "subtopic": "decimal_prices", "prompt": "You’re buying 4 items: $4.12, $3.79, $10.24, $16.02. About how much will you pay (before tax)?", "split": "test", "exact_value": 34.17}
{"id": "basket_sum_000647", "topic": "basket_sum", "subtopic": "decimal_prices", "prompt": "You’re buying 6 items: $6.62, $4.81, $1.69, $1.14, $17.70, $7.65. About how much will you pay (before tax)?", "split": "test", "exact_value": 39.61}
{"id": "basket_sum_000648", "topic": "basket_sum", "subtopic": "decimal_prices", "prompt": "You’re buying 4 items: $4.14, $17.29, $10.46, $16.28. About how much will you pay (before tax)?", "split": "test", "exact_value": 48.17}
{"id": "basket_sum_000649", "topic": "basket_sum", "subtopic": "decimal_prices", "prompt": "You’re buying 5 items: $9.06, $12.65, $3.11, $5.09, $5.74. About how much will you pay (before tax)?", "split": "test", "exact_value": 35.65}
{"id": "basket_sum_000650", "topic": "basket_sum", "subtopic": "decimal_prices", "prompt": "You’re buying 5 items: $15.86, $15.56, $15.58, $11.48, $18.00. About how much will you pay (before tax)?", "split": "test", "exact_value": 76.48}
{"id": "basket_sum_000651", "topic": "basket_sum", "subtopic": "decimal_prices", "prompt": "You’re buying 3 items: $14.35, $18.58, $9.20. About how much will you pay (before tax)?", "split": "test", "exact_value": 42.13}
{"id": "basket_sum_000652", "topic": "basket_sum", "subtopic": "decimal_prices", "prompt": "You’re buying 6 items: $19.27, $15.30, $19.50, $15.80, $12.50, $17.27. About how much will you pay (before tax)?", "split": "test", "exact_value": 99.64}
{"id": "basket_sum_000653", "topic": "basket_sum", "subtopic": "decimal_prices", "prompt": "You’re buying 3 items: $16.60, $1.60, $2.81. About how much will you pay (before tax)?", "split": "test", "exact_value": 21.01}
{"id": "basket_sum_000654", "topic": "basket_sum", "subtopic": "decimal_prices", "prompt": "You’re buying 3 items: $17.51, $18.28, $3.81. About how much will you pay (before tax)?", "split": "test", "exact_value": 39.6}
{"id": "basket_sum_000655", "topic": "basket_sum", "subtopic": "decimal_prices", "prompt": "You’re buying 5 items: $14.39, $15.42, $10.36, $17.50, $3.75. About how much will you pay (before tax)?", "split": "test", "exact_value": 61.42}
{"id": "basket_sum_000656", "topic": "basket_sum", "subtopic": "decimal_prices", "prompt": "You’re buying 5 items: $7.21, $3.44, $17.08, $9.22, $8.77. About how much will you pay (before tax)?", "split": "test", "exact_value": 45.72}
{"id": "basket_sum_000657", "topic": "basket_sum", "subtopic": "decimal_prices", "prompt": "You’re buying 3 items: $5.50, $16.33, $7.34. About how much will you pay (before tax)?", "split": "test", "exact_value": 29.17}
{"id": "basket_sum_000658", "topic": "basket_sum", "subtopic": "decimal_prices", "prompt": "You’re buying 4 items: $2.43, $7.94, $15.28, $7.71. About how much will you pay (before tax)?", "split": "test", "exact_value": 33.36}
{"id": "basket_sum_000659", "topic": "basket_sum", "subtopic": "decimal_prices", "prompt": "You’re buying 4 items: $3.70, $15.26, $8.89, $5.17. About how much will you pay (before tax)?", "split": "test", "exact_value": 33.02}
{"id": "basket_sum_000660", "topic": "basket_sum", "subtopic": "decimal_prices", "prompt": "You’re buying 6 items: $8.73, $8.65, $9.60, $17.16, $16.05, $7.74. About how much will you pay (before tax)?", "split": "test", "exact_value": 67.93}
{"id": "basket_sum_000661", "topic": "basket_sum", "subtopic": "decimal_prices", "prompt": "You’re buying 3 items: $9.29, $15.58, $14.57. About how much will you pay (before tax)?", "split": "test", "exact_value": 39.44}
{"id": "basket_sum_000662", "topic": "basket_sum", "subtopic": "decimal_prices", "prompt": "You’re buying 3 items: $2.42, $6.83, $19.64. About how much will you pay (before tax)?", "split": "test", "exact_value": 28.89}
{"id": "basket_sum_000663", "topic": "basket_sum", "subtopic": "decimal_prices", "prompt": "You’re buying 4 items: $9.12, $8.34, $1.50, $18.50. About how much will you pay (before tax)?", "split": "test", "exact_value": 37.46}
{"id": "basket_sum_000664", "topic": "basket_sum", "subtopic": "decimal_prices", "prompt": "You’re buying 4 items: $18.12, $1.90, $12.92, $14.49. About how much will you pay (before tax)?", "split": "test", "exact_value": 47.43}
{"id": "basket_sum_000665", "topic": "basket_sum", "subtopic": "decimal_prices", "prompt": "You’re buying 5 items: $8.84, $17.80, $14.25, $17.56, $14.64. About how much will you pay (before tax)?", "split": "test", "exact_value": 73.09}
{"id": "basket_sum_000666", "topic": "basket_sum", "subtopic": "decimal_prices", "prompt": "You’re buying 5 items: $18.25, $0.94, $6.16, $10.92, $18.46. About how much will you pay (before tax)?", "split": "test", "exact_value": 54.73}
{"id": "basket_sum_000667", "topic": "basket_sum", "subtopic": "decimal_prices", "prompt": "You’re buying 6 items: $9.36, $4.73, $11.24, $15.93, $13.31, $14.18. About how much will you pay (before tax)?", "split": "test", "exact_value": 68.75}
{"id": "basket_sum_000668", "topic": "basket_sum", "subtopic": "decimal_prices", "prompt": "You’re buying 6 items: $15.68, $17.70, $2.41, $11.11, $8.28, $14.59. About how much will you pay (before tax)?", "split": "test", "exact_value": 69.77}
{"id": "basket_sum_000669", "topic": "basket_sum", "subtopic": "decimal_prices", "prompt": "You’re buying 4 items: $10.78, $11.17, $4.89, $10.61. About how much will you pay (before tax)?", "split": "test", "exact_value": 37.45}
{"id": "basket_sum_000670", "topic": "basket_sum", "subtopic": "decimal_prices", "prompt": "You’re buying 5 items: $10.80, $15.33, $3.86, $1.33, $16.08. About how much will you pay (before tax)?", "split": "test", "exact_value": 47.4}
{"id": "basket_sum_000671", "topic": "basket_sum", "subtopic": "decimal_prices", "prompt": "You’re buying 5 items: $5.42, $15.65, $14.74, $19.74, $2.91. About how much will you pay (before tax)?", "split": "test", "exact_value": 58.46}
{"id": "basket_sum_000672", "topic": "basket_sum", "subtopic": "decimal_prices", "prompt": "You’re buying 3 items: $16.95, $5.78, $10.53. About how much will you pay (before tax)?", "split": "test", "exact_value": 33.26}
{"id": "basket_sum_000673", "topic": "basket_sum", "subtopic": "decimal_prices", "prompt": "You’re buying 3 items: $1.71, $13.29, $3.19. About how much will you pay (before tax)?", "split": "test", "exact_value": 18.19}
{"id": "basket_sum_000674", "topic": "basket_sum", "subtopic": "decimal_prices", "prompt": "You’re buying 5 items: $11.78, $0.89, $7.30, $5.32, $15.11. About how much will you pay (before tax)?", "split": "test", "exact_value": 40.4}
{"id": "basket_sum_000675", "topic": "basket_sum", "subtopic": "decimal_prices", "prompt": "You’re buying 4 items: $7.52, $6.25, $15.86, $14.52. About how much will you pay (before tax)?", "split": "test", "exact_value": 44.15}
{"id": "basket_sum_000676", "topic": "basket_sum", "subtopic": "decimal_prices", "prompt": "You’re buying 4 items: $14.51, $10.77, $5.54, $7.08. About how much will you pay (before tax)?", "split": "test", "exact_value": 37.9}
{"id": "basket_sum_000677", "topic": "basket_sum", "subtopic": "decimal_prices", "prompt": "You’re buying 4 items: $16.59, $7.73, $2.67, $14.45. About how much will you pay (before tax)?", "split": "test", "exact_value": 41.44}
{"id": "basket_sum_000678", "topic": "basket_sum", "subtopic": "decimal_prices", "prompt": "You’re buying 6 items: $2.36, $1.98, $17.85, $9.93, $9.36, $7.88. About how much will you pay (before tax)?", "split": "test", "exact_value": 49.36}
{"id": "basket_sum_000679", "topic": "basket_sum", "subtopic": "decimal_prices", "prompt": "You’re buying 6 items: $12.08, $10.75, $8.37, $5.85, $10.37, $8.92. About how much will you pay (before tax)?", "split": "test", "exact_value": 56.34}
{"id": "basket_sum_000680", "topic": "basket_sum", "subtopic": "decimal_prices", "prompt": "You’re buying 6 items: $14.02, $18.99, $14.84, $8.79, $3.92, $10.50. About how much will you pay (before tax)?", "split": "test", "exact_value": 71.06}
{"id": "basket_sum_000681", "topic": "basket_sum", "subtopic": "decimal_prices", "prompt": "You’re buying 6 items: $14.44, $3.27, $14.32, $17.36, $3.06, $4.87. About how much will you pay (before tax)?", "split": "test", "exact_value": 57.32}
{"id": "basket_sum_000682", "topic": "basket_sum", "subtopic": "decimal_prices", "prompt": "You’re buying 6 items: $1.42, $3.80, $11.52, $18.49, $3.07, $17.15. About how much will you pay (before tax)?", "split": "test", "exact_value": 55.45}
{"id": "basket_sum_000683", "topic": "basket_sum", "subtopic": "decimal_prices", "prompt": "You’re buying 3 items: $3.11, $11.77, $1.56. About how much will you pay (before tax)?", "split": "test", "exact_value": 16.44}
{"id": "basket_sum_000684", "topic": "basket_sum", "subtopic": "decimal_prices", "prompt": "You’re buying 4 items: $3.05, $6.64, $7.98, $6.43. About how much will you pay (before tax)?", "split": "test", "exact_value": 24.1}
{"id": "basket_sum_000685", "topic": "basket_sum", "subtopic": "decimal_prices", "prompt": "You’re buying 3 items: $15.98, $3.52, $12.11. About how much will you pay (before tax)?", "split": "test", "exact_value": 31.61}
{"id": "basket_sum_000686", "topic": "basket_sum", "subtopic": "decimal_prices", "prompt": "You’re buying 3 items: $18.78, $6.65, $6.23. About how much will you pay (before tax)?", "split": "test", "exact_value": 31.66}
{"id": "basket_sum_000687", "topic": "basket_sum", "subtopic": "decimal_prices", "prompt": "You’re buying 4 items: $16.52, $10.17, $3.14, $7.48. About how much will you pay (before tax)?", "split": "test", "exact_value": 37.31}
{"id": "basket_sum_000688", "topic": "basket_sum", "subtopic": "decimal_prices", "prompt": "You’re buying 3 items: $8.81, $11.79, $11.65. About how much will you pay (before tax)?", "split": "test", "exact_value": 32.25}
{"id": "basket_sum_000689", "topic": "basket_sum", "subtopic": "decimal_prices", "prompt": "You’re buying 5 items: $15.79, $9.91, $14.61, $12.42, $15.42. About how much will you pay (before tax)?", "split": "test", "exact_value": 68.15}
{"id": "basket_sum_000690", "topic": "basket_sum", "subtopic": "decimal_prices", "prompt": "You’re buying 6 items: $15.41, $13.60, $3.65, $14.76, $2.50, $12.79. About how much will you pay (before tax)?", "split": "test", "exact_value": 62.71}
{"id": "basket_sum_000691", "topic": "basket_sum", "subtopic": "decimal_prices", "prompt": "You’re buying 6 items: $8.22, $18.07, $7.30, $1.67, $13.66, $9.30. About how much will you pay (before tax)?", "split": "test", "exact_value": 58.22}
{"id": "basket_sum_000692", "topic": "basket_sum", "subtopic": "decimal_prices", "prompt": "You’re buying 5 items: $13.19, $17.42, $14.37, $11.77, $16.08. About how much will you pay (before tax)?", "split": "test", "exact_value": 72.83}
{"id": "basket_sum_000693", "topic": "basket_sum", "subtopic": "decimal_prices", "prompt": "You’re buying 5 items: $11.56, $3.17, $11.53, $4.48, $12.67. About how much will you pay (before tax)?", "split": "test", "exact_value": 43.41}
{"id": "basket_sum_000694", "topic": "basket_sum", "subtopic": "decimal_prices", "prompt": "You’re buying 3 items: $19.17, $10.81, $15.20. About how much will you pay (before tax)?", "split": "test", "exact_value": 45.18}
{"id": "basket_sum_000695", "topic": "basket_sum", "subtopic": "decimal_prices", "prompt": "You’re buying 3 items: $3.10, $18.76, $4.24. About how much will you pay (before tax)?", "split": "test", "exact_value": 26.1}
{"id": "basket_sum_000696", "topic": "basket_sum", "subtopic": "decimal_prices", "prompt": "You’re buying 3 items: $6.07, $4.74, $16.72. About how much will you pay (before tax)?", "split": "test", "exact_value": 27.53}
{"id": "basket_sum_000697", "topic": "basket_sum", "subtopic": "decimal_prices", "prompt": "You’re buying 6 items: $2.42, $11.03, $6.94, $12.10, $10.23, $18.72. About how much will you pay (before tax)?", "split": "test", "exact_value": 61.44}
{"id": "basket_sum_000698", "topic": "basket_sum", "subtopic": "decimal_prices", "prompt": "You’re buying 5 items: $9.18, $8.76, $17.30, $6.88, $5.73. About how much will you pay (before tax)?", "split": "test", "exact_value": 47.85}
{"id": "basket_sum_000699", "topic": "basket_sum", "subtopic": "decimal_prices", "prompt": "You’re buying 3 items: $19.60, $11.19, $6.27. About how much will you pay (before tax)?", "split": "test", "exact_value": 37.06}
{"id": "basket_sum_000700", "topic": "basket_sum", "subtopic": "decimal_prices", "prompt": "You’re buying 4 items: $5.70, $2.51, $6.68, $8.61. About how much will you pay (before tax)?", "split": "test", "exact_value": 23.5}
{"id": "basket_sum_000701", "topic": "basket_sum", "subtopic": "decimal_prices", "prompt": "You’re buying 4 items: $1.92, $19.24, $4.27, $14.49. About how much will you pay (before tax)?", "split": "test", "exact_value": 39.92}
{"id": "basket_sum_000702", "topic": "basket_sum", "subtopic": "decimal_prices", "prompt": "You’re buying 5 items: $8.28, $6.93, $8.72, $7.01, $8.00. About how much will you pay (before tax)?", "split": "test", "exact_value": 38.94}
{"id": "basket_sum_000703", "topic": "basket_sum", "subtopic": "decimal_prices", "prompt": "You’re buying 3 items: $1.79, $5.39, $12.25. About how much will you pay (before tax)?", "split": "test", "exact_value": 19.43}
{"id": "basket_sum_000704", "topic": "basket_sum", "subtopic": "decimal_prices", "prompt": "You’re buying 4 items: $10.26, $15.24, $8.18, $3.00. About how much will you pay (before tax)?", "split": "test", "exact_value": 36.68}
{"id": "basket_sum_000705", "topic": "basket_sum", "subtopic": "decimal_prices", "prompt": "You’re buying 3 items: $6.90, $11.41, $2.05. About how much will you pay (before tax)?", "split": "test", "exact_value": 20.36}
{"id": "basket_sum_000706", "topic": "basket_sum", "subtopic": "decimal_prices", "prompt": "You’re buying 3 items: $8.61, $5.28, $17.80. About how much will you pay (before tax)?", "split": "test", "exact_value": 31.69}
{"id": "basket_sum_000707", "topic": "basket_sum", "subtopic": "decimal_prices", "prompt": "You’re buying 5 items: $11.43, $12.04, $2.74, $15.44, $13.30. About how much will you pay (before tax)?", "split": "test", "exact_value": 54.95}
{"id": "basket_sum_000708", "topic": "basket_sum", "subtopic": "decimal_prices", "prompt": "You’re buying 4 items: $6.64, $8.60, $2.40, $13.00. About how much will you pay (before tax)?", "split": "test", "exact_value": 30.64}
{"id": "basket_sum_000709", "topic": "basket_sum", "subtopic": "decimal_prices", "prompt": "You’re buying 4 items: $15.82, $3.52, $11.17, $4.02. About how much will you pay (before tax)?", "split": "test", "exact_value": 34.53}
{"id": "basket_sum_000710", "topic": "basket_sum", "subtopic": "decimal_prices", "prompt": "You’re buying 4 items: $11.11, $8.93, $18.29, $9.46. About how much will you pay (before tax)?", "split": "test", "exact_value": 47.79}
{"id": "basket_sum_000711", "topic": "basket_sum", "subtopic": "decimal_prices", "prompt": "You’re buying 3 items: $16.39, $19.24, $12.71. About how much will you pay (before tax)?", "split": "test", "exact_value": 48.34}
{"id": "basket_sum_000712", "topic": "basket_sum", "subtopic": "decimal_prices", "prompt": "You’re buying 4 items: $0.80, $18.71, $10.05, $12.27. About how much will you pay (before tax)?", "split": "test", "exact_value": 41.83}
{"id": "basket_sum_000713", "topic": "basket_sum", "subtopic": "decimal_prices", "prompt": "You’re buying 6 items: $19.98, $16.96, $4.87, $16.93, $6.19, $3.89. About how much will you pay (before tax)?", "split": "test", "exact_value": 68.82}
{"id": "basket_sum_000714", "topic": "basket_sum", "subtopic": "decimal_prices", "prompt": "You’re buying 3 items: $6.56, $8.38, $3.15. About how much will you pay (before tax)?", "split": "test", "exact_value": 18.09}
{"id": "basket_sum_000715", "topic": "basket_sum", "subtopic": "decimal_prices", "prompt": "You’re buying 4 items: $14.71, $19.97, $17.65, $4.84. About how much will you pay (before tax)?", "split": "test", "exact_value": 57.17}
{"id": "basket_sum_000716", "topic": "basket_sum", "subtopic": "decimal_prices", "prompt": "You’re buying 5 items: $17.76, $18.94, $12.99, $19.60, $14.38. About how much will you pay (before tax)?", "split": "test", "exact_value": 83.67}
{"id": "basket_sum_000717", "topic": "basket_sum", "subtopic": "decimal_prices", "prompt": "You’re buying 5 items: $5.51, $19.66, $7.35, $9.62, $12.30. About how much will you pay (before tax)?", "split": "test", "exact_value": 54.44}
{"id": "basket_sum_000718", "topic": "basket_sum", "subtopic": "decimal_prices", "prompt": "You’re buying 3 items: $18.34, $3.36, $18.50. About how much will you pay (before tax)?", "split": "test", "exact_value": 40.2}
{"id": "basket_sum_000719", "topic": "basket_sum", "subtopic": "decimal_prices", "prompt": "You’re buying 6 items: $0.87, $0.97, $4.12, $11.46, $14.16, $10.18. About how much will you pay (before tax)?", "split": "test", "exact_value": 41.76}
{"id": "basket_sum_000720", "topic": "basket_sum", "subtopic": "decimal_prices", "prompt": "You’re buying 6 items: $11.12, $15.91, $13.25, $2.28, $1.38, $16.77. About how much will you pay (before tax)?", "split": "test", "exact_value": 60.71}
{"id": "basket_sum_000721", "topic": "basket_sum", "subtopic": "decimal_prices", "prompt": "You’re buying 6 items: $13.70, $7.57, $16.40, $16.68, $7.66, $4.19. About how much will you pay (before tax)?", "split": "test", "exact_value": 66.2}
{"id": "basket_sum_000722", "topic": "basket_sum", "subtopic": "decimal_prices", "prompt": "You’re buying 3 items: $3.19, $7.90, $4.50. About how much will you pay (before tax)?", "split": "test", "exact_value": 15.59}
{"id": "basket_sum_000723", "topic": "basket_sum", "subtopic": "decimal_prices", "prompt": "You’re buying 3 items: $5.04, $1.17, $6.19. About how much will you pay (before tax)?", "split": "test", "exact_value": 12.4}
{"id": "basket_sum_000724", "topic": "basket_sum", "subtopic": "decimal_prices", "prompt": "You’re buying 5 items: $4.47, $16.46, $12.79, $16.31, $5.04. About how much will you pay (before tax)?", "split": "test", "exact_value": 55.07}
{"id": "basket_sum_000725", "topic": "basket_sum", "subtopic": "decimal_prices", "prompt": "You’re buying 6 items: $19.36, $1.50, $10.25, $14.31, $12.43, $0.93. About how much will you pay (before tax)?", "split": "test", "exact_value": 58.78}
{"id": "basket_sum_000726", "topic": "basket_sum", "subtopic": "decimal_prices", "prompt": "You’re buying 6 items: $2.92, $6.12, $10.40, $4.06, $4.51, $14.98. About how much will you pay (before tax)?", "split": "test", "exact_value": 42.99}
{"id": "basket_sum_000727", "topic": "basket_sum", "subtopic": "decimal_prices", "prompt": "You’re buying 4 items: $2.04, $3.25, $2.04, $5.77. About how much will you pay (before tax)?", "split": "test", "exact_value": 13.1}
{"id": "basket_sum_000728", "topic": "basket_sum", "subtopic": "decimal_prices", "prompt": "You’re buying 4 items: $17.71, $14.78, $6.06, $17.07. About how much will you pay (before tax)?", "split": "test", "exact_value": 55.62}
{"id": "basket_sum_000729", "topic": "basket_sum", "subtopic": "decimal_prices", "prompt": "You’re buying 3 items: $19.84, $14.10, $11.02. About how much will you pay (before tax)?", "split": "test", "exact_value": 44.96}
{"id": "basket_sum_000730", "topic": "basket_sum", "subtopic": "decimal_prices", "prompt": "You’re buying 5 items: $13.86, $17.75, $0.83, $8.99, $13.71. About how much will you pay (before tax)?", "split": "test", "exact_value": 55.14}
{"id": "basket_sum_000731", "topic": "basket_sum", "subtopic": "decimal_prices", "prompt": "You’re buying 3 items: $17.18, $6.99, $17.00. About how much will you pay (before tax)?", "split": "test", "exact_value": 41.17}
{"id": "basket_sum_000732", "topic": "basket_sum", "subtopic": "decimal_prices", "prompt": "You’re buying 6 items: $6.05, $13.85, $9.75, $7.73, $15.36, $17.76. About how much will you pay (before tax)?", "split": "test", "exact_value": 70.5}
{"id": "basket_sum_000733", "topic": "basket_sum", "subtopic": "decimal_prices", "prompt": "You’re buying 4 items: $1.69, $18.42, $11.01, $6.86. About how much will you pay (before tax)?", "split": "test", "exact_value": 37.98}
{"id": "basket_sum_000734", "topic": "basket_sum", "subtopic": "decimal_prices", "prompt": "You’re buying 6 items: $4.53, $2.36, $11.77, $1.28, $14.95, $19.57. About how much will you pay (before tax)?", "split": "test", "exact_value": 54.46}
{"id": "basket_sum_000735", "topic": "basket_sum", "subtopic": "decimal_prices", "prompt": "You’re buying 6 items: $19.18, $18.40, $4.57, $7.11, $2.00, $12.80. About how much will you pay (before tax)?", "split": "test", "exact_value": 64.06}
{"id": "basket_sum_000736", "topic": "basket_sum", "subtopic": "decimal_prices", "prompt": "You’re buying 3 items: $10.01, $16.30, $12.17. About how much will you pay (before tax)?", "split": "test", "exact_value": 38.48}
{"id": "basket_sum_000737", "topic": "basket_sum", "subtopic": "decimal_prices", "prompt": "You’re buying 5 items: $16.93, $5.54, $9.88, $19.20, $16.77. About how much will you pay (before tax)?", "split": "test", "exact_value": 68.32}
{"id": "basket_sum_000738", "topic": "basket_sum", "subtopic": "decimal_prices", "prompt": "You’re buying 5 items: $10.77, $5.34, $2.19, $12.31, $9.21. About how much will you pay (before tax)?", "split": "test", "exact_value": 39.82}
{"id": "basket_sum_000739", "topic": "basket_sum", "subtopic": "decimal_prices", "prompt": "You’re buying 3 items: $12.80, $11.91, $2.43. About how much will you pay (before tax)?", "split": "test", "exact_value": 27.14}
{"id": "basket_sum_000740", "topic": "basket_sum", "subtopic": "decimal_prices", "prompt": "You’re buying 3 items: $18.39, $8.04, $17.88. About how much will you pay (before tax)?", "split": "test", "exact_value": 44.31}
{"id": "basket_sum_000741", "topic": "basket_sum", "subtopic": "decimal_prices", "prompt": "You’re buying 3 items: $15.82, $1.98, $16.20. About how much will you pay (before tax)?", "split": "test", "exact_value": 34.0}
{"id": "basket_sum_000742", "topic": "basket_sum", "subtopic": "decimal_prices", "prompt": "You’re buying 3 items: $6.58, $12.81, $2.05. About how much will you pay (before tax)?", "split": "test", "exact_value": 21.44}
{"id": "basket_sum_000743", "topic": "basket_sum", "subtopic": "decimal_prices", "prompt": "You’re buying 3 items: $11.53, $6.45, $8.11. About how much will you pay (before tax)?", "split": "test", "exact_value": 26.09}
{"id": "basket_sum_000744", "topic": "basket_sum", "subtopic": "decimal_prices", "prompt": "You’re buying 3 items: $12.64, $8.68, $17.39. About how much will you pay (before tax)?", "split": "test", "exact_value": 38.71}
{"id": "basket_sum_000745", "topic": "basket_sum", "subtopic": "decimal_prices", "prompt": "You’re buying 3 items: $9.50, $9.70, $9.01. About how much will you pay (before tax)?", "split": "test", "exact_value": 28.21}
{"id": "basket_sum_000746", "topic": "basket_sum", "subtopic": "decimal_prices", "prompt": "You’re buying 3 items: $7.31, $18.79, $15.82. About how much will you pay (before tax)?", "split": "test", "exact_value": 41.92}
{"id": "basket_sum_000747", "topic": "basket_sum", "subtopic": "decimal_prices", "prompt": "You’re buying 6 items: $10.72, $12.08, $2.86, $1.03, $14.49, $12.17. About how much will you pay (before tax)?", "split": "test", "exact_value": 53.35}
{"id": "basket_sum_000748", "topic": "basket_sum", "subtopic": "decimal_prices", "prompt": "You’re buying 4 items: $18.15, $3.21, $10.56, $7.61. About how much will you pay (before tax)?", "split": "test", "exact_value": 39.53}
{"id": "basket_sum_000749", "topic": "basket_sum", "subtopic": "decimal_prices", "prompt": "You’re buying 6 items: $14.70, $9.33, $5.46, $16.09, $1.95, $6.77. About how much will you pay (before tax)?", "split": "test", "exact_value": 54.3}
{"id": "basket_sum_000750", "topic": "basket_sum", "subtopic": "decimal_prices", "prompt": "You’re buying 6 items: $10.64, $13.30, $7.66, $12.00, $11.18, $3.59. About how much will you pay (before tax)?", "split": "test", "exact_value": 58.37}
{"id": "basket_sum_000751", "topic": "basket_sum", "subtopic": "decimal_prices", "prompt": "You’re buying 6 items: $6.72, $7.37, $7.87, $0.95, $12.05, $13.81. About how much will you pay (before tax)?", "split": "test", "exact_value": 48.77}
{"id": "basket_sum_000752", "topic": "basket_sum", "subtopic": "decimal_prices", "prompt": "You’re buying 3 items: $5.35, $16.52, $11.53. About how much will you pay (before tax)?", "split": "test", "exact_value": 33.4}
{"id": "basket_sum_000753", "topic": "basket_sum", "subtopic": "decimal_prices", "prompt": "You’re buying 3 items: $8.89, $4.54, $4.64. About how much will you pay (before tax)?", "split": "test", "exact_value": 18.07}
{"id": "basket_sum_000754", "topic": "basket_sum", "subtopic": "decimal_prices", "prompt": "You’re buying 4 items: $15.87, $7.35, $13.61, $14.13. About how much will you pay (before tax)?", "split": "test", "exact_value": 50.96}
{"id": "basket_sum_000755", "topic": "basket_sum", "subtopic": "decimal_prices", "prompt": "You’re buying 6 items: $12.31, $7.15, $11.90, $19.28, $12.62, $8.83. About how much will you pay (before tax)?", "split": "test", "exact_value": 72.09}
{"id": "basket_sum_000756", "topic": "basket_sum", "subtopic": "decimal_prices", "prompt": "You’re buying 4 items: $2.80, $17.61, $18.27, $10.31. About how much will you pay (before tax)?", "split": "test", "exact_value": 48.99}
{"id": "basket_sum_000757", "topic": "basket_sum", "subtopic": "decimal_prices", "prompt": "You’re buying 3 items: $13.05, $14.10, $9.75. About how much will you pay (before tax)?", "split": "test", "exact_value": 36.9}
{"id": "basket_sum_000758", "topic": "basket_sum", "subtopic": "decimal_prices", "prompt": "You’re buying 4 items: $5.38, $14.89, $19.08, $7.16. About how much will you pay (before tax)?", "split": "test", "exact_value": 46.51}
{"id": "basket_sum_000759", "topic": "basket_sum", "subtopic": "decimal_prices", "prompt": "You’re buying 6 items: $4.73, $4.33, $19.80, $7.76, $2.21, $1.37. About how much will you pay (before tax)?", "split": "test", "exact_value": 40.2}
{"id": "basket_sum_000760", "topic": "basket_sum", "subtopic": "decimal_prices", "prompt": "You’re buying 3 items: $3.52, $9.25, $12.91. About how much will you pay (before tax)?", "split": "test", "exact_value": 25.68}
{"id": "basket_sum_000761", "topic": "basket_sum", "subtopic": "decimal_prices", "prompt": "You’re buying 5 items: $1.63, $1.36, $4.59, $4.13, $17.79. About how much will you pay (before tax)?", "split": "test", "exact_value": 29.5}
{"id": "basket_sum_000762", "topic": "basket_sum", "subtopic": "decimal_prices", "prompt": "You’re buying 4 items: $7.31, $11.44, $4.22, $1.20. About how much will you pay (before tax)?", "split": "test", "exact_value": 24.17}
{"id": "basket_sum_000763", "topic": "basket_sum", "subtopic": "decimal_prices", "prompt": "You’re buying 5 items: $18.27, $1.19, $13.80, $8.07, $15.91. About how much will you pay (before tax)?", "split": "test", "exact_value": 57.24}
{"id": "basket_sum_000764", "topic": "basket_sum", "subtopic": "decimal_prices", "prompt": "You’re buying 3 items: $7.29, $4.83, $9.55. About how much will you pay (before tax)?", "split": "test", "exact_value": 21.67}
{"id": "basket_sum_000765", "topic": "basket_sum", "subtopic": "decimal_prices", "prompt": "You’re buying 5 items: $16.33, $13.48, $18.86, $19.55, $19.95. About how much will you pay (before tax)?", "split": "test", "exact_value": 88.17}
{"id": "basket_sum_000766", "topic": "basket_sum", "subtopic": "decimal_prices", "prompt": "You’re buying 6 items: $17.66, $2.05, $3.56, $18.53, $16.05, $4.47. About how much will you pay (before tax)?", "split": "test", "exact_value": 62.32}
{"id": "basket_sum_000767", "topic": "basket_sum", "subtopic": "decimal_prices", "prompt": "You’re buying 6 items: $14.12, $6.89, $9.04, $13.00, $18.47, $15.44. About how much will you pay (before tax)?", "split": "test", "exact_value": 76.96}
{"id": "basket_sum_000768", "topic": "basket_sum", "subtopic": "decimal_prices", "prompt": "You’re buying 4 items: $17.20, $6.44, $3.64, $5.54. About how much will you pay (before tax)?", "split": "test", "exact_value": 32.82}
{"id": "basket_sum_000769", "topic": "basket_sum", "subtopic": "decimal_prices", "prompt": "You’re buying 5 items: $17.55, $17.14, $19.38, $17.80, $4.81. About how much will you pay (before tax)?", "split": "test", "exact_value": 76.68}
{"id": "basket_sum_000770", "topic": "basket_sum", "subtopic": "decimal_prices", "prompt": "You’re buying 3 items: $15.86, $15.98, $12.60. About how much will you pay (before tax)?", "split": "test", "exact_value": 44.44}
{"id": "basket_sum_000771", "topic": "basket_sum", "subtopic": "decimal_prices", "prompt": "You’re buying 4 items: $10.56, $15.22, $13.18, $10.57. About how much will you pay (before tax)?", "split": "test", "exact_value": 49.53}
{"id": "basket_sum_000772", "topic": "basket_sum", "subtopic": "decimal_prices", "prompt": "You’re buying 6 items: $10.75, $4.23, $14.47, $10.88, $10.07, $19.14. About how much will you pay (before tax)?", "split": "test", "exact_value": 69.54}
{"id": "basket_sum_000773", "topic": "basket_sum", "subtopic": "decimal_prices", "prompt": "You’re buying 6 items: $5.94, $8.49, $18.48, $12.00, $1.49, $5.00. About how much will you pay (before tax)?", "split": "test", "exact_value": 51.4}
{"id": "basket_sum_000774", "topic": "basket_sum", "subtopic": "decimal_prices", "prompt": "You’re buying 4 items: $9.47, $5.29, $4.99, $8.95. About how much will you pay (before tax)?", "split": "test", "exact_value": 28.7}
{"id": "basket_sum_000775", "topic": "basket_sum", "subtopic": "decimal_prices", "prompt": "You’re buying 6 items: $11.76, $18.75, $7.97, $11.36, $3.37, $2.40. About how much will you pay (before tax)?", "split": "test", "exact_value": 55.61}
{"id": "basket_sum_000776", "topic": "basket_sum", "subtopic": "decimal_prices", "prompt": "You’re buying 6 items: $10.75, $5.21, $1.58, $10.63, $7.25, $9.45. About how much will you pay (before tax)?", "split": "test", "exact_value": 44.87}
{"id": "basket_sum_000777", "topic": "basket_sum", "subtopic": "decimal_prices", "prompt": "You’re buying 6 items: $8.64, $16.24, $6.88, $8.13, $4.24, $5.28. About how much will you pay (before tax)?", "split": "test", "exact_value": 49.41}
{"id": "basket_sum_000778", "topic": "basket_sum", "subtopic": "decimal_prices", "prompt": "You’re buying 3 items: $7.68, $2.37, $16.97. About how much will you pay (before tax)?", "split": "test", "exact_value": 27.02}
{"id": "basket_sum_000779", "topic": "basket_sum", "subtopic": "decimal_prices", "prompt": "You’re buying 3 items: $15.88, $18.58, $2.68. About how much will you pay (before tax)?", "split": "test", "exact_value": 37.14}
{"id": "basket_sum_000780", "topic": "basket_sum", "subtopic": "decimal_prices", "prompt": "You’re buying 3 items: $7.71, $11.27, $7.20. About how much will you pay (before tax)?", "split": "test", "exact_value": 26.18}
{"id": "basket_sum_000781", "topic": "basket_sum", "subtopic": "decimal_prices", "prompt": "You’re buying 5 items: $5.59, $15.10, $15.54, $17.02, $4.45. About how much will you pay (before tax)?", "split": "test", "exact_value": 57.7}
{"id": "basket_sum_000782", "topic": "basket_sum", "subtopic": "decimal_prices", "prompt": "You’re buying 4 items: $19.96, $15.24, $14.99, $18.31. About how much will you pay (before tax)?", "split": "test", "exact_value": 68.5}
{"id": "basket_sum_000783", "topic": "basket_sum", "subtopic": "decimal_prices", "prompt": "You’re buying 3 items: $15.58, $6.20, $7.45. About how much will you pay (before tax)?", "split": "test", "exact_value": 29.23}
{"id": "basket_sum_000784", "topic": "basket_sum", "subtopic": "decimal_prices", "prompt": "You’re buying 6 items: $18.95, $16.57, $15.34, $1.02, $13.35, $19.78. About how much will you pay (before tax)?", "split": "test", "exact_value": 85.01}
{"id": "basket_sum_000785", "topic": "basket_sum", "subtopic": "decimal_prices", "prompt": "You’re buying 4 items: $17.41, $5.16, $14.68, $4.82. About how much will you pay (before tax)?", "split": "test", "exact_value": 42.07}
{"id": "basket_sum_000786", "topic": "basket_sum", "subtopic": "decimal_prices", "prompt": "You’re buying 4 items: $10.69, $15.88, $15.34, $14.66. About how much will you pay (before tax)?", "split": "test", "exact_value": 56.57}
{"id": "basket_sum_000787", "topic": "basket_sum", "subtopic": "decimal_prices", "prompt": "You’re buying 6 items: $7.33, $2.44, $17.03, $9.02, $18.88, $8.81. About how much will you pay (before tax)?", "split": "test", "exact_value": 63.51}
{"id": "basket_sum_000788", "topic": "basket_sum", "subtopic": "decimal_prices", "prompt": "You’re buying 6 items: $9.43, $11.51, $7.98, $11.88, $3.25, $18.90. About how much will you pay (before tax)?", "split": "test", "exact_value": 62.95}
{"id": "basket_sum_000789", "topic": "basket_sum", "subtopic": "decimal_prices", "prompt": "You’re buying 3 items: $10.39, $13.44, $7.60. About how much will you pay (before tax)?", "split": "test", "exact_value": 31.43}
{"id": "basket_sum_000790", "topic": "basket_sum", "subtopic": "decimal_prices", "prompt": "You’re buying 4 items: $8.84, $13.96, $8.53, $15.74. About how much will you pay (before tax)?", "split": "test", "exact_value": 47.07}
{"id": "basket_sum_000791", "topic": "basket_sum", "subtopic": "decimal_prices", "prompt": "You’re buying 5 items: $7.05, $1.24, $15.87, $18.50, $3.74. About how much will you pay (before tax)?", "split": "test", "exact_value": 46.4}
{"id": "basket_sum_000792", "topic": "basket_sum", "subtopic": "decimal_prices", "prompt": "You’re buying 5 items: $11.70, $16.13, $18.33, $11.81, $8.30. About how much will you pay (before tax)?", "split": "test", "exact_value": 66.27}
{"id": "basket_sum_000793", "topic": "basket_sum", "subtopic": "decimal_prices", "prompt": "You’re buying 6 items: $4.71, $8.29, $11.05, $4.41, $2.88, $11.72. About how much will you pay (before tax)?", "split": "test", "exact_value": 43.06}
{"id": "basket_sum_000794", "topic": "basket_sum", "subtopic": "decimal_prices", "prompt": "You’re buying 6 items: $13.06, $6.64, $4.08, $13.75, $4.20, $16.66. About how much will you pay (before tax)?", "split": "test", "exact_value": 58.39}
{"id": "basket_sum_000795", "topic": "basket_sum", "subtopic": "decimal_prices", "prompt": "You’re buying 6 items: $1.31, $4.61, $18.29, $8.20, $4.74, $6.38. About how much will you pay (before tax)?", "split": "test", "exact_value": 43.53}
{"id": "basket_sum_000796", "topic": "basket_sum", "subtopic": "decimal_prices", "prompt": "You’re buying 3 items: $9.52, $7.87, $1.00. About how much will you pay (before tax)?", "split": "test", "exact_value": 18.39}
{"id": "basket_sum_000797", "topic": "basket_sum", "subtopic": "decimal_prices", "prompt": "You’re buying 5 items: $17.30, $8.68, $3.81, $2.92, $11.09. About how much will you pay (before tax)?", "split": "test", "exact_value": 43.8}
{"id": "basket_sum_000798", "topic": "basket_sum", "subtopic": "decimal_prices", "prompt": "You’re buying 6 items: $15.06, $8.26, $18.14, $4.75, $17.50, $6.74. About how much will you pay (before tax)?", "split": "test", "exact_value": 70.45}
{"id": "basket_sum_000799", "topic": "basket_sum", "subtopic": "decimal_prices", "prompt": "You’re buying 6 items: $3.84, $11.83, $6.75, $4.69, $14.55, $9.60. About how much will you pay (before tax)?", "split": "test", "exact_value": 51.26}
{"id": "basket_sum_000800", "topic": "basket_sum", "subtopic": "decimal_prices", "prompt": "You’re buying 4 items: $0.93, $3.53, $2.02, $8.46. About how much will you pay (before tax)?", "split": "test", "exact_value": 14.94}
{"id": "basket_sum_000801", "topic": "basket_sum", "subtopic": "decimal_prices", "prompt": "You’re buying 4 items: $10.89, $18.27, $17.67, $9.63. About how much will you pay (before tax)?", "split": "test", "exact_value": 56.46}
{"id": "basket_sum_000802", "topic": "basket_sum", "subtopic": "decimal_prices", "prompt": "You’re buying 3 items: $14.95, $6.32, $17.71. About how much will you pay (before tax)?", "split": "test", "exact_value": 38.98}
{"id": "basket_sum_000803", "topic": "basket_sum", "subtopic": "decimal_prices", "prompt": "You’re buying 6 items: $7.45, $16.97, $16.00, $8.30, $16.60, $17.11. About how much will you pay (before tax)?", "split": "test", "exact_value": 82.43}
{"id": "basket_sum_000804", "topic": "basket_sum", "subtopic": "decimal_prices", "prompt": "You’re buying 6 items: $5.57, $18.07, $14.87, $9.58, $18.28, $4.31. About how much will you pay (before tax)?", "split": "test", "exact_value": 70.68}
{"id": "basket_sum_000805", "topic": "basket_sum", "subtopic": "decimal_prices", "prompt": "You’re buying 3 items: $8.35, $18.95, $5.39. About how much will you pay (before tax)?", "split": "test", "exact_value": 32.69}
{"id": "basket_sum_000806", "topic": "basket_sum", "subtopic": "decimal_prices", "prompt": "You’re buying 4 items: $6.05, $12.85, $6.39, $18.38. About how much will you pay (before tax)?", "split": "test", "exact_value": 43.67}
{"id": "basket_sum_000807", "topic": "basket_sum", "subtopic": "decimal_prices", "prompt": "You’re buying 4 items: $18.24, $8.69, $15.42, $3.12. About how much will you pay (before tax)?", "split": "test", "exact_value": 45.47}
{"id": "basket_sum_000808", "topic": "basket_sum", "subtopic": "decimal_prices", "prompt": "You’re buying 5 items: $2.26, $2.81, $15.51, $7.05, $9.45. About how much will you pay (before tax)?", "split": "test", "exact_value": 37.08}
{"id": "basket_sum_000809", "topic": "basket_sum", "subtopic": "decimal_prices", "prompt": "You’re buying 5 items: $4.77, $1.65, $1.30, $13.06, $13.76. About how much will you pay (before tax)?", "split": "test", "exact_value": 34.54}
{"id": "basket_sum_000810", "topic": "basket_sum", "subtopic": "decimal_prices", "prompt": "You’re buying 6 items: $8.11, $15.11, $17.22, $8.41, $1.00, $2.99. About how much will you pay (before tax)?", "split": "test", "exact_value": 52.84}
{"id": "basket_sum_000811", "topic": "basket_sum", "subtopic": "decimal_prices", "prompt": "You’re buying 4 items: $7.07, $15.16, $10.10, $2.10. About how much will you pay (before tax)?", "split": "test", "exact_value": 34.43}
{"id": "basket_sum_000812", "topic": "basket_sum", "subtopic": "decimal_prices", "prompt": "You’re buying 4 items: $14.49, $9.19, $9.83, $6.15. About how much will you pay (before tax)?", "split": "test", "exact_value": 39.66}
{"id": "basket_sum_000813", "topic": "basket_sum", "subtopic": "decimal_prices", "prompt": "You’re buying 4 items: $4.07, $1.14, $2.72, $6.44. About how much will you pay (before tax)?", "split": "test", "exact_value": 14.37}
{"id": "basket_sum_000814", "topic": "basket_sum", "subtopic": "decimal_prices", "prompt": "You’re buying 6 items: $4.02, $13.68, $1.01, $6.04, $9.25, $4.21. About how much will you pay (before tax)?", "split": "test", "exact_value": 38.21}
{"id": "basket_sum_000815", "topic": "basket_sum", "subtopic": "decimal_prices", "prompt": "You’re buying 3 items: $17.93, $11.01, $9.28. About how much will you pay (before tax)?", "split": "test", "exact_value": 38.22}
{"id": "basket_sum_000816", "topic": "basket_sum", "subtopic": "decimal_prices", "prompt": "You’re buying 3 items: $16.85, $16.37, $13.10. About how much will you pay (before tax)?", "split": "test", "exact_value": 46.32}
{"id": "basket_sum_000817", "topic": "basket_sum", "subtopic": "decimal_prices", "prompt": "You’re buying 3 items: $8.29, $6.71, $1.80. About how much will you pay (before tax)?", "split": "test", "exact_value": 16.8}
{"id": "basket_sum_000818", "topic": "basket_sum", "subtopic": "decimal_prices", "prompt": "You’re buying 3 items: $1.72, $8.04, $4.66. About how much will you pay (before tax)?", "split": "test", "exact_value": 14.42}
{"id": "basket_sum_000819", "topic": "basket_sum", "subtopic": "decimal_prices", "prompt": "You’re buying 4 items: $7.98, $5.37, $2.54, $8.89. About how much will you pay (before tax)?", "split": "test", "exact_value": 24.78}
{"id": "basket_sum_000820", "topic": "basket_sum", "subtopic": "decimal_prices", "prompt": "You’re buying 3 items: $7.26, $4.48, $13.63. About how much will you pay (before tax)?", "split": "test", "exact_value": 25.37}
{"id": "basket_sum_000821", "topic": "basket_sum", "subtopic": "decimal_prices", "prompt": "You’re buying 4 items: $19.20, $2.64, $16.83, $13.54. About how much will you pay (before tax)?", "split": "test", "exact_value": 52.21}
{"id": "basket_sum_000822", "topic": "basket_sum", "subtopic": "decimal_prices", "prompt": "You’re buying 4 items: $1.64, $10.63, $16.45, $6.99. About how much will you pay (before tax)?", "split": "test", "exact_value": 35.71}
{"id": "basket_sum_000823", "topic": "basket_sum", "subtopic": "decimal_prices", "prompt": "You’re buying 4 items: $12.78, $18.73, $8.38, $9.01. About how much will you pay (before tax)?", "split": "test", "exact_value": 48.9}
{"id": "basket_sum_000824", "topic": "basket_sum", "subtopic": "decimal_prices", "prompt": "You’re buying 4 items: $4.89, $7.64, $4.12, $8.51. About how much will you pay (before tax)?", "split": "test", "exact_value": 25.16}
{"id": "basket_sum_000825", "topic": "basket_sum", "subtopic": "decimal_prices", "prompt": "You’re buying 5 items: $1.02, $4.88, $5.02, $13.42, $6.14. About how much will you pay (before tax)?", "split": "test", "exact_value": 30.48}
{"id": "basket_sum_000826", "topic": "basket_sum", "subtopic": "decimal_prices", "prompt": "You’re buying 5 items: $1.63, $17.79, $8.68, $15.53, $10.38. About how much will you pay (before tax)?", "split": "test", "exact_value": 54.01}
{"id": "basket_sum_000827", "topic": "basket_sum", "subtopic": "decimal_prices", "prompt": "You’re buying 3 items: $14.47, $15.98, $18.50. About how much will you pay (before tax)?", "split": "test", "exact_value": 48.95}
{"id": "basket_sum_000828", "topic": "basket_sum", "subtopic": "decimal_prices", "prompt": "You’re buying 4 items: $5.63, $2.61, $7.02, $12.90. About how much will you pay (before tax)?", "split": "test", "exact_value": 28.16}
{"id": "basket_sum_000829", "topic": "basket_sum", "subtopic": "decimal_prices", "prompt": "You’re buying 6 items: $13.81, $19.46, $14.11, $7.17, $12.99, $17.76. About how much will you pay (before tax)?", "split": "test", "exact_value": 85.3}
{"id": "basket_sum_000830", "topic": "basket_sum", "subtopic": "decimal_prices", "prompt": "You’re buying 5 items: $19.57, $13.58, $2.09, $1.13, $18.30. About how much will you pay (before tax)?", "split": "test", "exact_value": 54.67}
{"id": "basket_sum_000831", "topic": "basket_sum", "subtopic": "decimal_prices", "prompt": "You’re buying 6 items: $8.13, $13.09, $5.25, $12.07, $19.77, $5.26. About how much will you pay (before tax)?", "split": "test", "exact_value": 63.57}
{"id": "basket_sum_000832", "topic": "basket_sum", "subtopic": "decimal_prices", "prompt": "You’re buying 3 items: $6.72, $14.96, $15.33. About how much will you pay (before tax)?", "split": "test", "exact_value": 37.01}
{"id": "basket_sum_000833", "topic": "basket_sum", "subtopic": "decimal_prices", "prompt": "You’re buying 3 items: $1.94, $7.98, $6.49. About how much will you pay (before tax)?", "split": "test", "exact_value": 16.41}
{"id": "basket_sum_000834", "topic": "basket_sum", "subtopic": "decimal_prices", "prompt": "You’re buying 4 items: $8.00, $13.12, $5.36, $14.72. About how much will you pay (before tax)?", "split": "test", "exact_value": 41.2}
{"id": "basket_sum_000835", "topic": "basket_sum", "subtopic": "decimal_prices", "prompt": "You’re buying 6 items: $14.98, $7.10, $6.13, $13.15, $15.39, $10.79. About how much will you pay (before tax)?", "split": "test", "exact_value": 67.54}
{"id": "basket_sum_000836", "topic": "basket_sum", "subtopic": "decimal_prices", "prompt": "You’re buying 6 items: $13.23, $6.33, $1.24, $17.05, $7.15, $5.44. About how much will you pay (before tax)?", "split": "test", "exact_value": 50.44}
{"id": "basket_sum_000837", "topic": "basket_sum", "subtopic": "decimal_prices", "prompt": "You’re buying 3 items: $18.20, $13.56, $5.56. About how much will you pay (before tax)?", "split": "test", "exact_value": 37.32}
{"id": "basket_sum_000838", "topic": "basket_sum", "subtopic": "decimal_prices", "prompt": "You’re buying 4 items: $12.46, $8.11, $6.97, $9.28. About how much will you pay (before tax)?", "split": "test", "exact_value": 36.82}
{"id": "basket_sum_000839", "topic": "basket_sum", "subtopic": "decimal_prices", "prompt": "You’re buying 3 items: $2.03, $10.23, $19.10. About how much will you pay (before tax)?", "split": "test", "exact_value": 31.36}
{"id": "basket_sum_000840", "topic": "basket_sum", "subtopic": "decimal_prices", "prompt": "You’re buying 3 items: $12.97, $3.51, $4.71. About how much will you pay (before tax)?", "split": "test", "exact_value": 21.19}
{"id": "basket_sum_000841", "topic": "basket_sum", "subtopic": "decimal_prices", "prompt": "You’re buying 3 items: $4.12, $11.33, $16.06. About how much will you pay (before tax)?", "split": "test", "exact_value": 31.51}
{"id": "basket_sum_000842", "topic": "basket_sum", "subtopic": "decimal_prices", "prompt": "You’re buying 4 items: $5.33, $2.29, $14.71, $6.77. About how much will you pay (before tax)?", "split": "test", "exact_value": 29.1}
{"id": "basket_sum_000843", "topic": "basket_sum", "subtopic": "decimal_prices", "prompt": "You’re buying 4 items: $5.49, $4.18, $5.57, $6.27. About how much will you pay (before tax)?", "split": "test", "exact_value": 21.51}
{"id": "basket_sum_000844", "topic": "basket_sum", "subtopic": "decimal_prices", "prompt": "You’re buying 6 items: $19.37, $4.66, $17.35, $10.03, $19.05, $7.69. About how much will you pay (before tax)?", "split": "test", "exact_value": 78.15}
{"id": "basket_sum_000845", "topic": "basket_sum", "subtopic": "decimal_prices", "prompt": "You’re buying 6 items: $4.01, $9.26, $10.49, $14.90, $15.39, $16.53. About how much will you pay (before tax)?", "split": "test", "exact_value": 70.58}
{"id": "basket_sum_000846", "topic": "basket_sum", "subtopic": "decimal_prices", "prompt": "You’re buying 6 items: $1.17, $8.11, $17.19, $15.36, $18.48, $12.22. About how much will you pay (before tax)?", "split": "test", "exact_value": 72.53}
{"id": "basket_sum_000847", "topic": "basket_sum", "subtopic": "decimal_prices", "prompt": "You’re buying 4 items: $11.40, $4.16, $8.09, $6.66. About how much will you pay (before tax)?", "split": "test", "exact_value": 30.31}
{"id": "basket_sum_000848", "topic": "basket_sum", "subtopic": "decimal_prices", "prompt": "You’re buying 5 items: $7.99, $12.43, $2.17, $3.41, $9.80. About how much will you pay (before tax)?", "split": "test", "exact_value": 35.8}
{"id": "basket_sum_000849", "topic": "basket_sum", "subtopic": "decimal_prices", "prompt": "You’re buying 4 items: $18.38, $0.87, $17.33, $14.81. About how much will you pay (before tax)?", "split": "test", "exact_value": 51.39}
{"id": "basket_sum_000850", "topic": "basket_sum", "subtopic": "decimal_prices", "prompt": "You’re buying 5 items: $10.23, $18.56, $18.84, $19.42, $7.95. About how much will you pay (before tax)?", "split": "test", "exact_value": 75.0}
{"id": "basket_sum_000851", "topic": "basket_sum", "subtopic": "decimal_prices", "prompt": "You’re buying 6 items: $6.70, $19.75, $2.16, $17.78, $19.85, $3.18. About how much will you pay (before tax)?", "split": "test", "exact_value": 69.42}
{"id": "basket_sum_000852", "topic": "basket_sum", "subtopic": "decimal_prices", "prompt": "You’re buying 4 items: $4.52, $9.17, $5.69, $18.32. About how much will you pay (before tax)?", "split": "test", "exact_value": 37.7}
{"id": "basket_sum_000853", "topic": "basket_sum", "subtopic": "decimal_prices", "prompt": "You’re buying 5 items: $10.57, $10.17, $14.01, $14.16, $13.29. About how much will you pay (before tax)?", "split": "test", "exact_value": 62.2}
{"id": "basket_sum_000854", "topic": "basket_sum", "subtopic": "decimal_prices", "prompt": "You’re buying 6 items: $14.91, $5.44, $1.45, $16.40, $12.90, $13.78. About how much will you pay (before tax)?", "split": "test", "exact_value": 64.88}
{"id": "basket_sum_000855", "topic": "basket_sum", "subtopic": "decimal_prices", "prompt": "You’re buying 4 items: $5.81, $9.54, $13.87, $5.67. About how much will you pay (before tax)?", "split": "test", "exact_value": 34.89}
{"id": "basket_sum_000856", "topic": "basket_sum", "subtopic": "decimal_prices", "prompt": "You’re buying 4 items: $1.03, $15.59, $13.16, $18.39. About how much will you pay (before tax)?", "split": "test", "exact_value": 48.17}
{"id": "basket_sum_000857", "topic": "basket_sum", "subtopic": "decimal_prices", "prompt": "You’re buying 6 items: $14.35, $19.49, $2.33, $18.26, $17.61, $3.97. About how much will you pay (before tax)?", "split": "test", "exact_value": 76.01}
{"id": "basket_sum_000858", "topic": "basket_sum", "subtopic": "decimal_prices", "prompt": "You’re buying 6 items: $5.65, $6.59, $19.37, $13.43, $8.14, $6.70. About how much will you pay (before tax)?", "split": "test", "exact_value": 59.88}
{"id": "basket_sum_000859", "topic": "basket_sum", "subtopic": "decimal_prices", "prompt": "You’re buying 6 items: $15.24, $18.54, $17.48, $2.89, $11.78, $16.10. About how much will you pay (before tax)?", "split": "test", "exact_value": 82.03}
{"id": "basket_sum_000860", "topic": "basket_sum", "subtopic": "decimal_prices", "prompt": "You’re buying 4 items: $5.96, $4.81, $15.16, $14.21. About how much will you pay (before tax)?", "split": "test", "exact_value": 40.14}
{"id": "basket_sum_000861", "topic": "basket_sum", "subtopic": "decimal_prices", "prompt": "You’re buying 3 items: $19.74, $16.46, $0.82. About how much will you pay (before tax)?", "split": "test", "exact_value": 37.02}
{"id": "basket_sum_000862", "topic": "basket_sum", "subtopic": "decimal_prices", "prompt": "You’re buying 3 items: $15.65, $8.81, $8.79. About how much will you pay (before tax)?", "split": "test", "exact_value": 33.25}
{"id": "basket_sum_000863", "topic": "basket_sum", "subtopic": "decimal_prices", "prompt": "You’re buying 5 items: $14.86, $4.07, $7.98, $14.31, $4.59. About how much will you pay (before tax)?", "split": "test", "exact_value": 45.81}
{"id": "basket_sum_000864", "topic": "basket_sum", "subtopic": "decimal_prices", "prompt": "You’re buying 4 items: $10.44, $2.91, $11.68, $4.87. About how much will you pay (before tax)?", "split": "test", "exact_value": 29.9}
{"id": "basket_sum_000865", "topic": "basket_sum", "subtopic": "decimal_prices", "prompt": "You’re buying 4 items: $1.92, $4.30, $15.37, $5.77. About how much will you pay (before tax)?", "split": "test", "exact_value": 27.36}
{"id": "basket_sum_000866", "topic": "basket_sum", "subtopic": "decimal_prices", "prompt": "You’re buying 6 items: $9.25, $18.32, $2.89, $13.01, $2.32, $2.44. About how much will you pay (before tax)?", "split": "test", "exact_value": 48.23}
{"id": "basket_sum_000867", "topic": "basket_sum", "subtopic": "decimal_prices", "prompt": "You’re buying 3 items: $6.10, $7.36, $12.03. About how much will you pay (before tax)?", "split": "test", "exact_value": 25.49}
{"id": "basket_sum_000868", "topic": "basket_sum", "subtopic": "decimal_prices", "prompt": "You’re buying 6 items: $10.11, $15.39, $0.97, $5.90, $19.13, $13.56. About how much will you pay (before tax)?", "split": "test", "exact_value": 65.06}
{"id": "basket_sum_000869", "topic": "basket_sum", "subtopic": "decimal_prices", "prompt": "You’re buying 3 items: $2.65, $10.82, $0.93. About how much will you pay (before tax)?", "split": "test", "exact_value": 14.4}
{"id": "basket_sum_000870", "topic": "basket_sum", "subtopic": "decimal_prices", "prompt": "You’re buying 5 items: $18.69, $9.88, $7.26, $9.04, $7.91. About how much will you pay (before tax)?", "split": "test", "exact_value": 52.78}
{"id": "basket_sum_000871", "topic": "basket_sum", "subtopic": "decimal_prices", "prompt": "You’re buying 5 items: $19.98, $16.47, $18.86, $13.56, $8.06. About how much will you pay (before tax)?", "split": "test", "exact_value": 76.93}
{"id": "basket_sum_000872", "topic": "basket_sum", "subtopic": "decimal_prices", "prompt": "You’re buying 3 items: $19.52, $17.55, $16.27. About how much will you pay (before tax)?", "split": "test", "exact_value": 53.34}
{"id": "basket_sum_000873", "topic": "basket_sum", "subtopic": "decimal_prices", "prompt": "You’re buying 3 items: $9.56, $14.20, $14.71. About how much will you pay (before tax)?", "split": "test", "exact_value": 38.47}
{"id": "basket_sum_000874", "topic": "basket_sum", "subtopic": "decimal_prices", "prompt": "You’re buying 4 items: $1.28, $3.15, $10.98, $19.05. About how much will you pay (before tax)?", "split": "test", "exact_value": 34.46}
{"id": "basket_sum_000875", "topic": "basket_sum", "subtopic": "decimal_prices", "prompt": "You’re buying 4 items: $7.86, $12.66, $13.44, $9.91. About how much will you pay (before tax)?", "split": "test", "exact_value": 43.87}
{"id": "basket_sum_000876", "topic": "basket_sum", "subtopic": "decimal_prices", "prompt": "You’re buying 6 items: $13.47, $0.85, $13.04, $18.88, $6.98, $12.96. About how much will you pay (before tax)?", "split": "test", "exact_value": 66.18}
{"id": "basket_sum_000877", "topic": "basket_sum", "subtopic": "decimal_prices", "prompt": "You’re buying 3 items: $19.41, $14.92, $13.81. About how much will you pay (before tax)?", "split": "test", "exact_value": 48.14}
{"id": "basket_sum_000878", "topic": "basket_sum", "subtopic": "decimal_prices", "prompt": "You’re buying 4 items: $12.44, $8.47, $12.55, $2.35. About how much will you pay (before tax)?", "split": "test", "exact_value": 35.81}
{"id": "basket_sum_000879", "topic": "basket_sum", "subtopic": "decimal_prices", "prompt": "You’re buying 6 items: $18.82, $18.87, $9.93, $13.43, $14.22, $2.72. About how much will you pay (before tax)?", "split": "test", "exact_value": 77.99}
{"id": "basket_sum_000880", "topic": "basket_sum", "subtopic": "decimal_prices", "prompt": "You’re buying 6 items: $6.43, $4.54, $3.54, $10.78, $11.77, $17.24. About how much will you pay (before tax)?", "split": "test", "exact_value": 54.3}
{"id": "basket_sum_000881", "topic": "basket_sum", "subtopic": "decimal_prices", "prompt": "You’re buying 3 items: $3.24, $16.09, $6.58. About how much will you pay (before tax)?", "split": "test", "exact_value": 25.91}
{"id": "basket_sum_000882", "topic": "basket_sum", "subtopic": "decimal_prices", "prompt": "You’re buying 6 items: $4.02, $9.36, $3.01, $13.51, $5.42, $4.85. About how much will you pay (before tax)?", "split": "test", "exact_value": 40.17}
{"id": "basket_sum_000883", "topic": "basket_sum", "subtopic": "decimal_prices", "prompt": "You’re buying 3 items: $2.82, $19.86, $1.35. About how much will you pay (before tax)?", "split": "test", "exact_value": 24.03}
{"id": "basket_sum_000884", "topic": "basket_sum", "subtopic": "decimal_prices", "prompt": "You’re buying 5 items: $18.12, $15.50, $5.02, $5.74, $9.94. About how much will you pay (before tax)?", "split": "test", "exact_value": 54.32}
{"id": "basket_sum_000885", "topic": "basket_sum", "subtopic": "decimal_prices", "prompt": "You’re buying 3 items: $13.57, $18.51, $12.95. About how much will you pay (before tax)?", "split": "test", "exact_value": 45.03}
{"id": "basket_sum_000886", "topic": "basket_sum", "subtopic": "decimal_prices", "prompt": "You’re buying 6 items: $2.53, $14.07, $17.53, $18.68, $15.50, $12.32. About how much will you pay (before tax)?", "split": "test", "exact_value": 80.63}
{"id": "basket_sum_000887", "topic": "basket_sum", "subtopic": "decimal_prices", "prompt": "You’re buying 5 items: $8.03, $14.56, $14.92, $8.12, $13.12. About how much will you pay (before tax)?", "split": "test", "exact_value": 58.75}
{"id": "basket_sum_000888", "topic": "basket_sum", "subtopic": "decimal_prices", "prompt": "You’re buying 6 items: $16.31, $5.08, $3.01, $2.47, $2.50, $15.01. About how much will you pay (before tax)?", "split": "test", "exact_value": 44.38}
{"id": "basket_sum_000889", "topic": "basket_sum", "subtopic": "decimal_prices", "prompt": "You’re buying 4 items: $15.09, $3.02, $7.85, $17.17. About how much will you pay (before tax)?", "split": "test", "exact_value": 43.13}
{"id": "basket_sum_000890", "topic": "basket_sum", "subtopic": "decimal_prices", "prompt": "You’re buying 6 items: $11.87, $0.82, $1.98, $11.07, $17.05, $19.60. About how much will you pay (before tax)?", "split": "test", "exact_value": 62.39}
{"id": "basket_sum_000891", "topic": "basket_sum", "subtopic": "decimal_prices", "prompt": "You’re buying 5 items: $15.60, $16.10, $18.72, $3.22, $13.53. About how much will you pay (before tax)?", "split": "test", "exact_value": 67.17}
{"id": "basket_sum_000892", "topic": "basket_sum", "subtopic": "decimal_prices", "prompt": "You’re buying 4 items: $2.84, $0.97, $17.16, $6.86. About how much will you pay (before tax)?", "split": "test", "exact_value": 27.83}
{"id": "basket_sum_000893", "topic": "basket_sum", "subtopic": "decimal_prices", "prompt": "You’re buying 5 items: $16.86, $10.39, $9.54, $12.34, $3.59. About how much will you pay (before tax)?", "split": "test", "exact_value": 52.72}
{"id": "basket_sum_000894", "topic": "basket_sum", "subtopic": "decimal_prices", "prompt": "You’re buying 3 items: $12.29, $6.72, $19.80. About how much will you pay (before tax)?", "split": "test", "exact_value": 38.81}
{"id": "basket_sum_000895", "topic": "basket_sum", "subtopic": "decimal_prices", "prompt": "You’re buying 3 items: $6.04, $17.07, $11.81. About how much will you pay (before tax)?", "split": "test", "exact_value": 34.92}
{"id": "basket_sum_000896", "topic": "basket_sum", "subtopic": "decimal_prices", "prompt": "You’re buying 4 items: $10.29, $14.31, $8.02, $19.63. About how much will you pay (before tax)?", "split": "test", "exact_value": 52.25}
{"id": "basket_sum_000897", "topic": "basket_sum", "subtopic": "decimal_prices", "prompt": "You’re buying 5 items: $3.72, $14.55, $17.07, $18.73, $5.11. About how much will you pay (before tax)?", "split": "test", "exact_value": 59.18}
{"id": "basket_sum_000898", "topic": "basket_sum", "subtopic": "decimal_prices", "prompt": "You’re buying 3 items: $18.51, $15.69, $17.24. About how much will you pay (before tax)?", "split": "test", "exact_value": 51.44}
{"id": "basket_sum_000899", "topic": "basket_sum", "subtopic": "decimal_prices", "prompt": "You’re buying 6 items: $6.53, $16.44, $18.31, $3.85, $1.20, $8.32. About how much will you pay (before tax)?", "split": "test", "exact_value": 54.65}
{"id": "basket_sum_000900", "topic": "basket_sum", "subtopic": "decimal_prices", "prompt": "You’re buying 6 items: $13.81, $19.80, $15.34, $8.30, $10.92, $6.22. About how much will you pay (before tax)?", "split": "test", "exact_value": 74.39}
{"id": "basket_sum_000901", "topic": "basket_sum", "subtopic": "decimal_prices", "prompt": "You’re buying 4 items: $14.25, $11.31, $2.66, $7.00. About how much will you pay (before tax)?", "split": "test", "exact_value": 35.22}
{"id": "basket_sum_000902", "topic": "basket_sum", "subtopic": "decimal_prices", "prompt": "You’re buying 3 items: $17.11, $14.41, $9.57. About how much will you pay (before tax)?", "split": "test", "exact_value": 41.09}
{"id": "basket_sum_000903", "topic": "basket_sum", "subtopic": "decimal_prices", "prompt": "You’re buying 4 items: $11.87, $9.27, $10.05, $18.02. About how much will you pay (before tax)?", "split": "test", "exact_value": 49.21}
{"id": "basket_sum_000904", "topic": "basket_sum", "subtopic": "decimal_prices", "prompt": "You’re buying 4 items: $4.98, $15.16, $14.91, $0.97. About how much will you pay (before tax)?", "split": "test", "exact_value": 36.02}
{"id": "basket_sum_000905", "topic": "basket_sum", "subtopic": "decimal_prices", "prompt": "You’re buying 3 items: $13.81, $19.77, $3.62. About how much will you pay (before tax)?", "split": "test", "exact_value": 37.2}
{"id": "basket_sum_000906", "topic": "basket_sum", "subtopic": "decimal_prices", "prompt": "You’re buying 6 items: $13.84, $4.02, $1.87, $7.62, $9.89, $18.94. About how much will you pay (before tax)?", "split": "test", "exact_value": 56.18}
{"id": "basket_sum_000907", "topic": "basket_sum", "subtopic": "decimal_prices", "prompt": "You’re buying 3 items: $19.61, $13.27, $12.18. About how much will you pay (before tax)?", "split": "test", "exact_value": 45.06}
{"id": "basket_sum_000908", "topic": "basket_sum", "subtopic": "decimal_prices", "prompt": "You’re buying 4 items: $12.83, $8.55, $1.44, $5.41. About how much will you pay (before tax)?", "split": "test", "exact_value": 28.23}
{"id": "basket_sum_000909", "topic": "basket_sum", "subtopic": "decimal_prices", "prompt": "You’re buying 6 items: $6.60, $12.24, $4.10, $15.10, $15.69, $19.82. About how much will you pay (before tax)?", "split": "test", "exact_value": 73.55}
{"id": "basket_sum_000910", "topic": "basket_sum", "subtopic": "decimal_prices", "prompt": "You’re buying 3 items: $15.72, $17.40, $13.28. About how much will you pay (before tax)?", "split": "test", "exact_value": 46.4}
{"id": "basket_sum_000911", "topic": "basket_sum", "subtopic": "decimal_prices", "prompt": "You’re buying 5 items: $12.93, $9.34, $1.01, $3.03, $3.13. About how much will you pay (before tax)?", "split": "test", "exact_value": 29.44}
{"id": "basket_sum_000912", "topic": "basket_sum", "subtopic": "decimal_prices", "prompt": "You’re buying 4 items: $1.23, $11.79, $11.78, $6.05. About how much will you pay (before tax)?", "split": "test", "exact_value": 30.85}
{"id": "basket_sum_000913", "topic": "basket_sum", "subtopic": "decimal_prices", "prompt": "You’re buying 3 items: $16.04, $4.27, $10.09. About how much will you pay (before tax)?", "split": "test", "exact_value": 30.4}
{"id": "basket_sum_000914", "topic": "basket_sum", "subtopic": "decimal_prices", "prompt": "You’re buying 6 items: $6.52, $3.19, $7.03, $14.49, $17.34, $11.11. About how much will you pay (before tax)?", "split": "test", "exact_value": 59.68}
{"id": "basket_sum_000915", "topic": "basket_sum", "subtopic": "decimal_prices", "prompt": "You’re buying 6 items: $16.40, $1.17, $11.47, $11.09, $16.38, $10.17. About how much will you pay (before tax)?", "split": "test", "exact_value": 66.68}
{"id": "basket_sum_000916", "topic": "basket_sum", "subtopic": "decimal_prices", "prompt": "You’re buying 3 items: $15.26, $4.77, $13.43. About how much will you pay (before tax)?", "split": "test", "exact_value": 33.46}
{"id": "basket_sum_000917", "topic": "basket_sum", "subtopic": "decimal_prices", "prompt": "You’re buying 3 items: $4.26, $12.29, $4.24. About how much will you pay (before tax)?", "split": "test", "exact_value": 20.79}
{"id": "basket_sum_000918", "topic": "basket_sum", "subtopic": "decimal_prices", "prompt": "You’re buying 6 items: $16.16, $3.15, $3.26, $4.75, $3.89, $11.59. About how much will you pay (before tax)?", "split": "test", "exact_value": 42.8}
{"id": "basket_sum_000919", "topic": "basket_sum", "subtopic": "decimal_prices", "prompt": "You’re buying 3 items: $2.41, $3.18, $6.52. About how much will you pay (before tax)?", "split": "test", "exact_value": 12.11}
{"id": "basket_sum_000920", "topic": "basket_sum", "subtopic": "decimal_prices", "prompt": "You’re buying 4 items: $8.91, $18.94, $0.79, $6.56. About how much will you pay (before tax)?", "split": "test", "exact_value": 35.2}
{"id": "basket_sum_000921", "topic": "basket_sum", "subtopic": "decimal_prices", "prompt": "You’re buying 5 items: $13.45, $9.33, $11.87, $14.14, $10.83. About how much will you pay (before tax)?", "split": "test", "exact_value": 59.62}
{"id": "basket_sum_000922", "topic": "basket_sum", "subtopic": "decimal_prices", "prompt": "You’re buying 5 items: $12.43, $10.59, $14.00, $13.51, $1.65. About how much will you pay (before tax)?", "split": "test", "exact_value": 52.18}
{"id": "basket_sum_000923", "topic": "basket_sum", "subtopic": "decimal_prices", "prompt": "You’re buying 3 items: $4.40, $6.54, $16.78. About how much will you pay (before tax)?", "split": "test", "exact_value": 27.72}
{"id": "basket_sum_000924", "topic": "basket_sum", "subtopic": "decimal_prices", "prompt": "You’re buying 4 items: $12.35, $4.94, $7.68, $3.26. About how much will you pay (before tax)?", "split": "test", "exact_value": 28.23}
{"id": "basket_sum_000925", "topic": "basket_sum", "subtopic": "decimal_prices", "prompt": "You’re buying 6 items: $2.22, $5.69, $8.12, $18.14, $8.47, $2.39. About how much will you pay (before tax)?", "split": "test", "exact_value": 45.03}
{"id": "basket_sum_000926", "topic": "basket_sum", "subtopic": "decimal_prices", "prompt": "You’re buying 5 items: $13.78, $18.84, $3.54, $4.70, $12.88. About how much will you pay (before tax)?", "split": "test", "exact_value": 53.74}
{"id": "basket_sum_000927", "topic": "basket_sum", "subtopic": "decimal_prices", "prompt": "You’re buying 5 items: $19.90, $14.17, $4.49, $7.94, $13.41. About how much will you pay (before tax)?", "split": "test", "exact_value": 59.91}
{"id": "basket_sum_000928", "topic": "basket_sum", "subtopic": "decimal_prices", "prompt": "You’re buying 4 items: $8.85, $3.74, $19.85, $9.12. About how much will you pay (before tax)?", "split": "test", "exact_value": 41.56}
{"id": "basket_sum_000929", "topic": "basket_sum", "subtopic": "decimal_prices", "prompt": "You’re buying 3 items: $19.30, $5.54, $5.98. About how much will you pay (before tax)?", "split": "test", "exact_value": 30.82}
{"id": "basket_sum_000930", "topic": "basket_sum", "subtopic": "decimal_prices", "prompt": "You’re buying 3 items: $13.92, $8.60, $7.11. About how much will you pay (before tax)?", "split": "test", "exact_value": 29.63}
{"id": "basket_sum_000931", "topic": "basket_sum", "subtopic": "decimal_prices", "prompt": "You’re buying 3 items: $7.76, $7.19, $6.04. About how much will you pay (before tax)?", "split": "test", "exact_value": 20.99}
{"id": "basket_sum_000932", "topic": "basket_sum", "subtopic": "decimal_prices", "prompt": "You’re buying 4 items: $6.04, $2.67, $19.60, $5.06. About how much will you pay (before tax)?", "split": "test", "exact_value": 33.37}
{"id": "basket_sum_000933", "topic": "basket_sum", "subtopic": "decimal_prices", "prompt": "You’re buying 3 items: $15.82, $3.16, $10.90. About how much will you pay (before tax)?", "split": "test", "exact_value": 29.88}
{"id": "basket_sum_000934", "topic": "basket_sum", "subtopic": "decimal_prices", "prompt": "You’re buying 5 items: $12.10, $16.28, $2.62, $7.49, $11.78. About how much will you pay (before tax)?", "split": "test", "exact_value": 50.27}
{"id": "basket_sum_000935", "topic": "basket_sum", "subtopic": "decimal_prices", "prompt": "You’re buying 5 items: $11.38, $12.45, $18.00, $4.07, $18.96. About how much will you pay (before tax)?", "split": "test", "exact_value": 64.86}
{"id": "basket_sum_000936", "topic": "basket_sum", "subtopic": "decimal_prices", "prompt": "You’re buying 6 items: $4.26, $16.27, $13.80, $15.93, $11.38, $17.72. About how much will you pay (before tax)?", "split": "test", "exact_value": 79.36}
{"id": "basket_sum_000937", "topic": "basket_sum", "subtopic": "decimal_prices", "prompt": "You’re buying 6 items: $9.95, $3.24, $0.97, $10.65, $3.78, $3.22. About how much will you pay (before tax)?", "split": "test", "exact_value": 31.81}
{"id": "basket_sum_000938", "topic": "basket_sum", "subtopic": "decimal_prices", "prompt": "You’re buying 6 items: $11.69, $5.92, $18.42, $13.06, $7.90, $15.72. About how much will you pay (before tax)?", "split": "test", "exact_value": 72.71}
{"id": "basket_sum_000939", "topic": "basket_sum", "subtopic": "decimal_prices", "prompt": "You’re buying 6 items: $14.36, $4.31, $19.73, $16.12, $10.43, $6.09. About how much will you pay (before tax)?", "split": "test", "exact_value": 71.04}
{"id": "basket_sum_000940", "topic": "basket_sum", "subtopic": "decimal_prices", "prompt": "You’re buying 6 items: $10.79, $14.58, $18.53, $5.18, $12.99, $2.46. About how much will you pay (before tax)?", "split": "test", "exact_value": 64.53}
{"id": "basket_sum_000941", "topic": "basket_sum", "subtopic": "decimal_prices", "prompt": "You’re buying 5 items: $8.60, $6.79, $2.52, $2.32, $14.81. About how much will you pay (before tax)?", "split": "test", "exact_value": 35.04}
{"id": "basket_sum_000942", "topic": "basket_sum", "subtopic": "decimal_prices", "prompt": "You’re buying 3 items: $3.96, $1.89, $15.06. About how much will you pay (before tax)?", "split": "test", "exact_value": 20.91}
{"id": "basket_sum_000943", "topic": "basket_sum", "subtopic": "decimal_prices", "prompt": "You’re buying 6 items: $16.31, $1.00, $19.00, $13.79, $18.69, $3.41. About how much will you pay (before tax)?", "split": "test", "exact_value": 72.2}
{"id": "basket_sum_000944", "topic": "basket_sum", "subtopic": "decimal_prices", "prompt": "You’re buying 6 items: $10.68, $19.95, $17.84, $14.19, $8.58, $12.62. About how much will you pay (before tax)?", "split": "test", "exact_value": 83.86}
{"id": "basket_sum_000945", "topic": "basket_sum", "subtopic": "decimal_prices", "prompt": "You’re buying 3 items: $14.50, $14.28, $15.18. About how much will you pay (before tax)?", "split": "test", "exact_value": 43.96}
{"id": "basket_sum_000946", "topic": "basket_sum", "subtopic": "decimal_prices", "prompt": "You’re buying 4 items: $19.88, $13.48, $18.46, $19.97. About how much will you pay (before tax)?", "split": "test", "exact_value": 71.79}
{"id": "basket_sum_000947", "topic": "basket_sum", "subtopic": "decimal_prices", "prompt": "You’re buying 3 items: $12.45, $19.31, $13.74. About how much will you pay (before tax)?", "split": "test", "exact_value": 45.5}
{"id": "basket_sum_000948", "topic": "basket_sum", "subtopic": "decimal_prices", "prompt": "You’re buying 4 items: $4.15, $7.84, $3.35, $7.57. About how much will you pay (before tax)?", "split": "test", "exact_value": 22.91}
{"id": "basket_sum_000949", "topic": "basket_sum", "subtopic": "decimal_prices", "prompt": "You’re buying 3 items: $8.91, $8.07, $7.96. About how much will you pay (before tax)?", "split": "test", "exact_value": 24.94}
{"id": "basket_sum_000950", "topic": "basket_sum", "subtopic": "decimal_prices", "prompt": "You’re buying 3 items: $7.28, $13.83, $16.76. About how much will you pay (before tax)?", "split": "test", "exact_value": 37.87}
{"id": "basket_sum_000951", "topic": "basket_sum", "subtopic": "decimal_prices", "prompt": "You’re buying 3 items: $6.36, $10.07, $5.87. About how much will you pay (before tax)?", "split": "test", "exact_value": 22.3}
{"id": "basket_sum_000952", "topic": "basket_sum", "subtopic": "decimal_prices", "prompt": "You’re buying 3 items: $14.96, $11.71, $4.97. About how much will you pay (before tax)?", "split": "test", "exact_value": 31.64}
{"id": "basket_sum_000953", "topic": "basket_sum", "subtopic": "decimal_prices", "prompt": "You’re buying 5 items: $18.63, $19.21, $10.69, $17.94, $18.75. About how much will you pay (before tax)?", "split": "test", "exact_value": 85.22}
{"id": "basket_sum_000954", "topic": "basket_sum", "subtopic": "decimal_prices", "prompt": "You’re buying 6 items: $1.89, $0.90, $9.63, $6.52, $2.85, $7.50. About how much will you pay (before tax)?", "split": "test", "exact_value": 29.29}
{"id": "basket_sum_000955", "topic": "basket_sum", "subtopic": "decimal_prices", "prompt": "You’re buying 4 items: $8.51, $0.96, $9.06, $4.58. About how much will you pay (before tax)?", "split": "test", "exact_value": 23.11}
{"id": "basket_sum_000956", "topic": "basket_sum", "subtopic": "decimal_prices", "prompt": "You’re buying 4 items: $8.68, $18.32, $0.92, $15.56. About how much will you pay (before tax)?", "split": "test", "exact_value": 43.48}
{"id": "basket_sum_000957", "topic": "basket_sum", "subtopic": "decimal_prices", "prompt": "You’re buying 5 items: $5.13, $8.38, $6.54, $9.01, $4.29. About how much will you pay (before tax)?", "split": "test", "exact_value": 33.35}
{"id": "basket_sum_000958", "topic": "basket_sum", "subtopic": "decimal_prices", "prompt": "You’re buying 5 items: $2.88, $9.21, $16.91, $3.90, $7.58. About how much will you pay (before tax)?", "split": "test", "exact_value": 40.48}
{"id": "basket_sum_000959", "topic": "basket_sum", "subtopic": "decimal_prices", "prompt": "You’re buying 6 items: $0.90, $17.75, $14.41, $2.91, $6.26, $3.36. About how much will you pay (before tax)?", "split": "test", "exact_value": 45.59}
{"id": "basket_sum_000960", "topic": "basket_sum", "subtopic": "decimal_prices", "prompt": "You’re buying 6 items: $15.07, $18.09, $3.87, $4.61, $9.99, $13.56. About how much will you pay (before tax)?", "split": "test", "exact_value": 65.19}
{"id": "basket_sum_000961", "topic": "basket_sum", "subtopic": "decimal_prices", "prompt": "You’re buying 5 items: $3.07, $10.18, $10.30, $13.88, $3.24. About how much will you pay (before tax)?", "split": "test", "exact_value": 40.67}
{"id": "basket_sum_000962", "topic": "basket_sum", "subtopic": "decimal_prices", "prompt": "You’re buying 6 items: $10.43, $18.52, $16.98, $8.26, $2.90, $2.86. About how much will you pay (before tax)?", "split": "test", "exact_value": 59.95}
{"id": "basket_sum_000963", "topic": "basket_sum", "subtopic": "decimal_prices", "prompt": "You’re buying 3 items: $3.21, $7.40, $1.05. About how much will you pay (before tax)?", "split": "test", "exact_value": 11.66}
{"id": "basket_sum_000964", "topic": "basket_sum", "subtopic": "decimal_prices", "prompt": "You’re buying 4 items: $1.79, $16.72, $9.04, $12.25. About how much will you pay (before tax)?", "split": "test", "exact_value": 39.8}
{"id": "basket_sum_000965", "topic": "basket_sum", "subtopic": "decimal_prices", "prompt": "You’re buying 3 items: $9.13, $6.35, $10.12. About how much will you pay (before tax)?", "split": "test", "exact_value": 25.6}
{"id": "basket_sum_000966", "topic": "basket_sum", "subtopic": "decimal_prices", "prompt": "You’re buying 6 items: $5.55, $3.72, $10.61, $5.58, $15.51, $17.38. About how much will you pay (before tax)?", "split": "test", "exact_value": 58.35}
{"id": "basket_sum_000967", "topic": "basket_sum", "subtopic": "decimal_prices", "prompt": "You’re buying 4 items: $13.58, $9.03, $9.89, $15.82. About how much will you pay (before tax)?", "split": "test", "exact_value": 48.32}
{"id": "basket_sum_000968", "topic": "basket_sum", "subtopic": "decimal_prices", "prompt": "You’re buying 3 items: $14.25, $10.43, $4.27. About how much will you pay (before tax)?", "split": "test", "exact_value": 28.95}
{"id": "basket_sum_000969", "topic": "basket_sum", "subtopic": "decimal_prices", "prompt": "You’re buying 4 items: $5.19, $3.33, $1.53, $19.81. About how much will you pay (before tax)?", "split": "test", "exact_value": 29.86}
{"id": "basket_sum_000970", "topic": "basket_sum", "subtopic": "decimal_prices", "prompt": "You’re buying 4 items: $8.98, $12.63, $2.54, $1.77. About how much will you pay (before tax)?", "split": "test", "exact_value": 25.92}
{"id": "basket_sum_000971", "topic": "basket_sum", "subtopic": "decimal_prices", "prompt": "You’re buying 6 items: $10.87, $14.23, $19.61, $5.05, $8.97, $1.97. About how much will you pay (before tax)?", "split": "test", "exact_value": 60.7}
{"id": "basket_sum_000972", "topic": "basket_sum", "subtopic": "decimal_prices", "prompt": "You’re buying 6 items: $13.15, $6.63, $5.96, $6.18, $7.53, $8.82. About how much will you pay (before tax)?", "split": "test", "exact_value": 48.27}
{"id": "basket_sum_000973", "topic": "basket_sum", "subtopic": "decimal_prices", "prompt": "You’re buying 5 items: $17.98, $4.28, $0.80, $13.47, $6.97. About how much will you pay (before tax)?", "split": "test", "exact_value": 43.5}
{"id": "basket_sum_000974", "topic": "basket_sum", "subtopic": "decimal_prices", "prompt": "You’re buying 5 items: $9.85, $18.23, $2.72, $4.34, $19.00. About how much will you pay (before tax)?", "split": "test", "exact_value": 54.14}
{"id": "basket_sum_000975", "topic": "basket_sum", "subtopic": "decimal_prices", "prompt": "You’re buying 5 items: $7.21, $2.93, $13.63, $13.90, $15.58. About how much will you pay (before tax)?", "split": "test", "exact_value": 53.25}
{"id": "basket_sum_000976", "topic": "basket_sum", "subtopic": "decimal_prices", "prompt": "You’re buying 4 items: $7.15, $15.02, $7.73, $15.74. About how much will you pay (before tax)?", "split": "test", "exact_value": 45.64}
{"id": "basket_sum_000977", "topic": "basket_sum", "subtopic": "decimal_prices", "prompt": "You’re buying 5 items: $5.36, $6.09, $12.01, $2.46, $2.83. About how much will you pay (before tax)?", "split": "test", "exact_value": 28.75}
{"id": "basket_sum_000978", "topic": "basket_sum", "subtopic": "decimal_prices", "prompt": "You’re buying 3 items: $1.58, $19.38, $17.76. About how much will you pay (before tax)?", "split": "test", "exact_value": 38.72}
{"id": "basket_sum_000979", "topic": "basket_sum", "subtopic": "decimal_prices", "prompt": "You’re buying 4 items: $4.49, $9.35, $2.68, $18.87. About how much will you pay (before tax)?", "split": "test", "exact_value": 35.39}
{"id": "basket_sum_000980", "topic": "basket_sum", "subtopic": "decimal_prices", "prompt": "You’re buying 5 items: $6.58, $9.89, $15.40, $11.03, $3.74. About how much will you pay (before tax)?", "split": "test", "exact_value": 46.64}
{"id": "basket_sum_000981", "topic": "basket_sum", "subtopic": "decimal_prices", "prompt": "You’re buying 4 items: $4.47, $11.36, $5.64, $17.63. About how much will you pay (before tax)?", "split": "test", "exact_value": 39.1}
{"id": "basket_sum_000982", "topic": "basket_sum", "subtopic": "decimal_prices", "prompt": "You’re buying 5 items: $17.97, $9.40, $14.56, $18.28, $2.09. About how much will you pay (before tax)?", "split": "test", "exact_value": 62.3}
{"id": "basket_sum_000983", "topic": "basket_sum", "subtopic": "decimal_prices", "prompt": "You’re buying 6 items: $10.85, $19.08, $15.97, $4.00, $6.05, $19.37. About how much will you pay (before tax)?", "split": "test", "exact_value": 75.32}
{"id": "basket_sum_000984", "topic": "basket_sum", "subtopic": "decimal_prices", "prompt": "You’re buying 5 items: $1.66, $11.66, $16.04, $14.11, $15.01. About how much will you pay (before tax)?", "split": "test", "exact_value": 58.48}
{"id": "basket_sum_000985", "topic": "basket_sum", "subtopic": "decimal_prices", "prompt": "You’re buying 6 items: $10.29, $11.01, $10.65, $2.23, $9.19, $10.57. About how much will you pay (before tax)?", "split": "test", "exact_value": 53.94}
{"id": "basket_sum_000986", "topic": "basket_sum", "subtopic": "decimal_prices", "prompt": "You’re buying 6 items: $8.49, $6.00, $4.32, $3.86, $4.97, $14.17. About how much will you pay (before tax)?", "split": "test", "exact_value": 41.81}
{"id": "basket_sum_000987", "topic": "basket_sum", "subtopic": "decimal_prices", "prompt": "You’re buying 6 items: $10.46, $14.63, $5.76, $17.16, $6.48, $5.95. About how much will you pay (before tax)?", "split": "test", "exact_value": 60.44}
{"id": "basket_sum_000988", "topic": "basket_sum", "subtopic": "decimal_prices", "prompt": "You’re buying 3 items: $4.08, $1.67, $5.36. About how much will you pay (before tax)?", "split": "test", "exact_value": 11.11}
{"id": "basket_sum_000989", "topic": "basket_sum", "subtopic": "decimal_prices", "prompt": "You’re buying 3 items: $13.07, $18.88, $6.12. About how much will you pay (before tax)?", "split": "test", "exact_value": 38.07}
{"id": "basket_sum_000990", "topic": "basket_sum", "subtopic": "decimal_prices", "prompt": "You’re buying 4 items: $5.98, $15.97, $13.12, $5.57. About how much will you pay (before tax)?", "split": "test", "exact_value": 40.64}
{"id": "basket_sum_000991", "topic": "basket_sum", "subtopic": "decimal_prices", "prompt": "You’re buying 4 items: $11.05, $0.82, $7.46, $12.41. About how much will you pay (before tax)?", "split": "test", "exact_value": 31.74}
{"id": "basket_sum_000992", "topic": "basket_sum", "subtopic": "decimal_prices", "prompt": "You’re buying 5 items: $7.02, $18.96, $17.76, $5.86, $3.36. About how much will you pay (before tax)?", "split": "test", "exact_value": 52.96}
{"id": "basket_sum_000993", "topic": "basket_sum", "subtopic": "decimal_prices", "prompt": "You’re buying 5 items: $7.02, $1.89, $16.46, $16.61, $5.00. About how much will you pay (before tax)?", "split": "test", "exact_value": 46.98}
{"id": "basket_sum_000994", "topic": "basket_sum", "subtopic": "decimal_prices", "prompt": "You’re buying 5 items: $4.18, $19.44, $11.11, $19.58, $15.73. About how much will you pay (before tax)?", "split": "test", "exact_value": 70.04}
{"id": "basket_sum_000995", "topic": "basket_sum", "subtopic": "decimal_prices", "prompt": "You’re buying 3 items: $14.66, $14.00, $18.95. About how much will you pay (before tax)?", "split": "test", "exact_value": 47.61}
{"id": "basket_sum_000996", "topic": "basket_sum", "subtopic": "decimal_prices", "prompt": "You’re buying 5 items: $17.49, $12.97, $11.37, $16.47, $5.03. About how much will you pay (before tax)?", "split": "test", "exact_value": 63.33}
{"id": "basket_sum_000997", "topic": "basket_sum", "subtopic": "decimal_prices", "prompt": "You’re buying 5 items: $4.71, $12.88, $17.27, $8.38, $9.35. About how much will you pay (before tax)?", "split": "test", "exact_value": 52.59}
{"id": "basket_sum_000998", "topic": "basket_sum", "subtopic": "decimal_prices", "prompt": "You’re buying 6 items: $7.87, $18.11, $2.59, $4.28, $4.34, $17.35. About how much will you pay (before tax)?", "split": "test", "exact_value": 54.54}
{"id": "basket_sum_000999", "topic": "basket_sum", "subtopic": "decimal_prices", "prompt": "You’re buying 4 items: $11.73, $18.90, $4.25, $6.21. About how much will you pay (before tax)?", "split": "test", "exact_value": 41.09}
{"id": "basket_sum_001000", "topic": "basket_sum", "subtopic": "decimal_prices", "prompt": "You’re buying 5 items: $3.92, $4.20, $8.36, $12.46, $2.12. About how much will you pay (before tax)?", "split": "test", "exact_value": 31.06}
{"id": "basket_sum_001001", "topic": "basket_sum", "subtopic": "decimal_prices", "prompt": "You’re buying 3 items: $8.98, $9.53, $13.18. About how much will you pay (before tax)?", "split": "test", "exact_value": 31.69}
{"id": "basket_sum_001002", "topic": "basket_sum", "subtopic": "decimal_prices", "prompt": "You’re buying 6 items: $2.71, $10.90, $14.74, $16.30, $12.37, $8.05. About how much will you pay (before tax)?", "split": "test", "exact_value": 65.07}
{"id": "basket_sum_001003", "topic": "basket_sum", "subtopic": "decimal_prices", "prompt": "You’re buying 3 items: $2.90, $1.05, $16.74. About how much will you pay (before tax)?", "split": "test", "exact_value": 20.69}
{"id": "basket_sum_001004", "topic": "basket_sum", "subtopic": "decimal_prices", "prompt": "You’re buying 3 items: $3.33, $15.58, $5.93. About how much will you pay (before tax)?", "split": "test", "exact_value": 24.84}
{"id": "basket_sum_001005", "topic": "basket_sum", "subtopic": "decimal_prices", "prompt": "You’re buying 3 items: $16.00, $0.97, $15.99. About how much will you pay (before tax)?", "split": "test", "exact_value": 32.96}
{"id": "basket_sum_001006", "topic": "basket_sum", "subtopic": "decimal_prices", "prompt": "You’re buying 5 items: $17.16, $2.42, $3.46, $15.38, $17.92. About how much will you pay (before tax)?", "split": "test", "exact_value": 56.34}
{"id": "basket_sum_001007", "topic": "basket_sum", "subtopic": "decimal_prices", "prompt": "You’re buying 4 items: $6.69, $9.99, $5.47, $11.23. About how much will you pay (before tax)?", "split": "test", "exact_value": 33.38}
{"id": "basket_sum_001008", "topic": "basket_sum", "subtopic": "decimal_prices", "prompt": "You’re buying 5 items: $12.84, $3.15, $16.63, $2.76, $6.49. About how much will you pay (before tax)?", "split": "test", "exact_value": 41.87}
{"id": "basket_sum_001009", "topic": "basket_sum", "subtopic": "decimal_prices", "prompt": "You’re buying 6 items: $3.51, $18.30, $1.25, $8.99, $3.62, $13.37. About how much will you pay (before tax)?", "split": "test", "exact_value": 49.04}
{"id": "basket_sum_001010", "topic": "basket_sum", "subtopic": "decimal_prices", "prompt": "You’re buying 4 items: $18.49, $13.93, $13.98, $14.52. About how much will you pay (before tax)?", "split": "test", "exact_value": 60.92}
{"id": "basket_sum_001011", "topic": "basket_sum", "subtopic": "decimal_prices", "prompt": "You’re buying 3 items: $10.23, $19.81, $5.10. About how much will you pay (before tax)?", "split": "test", "exact_value": 35.14}
{"id": "basket_sum_001012", "topic": "basket_sum", "subtopic": "decimal_prices", "prompt": "You’re buying 5 items: $7.65, $12.61, $3.06, $18.52, $18.45. About how much will you pay (before tax)?", "split": "test", "exact_value": 60.29}
{"id": "basket_sum_001013", "topic": "basket_sum", "subtopic": "decimal_prices", "prompt": "You’re buying 3 items: $12.40, $4.21, $10.98. About how much will you pay (before tax)?", "split": "test", "exact_value": 27.59}
{"id": "basket_sum_001014", "topic": "basket_sum", "subtopic": "decimal_prices", "prompt": "You’re buying 4 items: $13.84, $3.67, $13.60, $6.58. About how much will you pay (before tax)?", "split": "test", "exact_value": 37.69}
{"id": "basket_sum_001015", "topic": "basket_sum", "subtopic": "decimal_prices", "prompt": "You’re buying 5 items: $7.48, $2.79, $18.38, $13.50, $18.70. About how much will you pay (before tax)?", "split": "test", "exact_value": 60.85}
{"id": "basket_sum_001016", "topic": "basket_sum", "subtopic": "decimal_prices", "prompt": "You’re buying 3 items: $15.94, $17.33, $19.57. About how much will you pay (before tax)?", "split": "test", "exact_value": 52.84}
{"id": "basket_sum_001017", "topic": "basket_sum", "subtopic": "decimal_prices", "prompt": "You’re buying 4 items: $6.94, $8.29, $14.64, $15.87. About how much will you pay (before tax)?", "split": "test", "exact_value": 45.74}
{"id": "basket_sum_001018", "topic": "basket_sum", "subtopic": "decimal_prices", "prompt": "You’re buying 6 items: $16.43, $2.96, $9.00, $14.74, $3.57, $6.99. About how much will you pay (before tax)?", "split": "test", "exact_value": 53.69}
{"id": "basket_sum_001019", "topic": "basket_sum", "subtopic": "decimal_prices", "prompt": "You’re buying 4 items: $4.28, $8.18, $6.92, $8.93. About how much will you pay (before tax)?", "split": "test", "exact_value": 28.31}
{"id": "basket_sum_001020", "topic": "basket_sum", "subtopic": "decimal_prices", "prompt": "You’re buying 6 items: $12.34, $13.01, $3.44, $18.92, $18.48, $8.15. About how much will you pay (before tax)?", "split": "test", "exact_value": 74.34}
{"id": "basket_sum_001021", "topic": "basket_sum", "subtopic": "decimal_prices", "prompt": "You’re buying 6 items: $11.13, $10.25, $11.09, $5.21, $2.40, $14.52. About how much will you pay (before tax)?", "split": "test", "exact_value": 54.6}
{"id": "basket_sum_001022", "topic": "basket_sum", "subtopic": "decimal_prices", "prompt": "You’re buying 4 items: $14.29, $5.31, $0.85, $19.87. About how much will you pay (before tax)?", "split": "test", "exact_value": 40.32}
{"id": "basket_sum_001023", "topic": "basket_sum", "subtopic": "decimal_prices", "prompt": "You’re buying 3 items: $7.75, $9.89, $3.35. About how much will you pay (before tax)?", "split": "test", "exact_value": 20.99}
{"id": "basket_sum_001024", "topic": "basket_sum", "subtopic": "decimal_prices", "prompt": "You’re buying 3 items: $1.93, $7.50, $17.09. About how much will you pay (before tax)?", "split": "test", "exact_value": 26.52}
{"id": "basket_sum_001025", "topic": "basket_sum", "subtopic": "decimal_prices", "prompt": "You’re buying 4 items: $6.45, $3.56, $17.17, $19.45. About how much will you pay (before tax)?", "split": "test", "exact_value": 46.63}
{"id": "basket_sum_001026", "topic": "basket_sum", "subtopic": "decimal_prices", "prompt": "You’re buying 6 items: $5.45, $16.68, $1.86, $3.44, $19.26, $14.31. About how much will you pay (before tax)?", "split": "test", "exact_value": 61.0}
{"id": "basket_sum_001027", "topic": "basket_sum", "subtopic": "decimal_prices", "prompt": "You’re buying 6 items: $14.87, $14.16, $8.94, $1.83, $2.83, $11.96. About how much will you pay (before tax)?", "split": "test", "exact_value": 54.59}
{"id": "basket_sum_001028", "topic": "basket_sum", "subtopic": "decimal_prices", "prompt": "You’re buying 6 items: $16.87, $17.50, $1.37, $7.80, $2.31, $2.27. About how much will you pay (before tax)?", "split": "test", "exact_value": 48.12}
{"id": "basket_sum_001029", "topic": "basket_sum", "subtopic": "decimal_prices", "prompt": "You’re buying 6 items: $3.66, $4.29, $15.07, $15.15, $14.20, $6.54. About how much will you pay (before tax)?", "split": "test", "exact_value": 58.91}
{"id": "basket_sum_001030", "topic": "basket_sum", "subtopic": "decimal_prices", "prompt": "You’re buying 6 items: $14.66, $9.31, $13.17, $1.04, $2.93, $1.94. About how much will you pay (before tax)?", "split": "test", "exact_value": 43.05}
{"id": "basket_sum_001031", "topic": "basket_sum", "subtopic": "decimal_prices", "prompt": "You’re buying 3 items: $12.39, $4.12, $3.87. About how much will you pay (before tax)?", "split": "test", "exact_value": 20.38}
{"id": "basket_sum_001032", "topic": "basket_sum", "subtopic": "decimal_prices", "prompt": "You’re buying 6 items: $16.78, $13.84, $17.61, $11.43, $16.72, $18.44. About how much will you pay (before tax)?", "split": "test", "exact_value": 94.82}
{"id": "basket_sum_001033", "topic": "basket_sum", "subtopic": "decimal_prices", "prompt": "You’re buying 5 items: $14.41, $8.92, $3.80, $19.47, $10.80. About how much will you pay (before tax)?", "split": "test", "exact_value": 57.4}
{"id": "basket_sum_001034", "topic": "basket_sum", "subtopic": "decimal_prices", "prompt": "You’re buying 4 items: $15.06, $8.48, $1.87, $8.32. About how much will you pay (before tax)?", "split": "test", "exact_value": 33.73}
{"id": "basket_sum_001035", "topic": "basket_sum", "subtopic": "decimal_prices", "prompt": "You’re buying 3 items: $16.47, $9.78, $6.80. About how much will you pay (before tax)?", "split": "test", "exact_value": 33.05}
{"id": "basket_sum_001036", "topic": "basket_sum", "subtopic": "decimal_prices", "prompt": "You’re buying 6 items: $16.67, $3.95, $16.21, $13.21, $4.53, $2.87. About how much will you pay (before tax)?", "split": "test", "exact_value": 57.44}
{"id": "basket_sum_001037", "topic": "basket_sum", "subtopic": "decimal_prices", "prompt": "You’re buying 3 items: $7.75, $15.74, $7.23. About how much will you pay (before tax)?", "split": "test", "exact_value": 30.72}
{"id": "basket_sum_001038", "topic": "basket_sum", "subtopic": "decimal_prices", "prompt": "You’re buying 4 items: $6.21, $11.19, $2.04, $12.25. About how much will you pay (before tax)?", "split": "test", "exact_value": 31.69}
{"id": "basket_sum_001039", "topic": "basket_sum", "subtopic": "decimal_prices", "prompt": "You’re buying 5 items: $4.39, $4.66, $18.63, $5.40, $2.42. About how much will you pay (before tax)?", "split": "test", "exact_value": 35.5}
{"id": "basket_sum_001040", "topic": "basket_sum", "subtopic": "decimal_prices", "prompt": "You’re buying 3 items: $11.61, $15.96, $1.67. About how much will you pay (before tax)?", "split": "test", "exact_value": 29.24}
{"id": "basket_sum_001041", "topic": "basket_sum", "subtopic": "decimal_prices", "prompt": "You’re buying 5 items: $2.58, $6.72, $19.62, $15.22, $19.20. About how much will you pay (before tax)?", "split": "test", "exact_value": 63.34}
{"id": "basket_sum_001042", "topic": "basket_sum", "subtopic": "decimal_prices", "prompt": "You’re buying 4 items: $6.83, $8.29, $7.62, $3.28. About how much will you pay (before tax)?", "split": "test", "exact_value": 26.02}
{"id": "basket_sum_001043", "topic": "basket_sum", "subtopic": "decimal_prices", "prompt": "You’re buying 3 items: $7.15, $18.00, $10.46. About how much will you pay (before tax)?", "split": "test", "exact_value": 35.61}
{"id": "basket_sum_001044", "topic": "basket_sum", "subtopic": "decimal_prices", "prompt": "You’re buying 4 items: $1.24, $16.07, $9.95, $17.47. About how much will you pay (before tax)?", "split": "test", "exact_value": 44.73}
{"id": "basket_sum_001045", "topic": "basket_sum", "subtopic": "decimal_prices", "prompt": "You’re buying 3 items: $6.36, $3.70, $9.68. About how much will you pay (before tax)?", "split": "test", "exact_value": 19.74}
{"id": "basket_sum_001046", "topic": "basket_sum", "subtopic": "decimal_prices", "prompt": "You’re buying 3 items: $19.08, $5.24, $4.93. About how much will you pay (before tax)?", "split": "test", "exact_value": 29.25}
{"id": "basket_sum_001047", "topic": "basket_sum", "subtopic": "decimal_prices", "prompt": "You’re buying 4 items: $15.55, $3.88, $19.29, $10.70. About how much will you pay (before tax)?", "split": "test", "exact_value": 49.42}
{"id": "basket_sum_001048", "topic": "basket_sum", "subtopic": "decimal_prices", "prompt": "You’re buying 5 items: $9.38, $3.31, $6.37, $12.76, $18.84. About how much will you pay (before tax)?", "split": "test", "exact_value": 50.66}
{"id": "basket_sum_001049", "topic": "basket_sum", "subtopic": "decimal_prices", "prompt": "You’re buying 3 items: $17.89, $15.65, $8.23. About how much will you pay (before tax)?", "split": "test", "exact_value": 41.77}
{"id": "basket_sum_001050", "topic": "basket_sum", "subtopic": "decimal_prices", "prompt": "You’re buying 4 items: $19.93, $12.44, $19.18, $11.67. About how much will you pay (before tax)?", "split": "test", "exact_value": 63.22}
{"id": "basket_sum_001051", "topic": "basket_sum", "subtopic": "decimal_prices", "prompt": "You’re buying 6 items: $2.66, $1.08, $15.50, $6.73, $17.45, $16.10. About how much will you pay (before tax)?", "split": "test", "exact_value": 59.52}
{"id": "basket_sum_001052", "topic": "basket_sum", "subtopic": "decimal_prices", "prompt": "You’re buying 3 items: $10.37, $9.52, $4.05. About how much will you pay (before tax)?", "split": "test", "exact_value": 23.94}
{"id": "basket_sum_001053", "topic": "basket_sum", "subtopic": "decimal_prices", "prompt": "You’re buying 5 items: $3.89, $6.17, $7.77, $2.50, $4.23. About how much will you pay (before tax)?", "split": "test", "exact_value": 24.56}
{"id": "basket_sum_001054", "topic": "basket_sum", "subtopic": "decimal_prices", "prompt": "You’re buying 6 items: $5.74, $9.88, $5.71, $17.62, $13.28, $3.49. About how much will you pay (before tax)?", "split": "test", "exact_value": 55.72}
{"id": "basket_sum_001055", "topic": "basket_sum", "subtopic": "decimal_prices", "prompt": "You’re buying 3 items: $19.45, $10.16, $7.77. About how much will you pay (before tax)?", "split": "test", "exact_value": 37.38}
{"id": "basket_sum_001056", "topic": "basket_sum", "subtopic": "decimal_prices", "prompt": "You’re buying 5 items: $8.49, $17.24, $18.40, $3.27, $7.83. About how much will you pay (before tax)?", "split": "test", "exact_value": 55.23}
{"id": "basket_sum_001057", "topic": "basket_sum", "subtopic": "decimal_prices", "prompt": "You’re buying 5 items: $7.96, $13.89, $10.50, $5.84, $17.60. About how much will you pay (before tax)?", "split": "test", "exact_value": 55.79}
{"id": "basket_sum_001058", "topic": "basket_sum", "subtopic": "decimal_prices", "prompt": "You’re buying 3 items: $12.71, $13.15, $15.02. About how much will you pay (before tax)?", "split": "test", "exact_value": 40.88}
{"id": "basket_sum_001059", "topic": "basket_sum", "subtopic": "decimal_prices", "prompt": "You’re buying 4 items: $14.23, $11.56, $3.76, $2.81. About how much will you pay (before tax)?", "split": "test", "exact_value": 32.36}
{"id": "basket_sum_001060", "topic": "basket_sum", "subtopic": "decimal_prices", "prompt": "You’re buying 6 items: $3.83, $8.46, $2.19, $8.24, $9.67, $2.59. About how much will you pay (before tax)?", "split": "test", "exact_value": 34.98}
{"id": "basket_sum_001061", "topic": "basket_sum", "subtopic": "decimal_prices", "prompt": "You’re buying 6 items: $9.78, $11.06, $16.50, $2.89, $4.25, $2.87. About how much will you pay (before tax)?", "split": "test", "exact_value": 47.35}
{"id": "basket_sum_001062", "topic": "basket_sum", "subtopic": "decimal_prices", "prompt": "You’re buying 6 items: $15.54, $4.62, $7.10, $6.88, $19.92, $10.13. About how much will you pay (before tax)?", "split": "test", "exact_value": 64.19}
{"id": "basket_sum_001063", "topic": "basket_sum", "subtopic": "decimal_prices", "prompt": "You’re buying 6 items: $2.99, $9.52, $11.26, $19.00, $3.58, $4.89. About how much will you pay (before tax)?", "split": "test", "exact_value": 51.24}
{"id": "basket_sum_001064", "topic": "basket_sum", "subtopic": "decimal_prices", "prompt": "You’re buying 3 items: $19.76, $15.65, $1.99. About how much will you pay (before tax)?", "split": "test", "exact_value": 37.4}
{"id": "basket_sum_001065", "topic": "basket_sum", "subtopic": "decimal_prices", "prompt": "You’re buying 5 items: $15.95, $19.58, $4.89, $4.85, $1.23. About how much will you pay (before tax)?", "split": "test", "exact_value": 46.5}
{"id": "basket_sum_001066", "topic": "basket_sum", "subtopic": "decimal_prices", "prompt": "You’re buying 6 items: $5.97, $13.00, $2.39, $2.12, $8.57, $6.52. About how much will you pay (before tax)?", "split": "test", "exact_value": 38.57}
{"id": "basket_sum_001067", "topic": "basket_sum", "subtopic": "decimal_prices", "prompt": "You’re buying 6 items: $17.52, $10.87, $13.65, $5.77, $16.74, $2.56. About how much will you pay (before tax)?", "split": "test", "exact_value": 67.11}
{"id": "basket_sum_001068", "topic": "basket_sum", "subtopic": "decimal_prices", "prompt": "You’re buying 6 items: $7.36, $15.25, $3.95, $7.50, $8.84, $9.92. About how much will you pay (before tax)?", "split": "test", "exact_value": 52.82}
{"id": "basket_sum_001069", "topic": "basket_sum", "subtopic": "decimal_prices", "prompt": "You’re buying 4 items: $19.33, $9.18, $18.31, $11.74. About how much will you pay (before tax)?", "split": "test", "exact_value": 58.56}
{"id": "basket_sum_001070", "topic": "basket_sum", "subtopic": "decimal_prices", "prompt": "You’re buying 3 items: $11.56, $17.95, $4.60. About how much will you pay (before tax)?", "split": "test", "exact_value": 34.11}
{"id": "basket_sum_001071", "topic": "basket_sum", "subtopic": "decimal_prices", "prompt": "You’re buying 4 items: $7.01, $19.73, $18.82, $15.05. About how much will you pay (before tax)?", "split": "test", "exact_value": 60.61}
{"id": "basket_sum_001072", "topic": "basket_sum", "subtopic": "decimal_prices", "prompt": "You’re buying 5 items: $1.06, $18.00, $18.72, $10.38, $6.87. About how much will you pay (before tax)?", "split": "test", "exact_value": 55.03}
{"id": "basket_sum_001073", "topic": "basket_sum", "subtopic": "decimal_prices", "prompt": "You’re buying 6 items: $5.84, $14.66, $19.76, $18.90, $17.25, $12.97. About how much will you pay (before tax)?", "split": "test", "exact_value": 89.38}
{"id": "basket_sum_001074", "topic": "basket_sum", "subtopic": "decimal_prices", "prompt": "You’re buying 3 items: $1.49, $15.11, $4.39. About how much will you pay (before tax)?", "split": "test", "exact_value": 20.99}
{"id": "basket_sum_001075", "topic": "basket_sum", "subtopic": "decimal_prices", "prompt": "You’re buying 4 items: $12.33, $4.94, $4.82, $4.46. About how much will you pay (before tax)?", "split": "test", "exact_value": 26.55}
{"id": "basket_sum_001076", "topic": "basket_sum", "subtopic": "decimal_prices", "prompt": "You’re buying 3 items: $7.90, $7.77, $6.59. About how much will you pay (before tax)?", "split": "test", "exact_value": 22.26}
{"id": "basket_sum_001077", "topic": "basket_sum", "subtopic": "decimal_prices", "prompt": "You’re buying 5 items: $10.43, $17.45, $14.22, $13.25, $9.55. About how much will you pay (before tax)?", "split": "test", "exact_value": 64.9}
{"id": "basket_sum_001078", "topic": "basket_sum", "subtopic": "decimal_prices", "prompt": "You’re buying 6 items: $7.54, $16.69, $8.97, $19.49, $7.24, $18.58. About how much will you pay (before tax)?", "split": "test", "exact_value": 78.51}
{"id": "basket_sum_001079", "topic": "basket_sum", "subtopic": "decimal_prices", "prompt": "You’re buying 6 items: $9.01, $4.19, $12.21, $11.21, $8.12, $17.02. About how much will you pay (before tax)?", "split": "test", "exact_value": 61.76}
{"id": "basket_sum_001080", "topic": "basket_sum", "subtopic": "decimal_prices", "prompt": "You’re buying 6 items: $12.96, $14.27, $18.80, $18.18, $2.70, $2.47. About how much will you pay (before tax)?", "split": "test", "exact_value": 69.38}
{"id": "basket_sum_001081", "topic": "basket_sum", "subtopic": "decimal_prices", "prompt": "You’re buying 3 items: $2.51, $1.11, $18.69. About how much will you pay (before tax)?", "split": "test", "exact_value": 22.31}
{"id": "basket_sum_001082", "topic": "basket_sum", "subtopic": "decimal_prices", "prompt": "You’re buying 3 items: $10.32, $15.22, $18.59. About how much will you pay (before tax)?", "split": "test", "exact_value": 44.13}
{"id": "basket_sum_001083", "topic": "basket_sum", "subtopic": "decimal_prices", "prompt": "You’re buying 3 items: $12.95, $10.45, $16.26. About how much will you pay (before tax)?", "split": "test", "exact_value": 39.66}
{"id": "basket_sum_001084", "topic": "basket_sum", "subtopic": "decimal_prices", "prompt": "You’re buying 5 items: $17.14, $4.86, $15.71, $11.38, $2.99. About how much will you pay (before tax)?", "split": "test", "exact_value": 52.08}
{"id": "basket_sum_001085", "topic": "basket_sum", "subtopic": "decimal_prices", "prompt": "You’re buying 6 items: $19.04, $7.52, $16.03, $9.70, $18.22, $13.17. About how much will you pay (before tax)?", "split": "test", "exact_value": 83.68}
{"id": "basket_sum_001086", "topic": "basket_sum", "subtopic": "decimal_prices", "prompt": "You’re buying 6 items: $0.94, $7.98, $5.09, $6.24, $17.68, $5.87. About how much will you pay (before tax)?", "split": "test", "exact_value": 43.8}
{"id": "basket_sum_001087", "topic": "basket_sum", "subtopic": "decimal_prices", "prompt": "You’re buying 6 items: $13.72, $0.87, $18.24, $1.42, $1.29, $15.97. About how much will you pay (before tax)?", "split": "test", "exact_value": 51.51}
{"id": "basket_sum_001088", "topic": "basket_sum", "subtopic": "decimal_prices", "prompt": "You’re buying 5 items: $7.22, $19.21, $19.85, $5.43, $19.48. About how much will you pay (before tax)?", "split": "test", "exact_value": 71.19}
{"id": "basket_sum_001089", "topic": "basket_sum", "subtopic": "decimal_prices", "prompt": "You’re buying 4 items: $12.62, $8.34, $1.78, $18.68. About how much will you pay (before tax)?", "split": "test", "exact_value": 41.42}
{"id": "basket_sum_001090", "topic": "basket_sum", "subtopic": "decimal_prices", "prompt": "You’re buying 6 items: $3.26, $13.01, $19.56, $4.13, $18.15, $10.72. About how much will you pay (before tax)?", "split": "test", "exact_value": 68.83}
{"id": "basket_sum_001091", "topic": "basket_sum", "subtopic": "decimal_prices", "prompt": "You’re buying 6 items: $5.22, $14.42, $3.22, $3.06, $11.87, $8.32. About how much will you pay (before tax)?", "split": "test", "exact_value": 46.11}
{"id": "basket_sum_001092", "topic": "basket_sum", "subtopic": "decimal_prices", "prompt": "You’re buying 5 items: $16.87, $3.84, $6.98, $2.58, $1.28. About how much will you pay (before tax)?", "split": "test", "exact_value": 31.55}
{"id": "basket_sum_001093", "topic": "basket_sum", "subtopic": "decimal_prices", "prompt": "You’re buying 3 items: $12.86, $12.18, $1.32. About how much will you pay (before tax)?", "split": "test", "exact_value": 26.36}
{"id": "basket_sum_001094", "topic": "basket_sum", "subtopic": "decimal_prices", "prompt": "You’re buying 3 items: $11.77, $1.28, $14.89. About how much will you pay (before tax)?", "split": "test", "exact_value": 27.94}
{"id": "basket_sum_001095", "topic": "basket_sum", "subtopic": "decimal_prices", "prompt": "You’re buying 6 items: $12.97, $15.72, $4.37, $13.32, $5.05, $4.51. About how much will you pay (before tax)?", "split": "test", "exact_value": 55.94}
{"id": "basket_sum_001096", "topic": "basket_sum", "subtopic": "decimal_prices", "prompt": "You’re buying 4 items: $14.74, $16.29, $8.05, $5.79. About how much will you pay (before tax)?", "split": "test", "exact_value": 44.87}
{"id": "basket_sum_001097", "topic": "basket_sum", "subtopic": "decimal_prices", "prompt": "You’re buying 3 items: $6.07, $18.74, $12.84. About how much will you pay (before tax)?", "split": "test", "exact_value": 37.65}
{"id": "basket_sum_001098", "topic": "basket_sum", "subtopic": "decimal_prices", "prompt": "You’re buying 3 items: $2.92, $18.59, $3.15. About how much will you pay (before tax)?", "split": "test", "exact_value": 24.66}
{"id": "basket_sum_001099", "topic": "basket_sum", "subtopic": "decimal_prices", "prompt": "You’re buying 4 items: $6.21, $17.97, $2.57, $10.28. About how much will you pay (before tax)?", "split": "test", "exact_value": 37.03}
{"id": "basket_sum_001100", "topic": "basket_sum", "subtopic": "decimal_prices", "prompt": "You’re buying 5 items: $18.31, $4.78, $2.72, $16.06, $8.73. About how much will you pay (before tax)?", "split": "test", "exact_value": 50.6}
{"id": "basket_sum_001101", "topic": "basket_sum", "subtopic": "decimal_prices", "prompt": "You’re buying 6 items: $19.21, $2.26, $13.99, $7.99, $6.81, $18.23. About how much will you pay (before tax)?", "split": "test", "exact_value": 68.49}
{"id": "basket_sum_001102", "topic": "basket_sum", "subtopic": "decimal_prices", "prompt": "You’re buying 4 items: $4.24, $0.98, $4.22, $11.68. About how much will you pay (before tax)?", "split": "test", "exact_value": 21.12}
{"id": "basket_sum_001103", "topic": "basket_sum", "subtopic": "decimal_prices", "prompt": "You’re buying 3 items: $3.04, $7.37, $7.45. About how much will you pay (before tax)?", "split": "test", "exact_value": 17.86}
{"id": "basket_sum_001104", "topic": "basket_sum", "subtopic": "decimal_prices", "prompt": "You’re buying 3 items: $3.83, $15.03, $18.58. About how much will you pay (before tax)?", "split": "test", "exact_value": 37.44}
{"id": "basket_sum_001105", "topic": "basket_sum", "subtopic": "decimal_prices", "prompt": "You’re buying 4 items: $12.43, $11.08, $10.74, $15.40. About how much will you pay (before tax)?", "split": "test", "exact_value": 49.65}
{"id": "basket_sum_001106", "topic": "basket_sum", "subtopic": "decimal_prices", "prompt": "You’re buying 4 items: $17.43, $2.99, $4.96, $7.08. About how much will you pay (before tax)?", "split": "test", "exact_value": 32.46}
{"id": "basket_sum_001107", "topic": "basket_sum", "subtopic": "decimal_prices", "prompt": "You’re buying 4 items: $2.39, $14.07, $3.22, $6.04. About how much will you pay (before tax)?", "split": "test", "exact_value": 25.72}
{"id": "basket_sum_001108", "topic": "basket_sum", "subtopic": "decimal_prices", "prompt": "You’re buying 4 items: $19.09, $7.48, $11.38, $6.44. About how much will you pay (before tax)?", "split": "test", "exact_value": 44.39}
{"id": "basket_sum_001109", "topic": "basket_sum", "subtopic": "decimal_prices", "prompt": "You’re buying 6 items: $9.16, $18.96, $18.50, $5.59, $4.59, $17.03. About how much will you pay (before tax)?", "split": "test", "exact_value": 73.83}
{"id": "basket_sum_001110", "topic": "basket_sum", "subtopic": "decimal_prices", "prompt": "You’re buying 5 items: $19.26, $2.77, $16.02, $12.07, $3.97. About how much will you pay (before tax)?", "split": "test", "exact_value": 54.09}
{"id": "basket_sum_001111", "topic": "basket_sum", "subtopic": "decimal_prices", "prompt": "You’re buying 4 items: $19.10, $10.16, $17.74, $8.93. About how much will you pay (before tax)?", "split": "test", "exact_value": 55.93}
{"id": "basket_sum_001112", "topic": "basket_sum", "subtopic": "decimal_prices", "prompt": "You’re buying 5 items: $16.46, $12.75, $12.45, $9.03, $11.68. About how much will you pay (before tax)?", "split": "test", "exact_value": 62.37}
{"id": "basket_sum_001113", "topic": "basket_sum", "subtopic": "decimal_prices", "prompt": "You’re buying 5 items: $18.03, $16.52, $9.42, $17.87, $19.19. About how much will you pay (before tax)?", "split": "test", "exact_value": 81.03}
{"id": "basket_sum_001114", "topic": "basket_sum", "subtopic": "decimal_prices", "prompt": "You’re buying 5 items: $12.06, $6.42, $16.66, $13.18, $19.32. About how much will you pay (before tax)?", "split": "test", "exact_value": 67.64}
{"id": "basket_sum_001115", "topic": "basket_sum", "subtopic": "decimal_prices", "prompt": "You’re buying 5 items: $8.44, $2.99, $16.32, $9.03, $4.36. About how much will you pay (before tax)?", "split": "test", "exact_value": 41.14}
{"id": "basket_sum_001116", "topic": "basket_sum", "subtopic": "decimal_prices", "prompt": "You’re buying 4 items: $2.18, $13.40, $7.93, $15.76. About how much will you pay (before tax)?", "split": "test", "exact_value": 39.27}
{"id": "basket_sum_001117", "topic": "basket_sum", "subtopic": "decimal_prices", "prompt": "You’re buying 3 items: $0.97, $14.01, $14.55. About how much will you pay (before tax)?", "split": "test", "exact_value": 29.53}
{"id": "basket_sum_001118", "topic": "basket_sum", "subtopic": "decimal_prices", "prompt": "You’re buying 4 items: $9.73, $16.06, $18.05, $11.57. About how much will you pay (before tax)?", "split": "test", "exact_value": 55.41}
{"id": "basket_sum_001119", "topic": "basket_sum", "subtopic": "decimal_prices", "prompt": "You’re buying 6 items: $6.24, $4.86, $4.97, $11.56, $14.54, $18.96. About how much will you pay (before tax)?", "split": "test", "exact_value": 61.13}
{"id": "basket_sum_001120", "topic": "basket_sum", "subtopic": "decimal_prices", "prompt": "You’re buying 3 items: $11.81, $13.20, $13.89. About how much will you pay (before tax)?", "split": "test", "exact_value": 38.9}
{"id": "basket_sum_001121", "topic": "basket_sum", "subtopic": "decimal_prices", "prompt": "You’re buying 6 items: $6.89, $6.94, $4.57, $16.20, $10.36, $19.80. About how much will you pay (before tax)?", "split": "test", "exact_value": 64.76}
{"id": "basket_sum_001122", "topic": "basket_sum", "subtopic": "decimal_prices", "prompt": "You’re buying 6 items: $3.08, $9.48, $12.34, $12.14, $5.33, $1.20. About how much will you pay (before tax)?", "split": "test", "exact_value": 43.57}
{"id": "basket_sum_001123", "topic": "basket_sum", "subtopic": "decimal_prices", "prompt": "You’re buying 3 items: $13.15, $17.23, $19.76. About how much will you pay (before tax)?", "split": "test", "exact_value": 50.14}
{"id": "basket_sum_001124", "topic": "basket_sum", "subtopic": "decimal_prices", "prompt": "You’re buying 6 items: $6.25, $16.95, $8.52, $17.99, $18.42, $1.54. About how much will you pay (before tax)?", "split": "test", "exact_value": 69.67}
{"id": "basket_sum_001125", "topic": "basket_sum", "subtopic": "decimal_prices", "prompt": "You’re buying 3 items: $2.12, $2.62, $16.20. About how much will you pay (before tax)?", "split": "test", "exact_value": 20.94}
{"id": "basket_sum_001126", "topic": "basket_sum", "subtopic": "decimal_prices", "prompt": "You’re buying 5 items: $6.06, $15.26, $8.48, $11.47, $6.80. About how much will you pay (before tax)?", "split": "test", "exact_value": 48.07}
{"id": "basket_sum_001127", "topic": "basket_sum", "subtopic": "decimal_prices", "prompt": "You’re buying 3 items: $8.34, $14.16, $9.52. About how much will you pay (before tax)?", "split": "test", "exact_value": 32.02}
{"id": "basket_sum_001128", "topic": "basket_sum", "subtopic": "decimal_prices", "prompt": "You’re buying 3 items: $16.98, $18.79, $2.76. About how much will you pay (before tax)?", "split": "test", "exact_value": 38.53}
{"id": "basket_sum_001129", "topic": "basket_sum", "subtopic": "decimal_prices", "prompt": "You’re buying 4 items: $1.71, $0.99, $2.81, $6.99. About how much will you pay (before tax)?", "split": "test", "exact_value": 12.5}
{"id": "basket_sum_001130", "topic": "basket_sum", "subtopic": "decimal_prices", "prompt": "You’re buying 6 items: $5.14, $2.48, $14.69, $16.39, $16.46, $11.11. About how much will you pay (before tax)?", "split": "test", "exact_value": 66.27}
{"id": "basket_sum_001131", "topic": "basket_sum", "subtopic": "decimal_prices", "prompt": "You’re buying 3 items: $18.72, $17.46, $5.78. About how much will you pay (before tax)?", "split": "test", "exact_value": 41.96}
{"id": "basket_sum_001132", "topic": "basket_sum", "subtopic": "decimal_prices", "prompt": "You’re buying 3 items: $2.92, $18.98, $2.23. About how much will you pay (before tax)?", "split": "test", "exact_value": 24.13}
{"id": "basket_sum_001133", "topic": "basket_sum", "subtopic": "decimal_prices", "prompt": "You’re buying 5 items: $14.00, $15.99, $8.08, $14.20, $18.55. About how much will you pay (before tax)?", "split": "test", "exact_value": 70.82}
{"id": "basket_sum_001134", "topic": "basket_sum", "subtopic": "decimal_prices", "prompt": "You’re buying 6 items: $3.09, $6.92, $3.63, $12.01, $17.11, $17.98. About how much will you pay (before tax)?", "split": "test", "exact_value": 60.74}
{"id": "basket_sum_001135", "topic": "basket_sum", "subtopic": "decimal_prices", "prompt": "You’re buying 6 items: $13.62, $10.81, $5.41, $9.97, $10.20, $6.18. About how much will you pay (before tax)?", "split": "test", "exact_value": 56.19}
{"id": "basket_sum_001136", "topic": "basket_sum", "subtopic": "decimal_prices", "prompt": "You’re buying 6 items: $5.13, $5.86, $6.48, $2.38, $11.51, $17.55. About how much will you pay (before tax)?", "split": "test", "exact_value": 48.91}
{"id": "basket_sum_001137", "topic": "basket_sum", "subtopic": "decimal_prices", "prompt": "You’re buying 4 items: $14.13, $2.23, $10.29, $4.87. About how much will you pay (before tax)?", "split": "test", "exact_value": 31.52}
{"id": "basket_sum_001138", "topic": "basket_sum", "subtopic": "decimal_prices", "prompt": "You’re buying 4 items: $9.78, $8.18, $10.15, $7.33. About how much will you pay (before tax)?", "split": "test", "exact_value": 35.44}
{"id": "basket_sum_001139", "topic": "basket_sum", "subtopic": "decimal_prices", "prompt": "You’re buying 5 items: $15.39, $6.78, $9.51, $3.75, $10.48. About how much will you pay (before tax)?", "split": "test", "exact_value": 45.91}
{"id": "basket_sum_001140", "topic": "basket_sum", "subtopic": "decimal_prices", "prompt": "You’re buying 4 items: $4.99, $7.77, $19.51, $17.45. About how much will you pay (before tax)?", "split": "test", "exact_value": 49.72}
{"id": "basket_sum_001141", "topic": "basket_sum", "subtopic": "decimal_prices", "prompt": "You’re buying 4 items: $15.77, $4.40, $6.12, $3.94. About how much will you pay (before tax)?", "split": "test", "exact_value": 30.23}
{"id": "basket_sum_001142", "topic": "basket_sum", "subtopic": "decimal_prices", "prompt": "You’re buying 5 items: $19.06, $11.87, $2.75, $9.64, $2.85. About how much will you pay (before tax)?", "split": "test", "exact_value": 46.17}
{"id": "basket_sum_001143", "topic": "basket_sum", "subtopic": "decimal_prices", "prompt": "You’re buying 3 items: $5.41, $17.96, $4.38. About how much will you pay (before tax)?", "split": "test", "exact_value": 27.75}
{"id": "basket_sum_001144", "topic": "basket_sum", "subtopic": "decimal_prices", "prompt": "You’re buying 3 items: $9.93, $10.98, $7.55. About how much will you pay (before tax)?", "split": "test", "exact_value": 28.46}
{"id": "basket_sum_001145", "topic": "basket_sum", "subtopic": "decimal_prices", "prompt": "You’re buying 3 items: $18.59, $2.40, $9.07. About how much will you pay (before tax)?", "split": "test", "exact_value": 30.06}
{"id": "basket_sum_001146", "topic": "basket_sum", "subtopic": "decimal_prices", "prompt": "You’re buying 4 items: $8.41, $9.06, $7.20, $9.26. About how much will you pay (before tax)?", "split": "test", "exact_value": 33.93}
{"id": "basket_sum_001147", "topic": "basket_sum", "subtopic": "decimal_prices", "prompt": "You’re buying 5 items: $2.67, $13.24, $14.84, $8.90, $6.43. About how much will you pay (before tax)?", "split": "test", "exact_value": 46.08}
{"id": "basket_sum_001148", "topic": "basket_sum", "subtopic": "decimal_prices", "prompt": "You’re buying 6 items: $4.18, $6.09, $12.45, $10.75, $2.89, $1.75. About how much will you pay (before tax)?", "split": "test", "exact_value": 38.11}
{"id": "basket_sum_001149", "topic": "basket_sum", "subtopic": "decimal_prices", "prompt": "You’re buying 4 items: $19.20, $5.01, $1.81, $1.48. About how much will you pay (before tax)?", "split": "test", "exact_value": 27.5}
{"id": "basket_sum_001150", "topic": "basket_sum", "subtopic": "decimal_prices", "prompt": "You’re buying 5 items: $5.37, $11.01, $6.08, $17.74, $14.22. About how much will you pay (before tax)?", "split": "test", "exact_value": 54.42}
{"id": "basket_sum_001151", "topic": "basket_sum", "subtopic": "decimal_prices", "prompt": "You’re buying 6 items: $8.31, $2.74, $14.88, $17.68, $5.94, $4.74. About how much will you pay (before tax)?", "split": "test", "exact_value": 54.29}
{"id": "basket_sum_001152", "topic": "basket_sum", "subtopic": "decimal_prices", "prompt": "You’re buying 4 items: $7.46, $6.32, $12.24, $14.88. About how much will you pay (before tax)?", "split": "test", "exact_value": 40.9}
{"id": "basket_sum_001153", "topic": "basket_sum", "subtopic": "decimal_prices", "prompt": "You’re buying 3 items: $4.34, $18.22, $12.73. About how much will you pay (before tax)?", "split": "test", "exact_value": 35.29}
{"id": "basket_sum_001154", "topic": "basket_sum", "subtopic": "decimal_prices", "prompt": "You’re buying 5 items: $17.16, $14.00, $4.06, $13.87, $3.99. About how much will you pay (before tax)?", "split": "test", "exact_value": 53.08}
{"id": "basket_sum_001155", "topic": "basket_sum", "subtopic": "decimal_prices", "prompt": "You’re buying 5 items: $18.07, $3.51, $1.03, $9.90, $7.20. About how much will you pay (before tax)?", "split": "test", "exact_value": 39.71}
{"id": "basket_sum_001156", "topic": "basket_sum", "subtopic": "decimal_prices", "prompt": "You’re buying 4 items: $19.50, $17.71, $4.07, $15.39. About how much will you pay (before tax)?", "split": "test", "exact_value": 56.67}
{"id": "basket_sum_001157", "topic": "basket_sum", "subtopic": "decimal_prices", "prompt": "You’re buying 3 items: $12.19, $19.41, $11.99. About how much will you pay (before tax)?", "split": "test", "exact_value": 43.59}
{"id": "basket_sum_001158", "topic": "basket_sum", "subtopic": "decimal_prices", "prompt": "You’re buying 6 items: $17.56, $9.86, $1.66, $1.12, $13.85, $6.37. About how much will you pay (before tax)?", "split": "test", "exact_value": 50.42}
{"id": "basket_sum_001159", "topic": "basket_sum", "subtopic": "decimal_prices", "prompt": "You’re buying 4 items: $10.88, $4.00, $3.60, $2.59. About how much will you pay (before tax)?", "split": "test", "exact_value": 21.07}
{"id": "basket_sum_001160", "topic": "basket_sum", "subtopic": "decimal_prices", "prompt": "You’re buying 5 items: $16.22, $7.24, $10.21, $7.52, $11.27. About how much will you pay (before tax)?", "split": "test", "exact_value": 52.46}
{"id": "basket_sum_001161", "topic": "basket_sum", "subtopic": "decimal_prices", "prompt": "You’re buying 6 items: $5.66, $9.60, $16.68, $6.57, $7.20, $10.73. About how much will you pay (before tax)?", "split": "test", "exact_value": 56.44}
{"id": "basket_sum_001162", "topic": "basket_sum", "subtopic": "decimal_prices", "prompt": "You’re buying 6 items: $2.96, $13.96, $14.77, $1.19, $19.58, $17.23. About how much will you pay (before tax)?", "split": "test", "exact_value": 69.69}
{"id": "basket_sum_001163", "topic": "basket_sum", "subtopic": "decimal_prices", "prompt": "You’re buying 4 items: $7.65, $1.38, $11.88, $14.15. About how much will you pay (before tax)?", "split": "test", "exact_value": 35.06}
{"id": "basket_sum_001164", "topic": "basket_sum", "subtopic": "decimal_prices", "prompt": "You’re buying 6 items: $7.69, $15.08, $4.51, $19.12, $13.05, $19.33. About how much will you pay (before tax)?", "split": "test", "exact_value": 78.78}
{"id": "basket_sum_001165", "topic": "basket_sum", "subtopic": "decimal_prices", "prompt": "You’re buying 6 items: $19.75, $17.61, $4.15, $18.27, $7.49, $7.15. About how much will you pay (before tax)?", "split": "test", "exact_value": 74.42}
{"id": "basket_sum_001166", "topic": "basket_sum", "subtopic": "decimal_prices", "prompt": "You’re buying 6 items: $18.94, $6.09, $4.45, $11.92, $14.27, $16.81. About how much will you pay (before tax)?", "split": "test", "exact_value": 72.48}
{"id": "basket_sum_001167", "topic": "basket_sum", "subtopic": "decimal_prices", "prompt": "You’re buying 3 items: $9.11, $9.53, $19.38. About how much will you pay (before tax)?", "split": "test", "exact_value": 38.02}
{"id": "basket_sum_001168", "topic": "basket_sum", "subtopic": "decimal_prices", "prompt": "You’re buying 5 items: $6.33, $19.40, $10.37, $13.95, $9.74. About how much will you pay (before tax)?", "split": "test", "exact_value": 59.79}
{"id": "basket_sum_001169", "topic": "basket_sum", "subtopic": "decimal_prices", "prompt": "You’re buying 4 items: $10.84, $6.35, $11.51, $3.91. About how much will you pay (before tax)?", "split": "test", "exact_value": 32.61}
{"id": "basket_sum_001170", "topic": "basket_sum", "subtopic": "decimal_prices", "prompt": "You’re buying 6 items: $6.32, $16.15, $1.09, $1.58, $6.22, $12.18. About how much will you pay (before tax)?", "split": "test", "exact_value": 43.54}
{"id": "basket_sum_001171", "topic": "basket_sum", "subtopic": "decimal_prices", "prompt": "You’re buying 3 items: $10.17, $0.89, $7.55. About how much will you pay (before tax)?", "split": "test", "exact_value": 18.61}
{"id": "basket_sum_001172", "topic": "basket_sum", "subtopic": "decimal_prices", "prompt": "You’re buying 3 items: $1.75, $3.43, $17.66. About how much will you pay (before tax)?", "split": "test", "exact_value": 22.84}
{"id": "basket_sum_001173", "topic": "basket_sum", "subtopic": "decimal_prices", "prompt": "You’re buying 4 items: $19.10, $14.48, $3.53, $14.86. About how much will you pay (before tax)?", "split": "test", "exact_value": 51.97}
{"id": "basket_sum_001174", "topic": "basket_sum", "subtopic": "decimal_prices", "prompt": "You’re buying 6 items: $12.03, $2.34, $4.99, $9.88, $7.60, $16.37. About how much will you pay (before tax)?", "split": "test", "exact_value": 53.21}
{"id": "basket_sum_001175", "topic": "basket_sum", "subtopic": "decimal_prices", "prompt": "You’re buying 6 items: $8.90, $19.35, $2.67, $5.81, $6.59, $6.76. About how much will you pay (before tax)?", "split": "test", "exact_value": 50.08}
{"id": "basket_sum_001176", "topic": "basket_sum", "subtopic": "decimal_prices", "prompt": "You’re buying 6 items: $13.83, $6.98, $11.89, $13.91, $4.62, $3.40. About how much will you pay (before tax)?", "split": "test", "exact_value": 54.63}
{"id": "basket_sum_001177", "topic": "basket_sum", "subtopic": "decimal_prices", "prompt": "You’re buying 4 items: $6.57, $2.43, $11.67, $12.85. About how much will you pay (before tax)?", "split": "test", "exact_value": 33.52}
{"id": "basket_sum_001178", "topic": "basket_sum", "subtopic": "decimal_prices", "prompt": "You’re buying 4 items: $8.01, $17.61, $9.18, $3.45. About how much will you pay (before tax)?", "split": "test", "exact_value": 38.25}
{"id": "basket_sum_001179", "topic": "basket_sum", "subtopic": "decimal_prices", "prompt": "You’re buying 6 items: $14.12, $10.46, $13.95, $7.66, $7.59, $9.75. About how much will you pay (before tax)?", "split": "test", "exact_value": 63.53}
{"id": "basket_sum_001180", "topic": "basket_sum", "subtopic": "decimal_prices", "prompt": "You’re buying 6 items: $9.65, $18.31, $1.30, $15.51, $2.49, $3.49. About how much will you pay (before tax)?", "split": "test", "exact_value": 50.75}
{"id": "basket_sum_001181", "topic": "basket_sum", "subtopic": "decimal_prices", "prompt": "You’re buying 5 items: $15.89, $11.93, $7.95, $12.71, $18.07. About how much will you pay (before tax)?", "split": "test", "exact_value": 66.55}
{"id": "basket_sum_001182", "topic": "basket_sum", "subtopic": "decimal_prices", "prompt": "You’re buying 5 items: $1.82, $17.02, $3.21, $13.66, $9.68. About how much will you pay (before tax)?", "split": "test", "exact_value": 45.39}
{"id": "basket_sum_001183", "topic": "basket_sum", "subtopic": "decimal_prices", "prompt": "You’re buying 6 items: $16.90, $2.42, $5.98, $19.72, $2.85, $12.20. About how much will you pay (before tax)?", "split": "test", "exact_value": 60.07}
{"id": "basket_sum_001184", "topic": "basket_sum", "subtopic": "decimal_prices", "prompt": "You’re buying 5 items: $11.65, $14.05, $17.38, $3.12, $12.01. About how much will you pay (before tax)?", "split": "test", "exact_value": 58.21}
{"id": "basket_sum_001185", "topic": "basket_sum", "subtopic": "decimal_prices", "prompt": "You’re buying 3 items: $14.26, $10.70, $11.58. About how much will you pay (before tax)?", "split": "test", "exact_value": 36.54}
{"id": "basket_sum_001186", "topic": "basket_sum", "subtopic": "decimal_prices", "prompt": "You’re buying 6 items: $3.41, $17.98, $13.07, $3.76, $12.85, $14.60. About how much will you pay (before tax)?", "split": "test", "exact_value": 65.67}
{"id": "basket_sum_001187", "topic": "basket_sum", "subtopic": "decimal_prices", "prompt": "You’re buying 3 items: $16.26, $12.76, $4.64. About how much will you pay (before tax)?", "split": "test", "exact_value": 33.66}
{"id": "basket_sum_001188", "topic": "basket_sum", "subtopic": "decimal_prices", "prompt": "You’re buying 3 items: $0.79, $12.38, $3.11. About how much will you pay (before tax)?", "split": "test", "exact_value": 16.28}
{"id": "basket_sum_001189", "topic": "basket_sum", "subtopic": "decimal_prices", "prompt": "You’re buying 3 items: $5.54, $2.78, $1.26. About how much will you pay (before tax)?", "split": "test", "exact_value": 9.58}
{"id": "basket_sum_001190", "topic": "basket_sum", "subtopic": "decimal_prices", "prompt": "You’re buying 6 items: $8.29, $18.57, $6.55, $10.08, $4.32, $5.30. About how much will you pay (before tax)?", "split": "test", "exact_value": 53.11}
{"id": "basket_sum_001191", "topic": "basket_sum", "subtopic": "decimal_prices", "prompt": "You’re buying 5 items: $16.57, $13.87, $17.29, $12.64, $9.09. About how much will you pay (before tax)?", "split": "test", "exact_value": 69.46}
{"id": "basket_sum_001192", "topic": "basket_sum", "subtopic": "decimal_prices", "prompt": "You’re buying 3 items: $4.34, $16.51, $13.41. About how much will you pay (before tax)?", "split": "test", "exact_value": 34.26}
{"id": "basket_sum_001193", "topic": "basket_sum", "subtopic": "decimal_prices", "prompt": "You’re buying 4 items: $10.61, $14.22, $4.64, $10.01. About how much will you pay (before tax)?", "split": "test", "exact_value": 39.48}
{"id": "basket_sum_001194", "topic": "basket_sum", "subtopic": "decimal_prices", "prompt": "You’re buying 5 items: $13.61, $19.20, $10.25, $13.61, $8.30. About how much will you pay (before tax)?", "split": "test", "exact_value": 64.97}
{"id": "basket_sum_001195", "topic": "basket_sum", "subtopic": "decimal_prices", "prompt": "You’re buying 3 items: $9.70, $16.41, $3.63. About how much will you pay (before tax)?", "split": "test", "exact_value": 29.74}
{"id": "basket_sum_001196", "topic": "basket_sum", "subtopic": "decimal_prices", "prompt": "You’re buying 5 items: $9.57, $11.62, $1.00, $6.60, $13.18. About how much will you pay (before tax)?", "split": "test", "exact_value": 41.97}
{"id": "basket_sum_001197", "topic": "basket_sum", "subtopic": "decimal_prices", "prompt": "You’re buying 6 items: $1.61, $18.21, $19.28, $9.77, $14.67, $6.11. About how much will you pay (before tax)?", "split": "test", "exact_value": 69.65}
{"id": "basket_sum_001198", "topic": "basket_sum", "subtopic": "decimal_prices", "prompt": "You’re buying 4 items: $7.66, $17.22, $10.45, $7.49. About how much will you pay (before tax)?", "split": "test", "exact_value": 42.82}
{"id": "basket_sum_001199", "topic": "basket_sum", "subtopic": "decimal_prices", "prompt": "You’re buying 6 items: $10.64, $4.14, $3.70, $13.38, $11.60, $9.61. About how much will you pay (before tax)?", "split": "test", "exact_value": 53.07}
{"id": "basket_sum_001200", "topic": "basket_sum", "subtopic": "decimal_prices", "prompt": "You’re buying 4 items: $6.13, $15.43, $6.61, $8.35. About how much will you pay (before tax)?", "split": "test", "exact_value": 36.52}
{"id": "basket_sum_001201", "topic": "basket_sum", "subtopic": "decimal_prices", "prompt": "You’re buying 6 items: $8.02, $9.85, $13.44, $11.85, $18.60, $15.68. About how much will you pay (before tax)?", "split": "test", "exact_value": 77.44}
{"id": "basket_sum_001202", "topic": "basket_sum", "subtopic": "decimal_prices", "prompt": "You’re buying 5 items: $3.27, $7.01, $19.13, $7.47, $12.65. About how much will you pay (before tax)?", "split": "test", "exact_value": 49.53}
{"id": "basket_sum_001203", "topic": "basket_sum", "subtopic": "decimal_prices", "prompt": "You’re buying 6 items: $2.09, $1.36, $14.86, $5.24, $13.56, $10.38. About how much will you pay (before tax)?", "split": "test", "exact_value": 47.49}
{"id": "basket_sum_001204", "topic": "basket_sum", "subtopic": "decimal_prices", "prompt": "You’re buying 6 items: $7.00, $5.24, $15.61, $18.40, $16.07, $2.81. About how much will you pay (before tax)?", "split": "test", "exact_value": 65.13}
{"id": "basket_sum_001205", "topic": "basket_sum", "subtopic": "decimal_prices", "prompt": "You’re buying 4 items: $14.77, $8.16, $19.48, $18.50. About how much will you pay (before tax)?", "split": "test", "exact_value": 60.91}
{"id": "basket_sum_001206", "topic": "basket_sum", "subtopic": "decimal_prices", "prompt": "You’re buying 3 items: $12.54, $2.99, $17.05. About how much will you pay (before tax)?", "split": "test", "exact_value": 32.58}
{"id": "basket_sum_001207", "topic": "basket_sum", "subtopic": "decimal_prices", "prompt": "You’re buying 3 items: $9.27, $7.98, $12.91. About how much will you pay (before tax)?", "split": "test", "exact_value": 30.16}
{"id": "basket_sum_001208", "topic": "basket_sum", "subtopic": "decimal_prices", "prompt": "You’re buying 3 items: $18.52, $6.96, $14.21. About how much will you pay (before tax)?", "split": "test", "exact_value": 39.69}
{"id": "basket_sum_001209", "topic": "basket_sum", "subtopic": "decimal_prices", "prompt": "You’re buying 6 items: $3.35, $13.03, $11.47, $4.55, $10.22, $13.82. About how much will you pay (before tax)?", "split": "test", "exact_value": 56.44}
{"id": "basket_sum_001210", "topic": "basket_sum", "subtopic": "decimal_prices", "prompt": "You’re buying 4 items: $4.65, $3.90, $16.42, $16.32. About how much will you pay (before tax)?", "split": "test", "exact_value": 41.29}
{"id": "basket_sum_001211", "topic": "basket_sum", "subtopic": "decimal_prices", "prompt": "You’re buying 4 items: $2.44, $1.26, $19.22, $2.64. About how much will you pay (before tax)?", "split": "test", "exact_value": 25.56}
{"id": "basket_sum_001212", "topic": "basket_sum", "subtopic": "decimal_prices", "prompt": "You’re buying 3 items: $16.34, $17.94, $7.69. About how much will you pay (before tax)?", "split": "test", "exact_value": 41.97}
{"id": "basket_sum_001213", "topic": "basket_sum", "subtopic": "decimal_prices", "prompt": "You’re buying 6 items: $11.70, $17.39, $7.33, $13.89, $19.18, $14.77. About how much will you pay (before tax)?", "split": "test", "exact_value": 84.26}
{"id": "basket_sum_001214", "topic": "basket_sum", "subtopic": "decimal_prices", "prompt": "You’re buying 6 items: $4.44, $4.77, $16.68, $10.41, $7.63, $18.07. About how much will you pay (before tax)?", "split": "test", "exact_value": 62.0}
{"id": "basket_sum_001215", "topic": "basket_sum", "subtopic": "decimal_prices", "prompt": "You’re buying 4 items: $16.18, $9.22, $12.80, $17.57. About how much will you pay (before tax)?", "split": "test", "exact_value": 55.77}
{"id": "basket_sum_001216", "topic": "basket_sum", "subtopic": "decimal_prices", "prompt": "You’re buying 3 items: $3.23, $10.72, $2.73. About how much will you pay (before tax)?", "split": "test", "exact_value": 16.68}
{"id": "basket_sum_001217", "topic": "basket_sum", "subtopic": "decimal_prices", "prompt": "You’re buying 6 items: $5.22, $12.34, $7.14, $5.09, $18.85, $18.50. About how much will you pay (before tax)?", "split": "test", "exact_value": 67.14}
{"id": "basket_sum_001218", "topic": "basket_sum", "subtopic": "decimal_prices", "prompt": "You’re buying 5 items: $8.29, $7.66, $17.54, $3.82, $6.32. About how much will you pay (before tax)?", "split": "test", "exact_value": 43.63}
{"id": "basket_sum_001219", "topic": "basket_sum", "subtopic": "decimal_prices", "prompt": "You’re buying 4 items: $17.17, $18.68, $10.39, $8.46. About how much will you pay (before tax)?", "split": "test", "exact_value": 54.7}
{"id": "basket_sum_001220", "topic": "basket_sum", "subtopic": "decimal_prices", "prompt": "You’re buying 3 items: $11.27, $17.91, $11.98. About how much will you pay (before tax)?", "split": "test", "exact_value": 41.16}
{"id": "basket_sum_001221", "topic": "basket_sum", "subtopic": "decimal_prices", "prompt": "You’re buying 5 items: $13.33, $1.41, $8.88, $4.64, $17.84. About how much will you pay (before tax)?", "split": "test", "exact_value": 46.1}
{"id": "basket_sum_001222", "topic": "basket_sum", "subtopic": "decimal_prices", "prompt": "You’re buying 3 items: $3.46, $11.29, $14.88. About how much will you pay (before tax)?", "split": "test", "exact_value": 29.63}
{"id": "basket_sum_001223", "topic": "basket_sum", "subtopic": "decimal_prices", "prompt": "You’re buying 3 items: $5.31, $2.19, $18.99. About how much will you pay (before tax)?", "split": "test", "exact_value": 26.49}
{"id": "basket_sum_001224", "topic": "basket_sum", "subtopic": "decimal_prices", "prompt": "You’re buying 3 items: $7.43, $2.15, $8.78. About how much will you pay (before tax)?", "split": "test", "exact_value": 18.36}
{"id": "basket_sum_001225", "topic": "basket_sum", "subtopic": "decimal_prices", "prompt": "You’re buying 3 items: $17.83, $9.98, $3.28. About how much will you pay (before tax)?", "split": "test", "exact_value": 31.09}
{"id": "basket_sum_001226", "topic": "basket_sum", "subtopic": "decimal_prices", "prompt": "You’re buying 3 items: $2.79, $10.32, $5.11. About how much will you pay (before tax)?", "split": "test", "exact_value": 18.22}
{"id": "basket_sum_001227", "topic": "basket_sum", "subtopic": "decimal_prices", "prompt": "You’re buying 5 items: $9.08, $6.62, $17.11, $19.44, $1.20. About how much will you pay (before tax)?", "split": "test", "exact_value": 53.45}
{"id": "basket_sum_001228", "topic": "basket_sum", "subtopic": "decimal_prices", "prompt": "You’re buying 3 items: $1.30, $15.80, $4.56. About how much will you pay (before tax)?", "split": "test", "exact_value": 21.66}
{"id": "basket_sum_001229", "topic": "basket_sum", "subtopic": "decimal_prices", "prompt": "You’re buying 6 items: $13.88, $14.96, $11.40, $1.79, $15.49, $14.14. About how much will you pay (before tax)?", "split": "test", "exact_value": 71.66}
{"id": "basket_sum_001230", "topic": "basket_sum", "subtopic": "decimal_prices", "prompt": "You’re buying 6 items: $14.26, $11.34, $3.01, $3.06, $12.61, $18.14. About how much will you pay (before tax)?", "split": "test", "exact_value": 62.42}
{"id": "basket_sum_001231", "topic": "basket_sum", "subtopic": "decimal_prices", "prompt": "You’re buying 5 items: $4.51, $9.17, $1.90, $5.25, $12.09. About how much will you pay (before tax)?", "split": "test", "exact_value": 32.92}
{"id": "basket_sum_001232", "topic": "basket_sum", "subtopic": "decimal_prices", "prompt": "You’re buying 4 items: $8.72, $15.24, $16.30, $11.09. About how much will you pay (before tax)?", "split": "test", "exact_value": 51.35}
{"id": "basket_sum_001233", "topic": "basket_sum", "subtopic": "decimal_prices", "prompt": "You’re buying 3 items: $19.82, $1.08, $14.61. About how much will you pay (before tax)?", "split": "test", "exact_value": 35.51}
{"id": "basket_sum_001234", "topic": "basket_sum", "subtopic": "decimal_prices", "prompt": "You’re buying 3 items: $2.26, $3.22, $4.26. About how much will you pay (before tax)?", "split": "test", "exact_value": 9.74}
{"id": "basket_sum_001235", "topic": "basket_sum", "subtopic": "decimal_prices", "prompt": "You’re buying 3 items: $6.82, $12.36, $17.89. About how much will you pay (before tax)?", "split": "test", "exact_value": 37.07}
{"id": "basket_sum_001236", "topic": "basket_sum", "subtopic": "decimal_prices", "prompt": "You’re buying 5 items: $3.28, $8.43, $13.42, $13.40, $2.26. About how much will you pay (before tax)?", "split": "test", "exact_value": 40.79}
{"id": "basket_sum_001237", "topic": "basket_sum", "subtopic": "decimal_prices", "prompt": "You’re buying 4 items: $10.29, $14.91, $7.64, $18.36. About how much will you pay (before tax)?", "split": "test", "exact_value": 51.2}
{"id": "basket_sum_001238", "topic": "basket_sum", "subtopic": "decimal_prices", "prompt": "You’re buying 4 items: $9.31, $6.60, $7.84, $11.38. About how much will you pay (before tax)?", "split": "test", "exact_value": 35.13}
{"id": "basket_sum_001239", "topic": "basket_sum", "subtopic": "decimal_prices", "prompt": "You’re buying 4 items: $10.91, $5.93, $14.19, $10.46. About how much will you pay (before tax)?", "split": "test", "exact_value": 41.49}
{"id": "basket_sum_001240", "topic": "basket_sum", "subtopic": "decimal_prices", "prompt": "You’re buying 3 items: $7.45, $8.68, $19.04. About how much will you pay (before tax)?", "split": "test", "exact_value": 35.17}
{"id": "basket_sum_001241", "topic": "basket_sum", "subtopic": "decimal_prices", "prompt": "You’re buying 6 items: $6.16, $4.70, $3.42, $19.53, $5.22, $15.03. About how much will you pay (before tax)?", "split": "test", "exact_value": 54.06}
{"id": "basket_sum_001242", "topic": "basket_sum", "subtopic": "decimal_prices", "prompt": "You’re buying 4 items: $3.15, $14.71, $15.92, $1.48. About how much will you pay (before tax)?", "split": "test", "exact_value": 35.26}
{"id": "basket_sum_001243", "topic": "basket_sum", "subtopic": "decimal_prices", "prompt": "You’re buying 4 items: $14.20, $13.27, $9.50, $2.98. About how much will you pay (before tax)?", "split": "test", "exact_value": 39.95}
{"id": "basket_sum_001244", "topic": "basket_sum", "subtopic": "decimal_prices", "prompt": "You’re buying 6 items: $16.85, $5.98, $12.08, $6.56, $19.32, $1.94. About how much will you pay (before tax)?", "split": "test", "exact_value": 62.73}
{"id": "basket_sum_001245", "topic": "basket_sum", "subtopic": "decimal_prices", "prompt": "You’re buying 6 items: $10.30, $17.36, $8.18, $1.64, $4.74, $4.33. About how much will you pay (before tax)?", "split": "test", "exact_value": 46.55}
{"id": "basket_sum_001246", "topic": "basket_sum", "subtopic": "decimal_prices", "prompt": "You’re buying 6 items: $11.01, $13.47, $1.39, $15.44, $18.78, $18.26. About how much will you pay (before tax)?", "split": "test", "exact_value": 78.35}
{"id": "basket_sum_001247", "topic": "basket_sum", "subtopic": "decimal_prices", "prompt": "You’re buying 5 items: $18.51, $18.21, $16.35, $12.14, $15.33. About how much will you pay (before tax)?", "split": "test", "exact_value": 80.54}
{"id": "basket_sum_001248", "topic": "basket_sum", "subtopic": "decimal_prices", "prompt": "You’re buying 5 items: $14.73, $12.72, $17.41, $15.82, $18.62. About how much will you pay (before tax)?", "split": "test", "exact_value": 79.3}
{"id": "basket_sum_001249", "topic": "basket_sum", "subtopic": "decimal_prices", "prompt": "You’re buying 3 items: $16.29, $11.41, $19.08. About how much will you pay (before tax)?", "split": "test", "exact_value": 46.78}
{"id": "basket_sum_001250", "topic": "basket_sum", "subtopic": "decimal_prices", "prompt": "You’re buying 5 items: $17.27, $18.80, $9.69, $11.78, $11.70. About how much will you pay (before tax)?", "split": "test", "exact_value": 69.24}
{"id": "basket_sum_001251", "topic": "basket_sum", "subtopic": "decimal_prices", "prompt": "You’re buying 5 items: $3.91, $8.11, $15.11, $18.54, $3.32. About how much will you pay (before tax)?", "split": "test", "exact_value": 48.99}
{"id": "basket_sum_001252", "topic": "basket_sum", "subtopic": "decimal_prices", "prompt": "You’re buying 3 items: $6.18, $13.90, $6.06. About how much will you pay (before tax)?", "split": "test", "exact_value": 26.14}
{"id": "basket_sum_001253", "topic": "basket_sum", "subtopic": "decimal_prices", "prompt": "You’re buying 4 items: $15.60, $6.47, $11.75, $1.53. About how much will you pay (before tax)?", "split": "test", "exact_value": 35.35}
{"id": "basket_sum_001254", "topic": "basket_sum", "subtopic": "decimal_prices", "prompt": "You’re buying 5 items: $7.73, $13.45, $15.81, $16.35, $12.46. About how much will you pay (before tax)?", "split": "test", "exact_value": 65.8}
{"id": "basket_sum_001255", "topic": "basket_sum", "subtopic": "decimal_prices", "prompt": "You’re buying 3 items: $6.68, $13.48, $16.84. About how much will you pay (before tax)?", "split": "test", "exact_value": 37.0}
{"id": "basket_sum_001256", "topic": "basket_sum", "subtopic": "decimal_prices", "prompt": "You’re buying 4 items: $9.31, $1.12, $0.96, $1.50. About how much will you pay (before tax)?", "split": "test", "exact_value": 12.89}
{"id": "basket_sum_001257", "topic": "basket_sum", "subtopic": "decimal_prices", "prompt": "You’re buying 5 items: $10.01, $17.00, $4.97, $1.91, $18.82. About how much will you pay (before tax)?", "split": "test", "exact_value": 52.71}
{"id": "basket_sum_001258", "topic": "basket_sum", "subtopic": "decimal_prices", "prompt": "You’re buying 5 items: $18.01, $11.38, $19.09, $9.25, $5.74. About how much will you pay (before tax)?", "split": "test", "exact_value": 63.47}
{"id": "basket_sum_001259", "topic": "basket_sum", "subtopic": "decimal_prices", "prompt": "You’re buying 5 items: $5.77, $10.29, $5.16, $4.14, $17.52. About how much will you pay (before tax)?", "split": "test", "exact_value": 42.88}
{"id": "basket_sum_001260", "topic": "basket_sum", "subtopic": "decimal_prices", "prompt": "You’re buying 3 items: $5.26, $13.36, $4.33. About how much will you pay (before tax)?", "split": "test", "exact_value": 22.95}
{"id": "basket_sum_001261", "topic": "basket_sum", "subtopic": "decimal_prices", "prompt": "You’re buying 6 items: $11.92, $1.60, $14.56, $1.96, $14.51, $5.76. About how much will you pay (before tax)?", "split": "test", "exact_value": 50.31}
{"id": "basket_sum_001262", "topic": "basket_sum", "subtopic": "decimal_prices", "prompt": "You’re buying 5 items: $1.10, $17.01, $17.10, $11.17, $1.65. About how much will you pay (before tax)?", "split": "test", "exact_value": 48.03}
{"id": "basket_sum_001263", "topic": "basket_sum", "subtopic": "decimal_prices", "prompt": "You’re buying 4 items: $7.50, $2.28, $9.31, $10.60. About how much will you pay (before tax)?", "split": "test", "exact_value": 29.69}
{"id": "basket_sum_001264", "topic": "basket_sum", "subtopic": "decimal_prices", "prompt": "You’re buying 4 items: $4.71, $11.74, $16.71, $13.87. About how much will you pay (before tax)?", "split": "test", "exact_value": 47.03}
{"id": "basket_sum_001265", "topic": "basket_sum", "subtopic": "decimal_prices", "prompt": "You’re buying 3 items: $13.11, $17.61, $3.54. About how much will you pay (before tax)?", "split": "test", "exact_value": 34.26}
{"id": "basket_sum_001266", "topic": "basket_sum", "subtopic": "decimal_prices", "prompt": "You’re buying 5 items: $12.44, $7.71, $19.51, $18.02, $7.98. About how much will you pay (before tax)?", "split": "test", "exact_value": 65.66}
{"id": "basket_sum_001267", "topic": "basket_sum", "subtopic": "decimal_prices", "prompt": "You’re buying 5 items: $12.73, $3.87, $1.65, $18.65, $18.30. About how much will you pay (before tax)?", "split": "test", "exact_value": 55.2}
{"id": "basket_sum_001268", "topic": "basket_sum", "subtopic": "decimal_prices", "prompt": "You’re buying 3 items: $2.83, $4.85, $6.80. About how much will you pay (before tax)?", "split": "test", "exact_value": 14.48}
{"id": "basket_sum_001269", "topic": "basket_sum", "subtopic": "decimal_prices", "prompt": "You’re buying 5 items: $18.84, $8.06, $11.98, $13.41, $3.67. About how much will you pay (before tax)?", "split": "test", "exact_value": 55.96}
{"id": "basket_sum_001270", "topic": "basket_sum", "subtopic": "decimal_prices", "prompt": "You’re buying 3 items: $19.13, $19.20, $19.84. About how much will you pay (before tax)?", "split": "test", "exact_value": 58.17}
{"id": "basket_sum_001271", "topic": "basket_sum", "subtopic": "decimal_prices", "prompt": "You’re buying 6 items: $11.14, $3.12, $17.66, $16.12, $12.45, $13.45. About how much will you pay (before tax)?", "split": "test", "exact_value": 73.94}
{"id": "basket_sum_001272", "topic": "basket_sum", "subtopic": "decimal_prices", "prompt": "You’re buying 6 items: $6.88, $4.53, $11.83, $18.28, $7.10, $16.13. About how much will you pay (before tax)?", "split": "test", "exact_value": 64.75}
{"id": "basket_sum_001273", "topic": "basket_sum", "subtopic": "decimal_prices", "prompt": "You’re buying 5 items: $5.22, $6.83, $19.46, $14.10, $9.33. About how much will you pay (before tax)?", "split": "test", "exact_value": 54.94}
{"id": "basket_sum_001274", "topic": "basket_sum", "subtopic": "decimal_prices", "prompt": "You’re buying 6 items: $7.74, $7.55, $10.50, $18.35, $13.33, $12.41. About how much will you pay (before tax)?", "split": "test", "exact_value": 69.88}
{"id": "basket_sum_001275", "topic": "basket_sum", "subtopic": "decimal_prices", "prompt": "You’re buying 6 items: $15.89, $5.20, $16.68, $19.74, $18.56, $5.49. About how much will you pay (before tax)?", "split": "test", "exact_value": 81.56}
{"id": "basket_sum_001276", "topic": "basket_sum", "subtopic": "decimal_prices", "prompt": "You’re buying 6 items: $13.73, $13.58, $12.42, $16.07, $7.35, $3.05. About how much will you pay (before tax)?", "split": "test", "exact_value": 66.2}
{"id": "basket_sum_001277", "topic": "basket_sum", "subtopic": "decimal_prices", "prompt": "You’re buying 6 items: $8.87, $19.67, $11.85, $12.94, $15.62, $18.07. About how much will you pay (before tax)?", "split": "test", "exact_value": 87.02}
{"id": "basket_sum_001278", "topic": "basket_sum", "subtopic": "decimal_prices", "prompt": "You’re buying 6 items: $1.09, $3.11, $5.85, $11.44, $18.65, $15.05. About how much will you pay (before tax)?", "split": "test", "exact_value": 55.19}
{"id": "basket_sum_001279", "topic": "basket_sum", "subtopic": "decimal_prices", "prompt": "You’re buying 4 items: $17.48, $16.80, $1.25, $4.00. About how much will you pay (before tax)?", "split": "test", "exact_value": 39.53}
{"id": "basket_sum_001280", "topic": "basket_sum", "subtopic": "decimal_prices", "prompt": "You’re buying 3 items: $3.33, $17.43, $18.43. About how much will you pay (before tax)?", "split": "test", "exact_value": 39.19}
{"id": "basket_sum_001281", "topic": "basket_sum", "subtopic": "decimal_prices", "prompt": "You’re buying 6 items: $7.59, $8.51, $11.48, $14.46, $3.08, $18.02. About how much will you pay (before tax)?", "split": "test", "exact_value": 63.14}
{"id": "basket_sum_001282", "topic": "basket_sum", "subtopic": "decimal_prices", "prompt": "You’re buying 5 items: $12.15, $12.63, $19.88, $1.66, $14.97. About how much will you pay (before tax)?", "split": "test", "exact_value": 61.29}
{"id": "basket_sum_001283", "topic": "basket_sum", "subtopic": "decimal_prices", "prompt": "You’re buying 5 items: $19.03, $18.27, $12.90, $15.01, $9.16. About how much will you pay (before tax)?", "split": "test", "exact_value": 74.37}
{"id": "basket_sum_001284", "topic": "basket_sum", "subtopic": "decimal_prices", "prompt": "You’re buying 6 items: $14.23, $14.87, $14.69, $12.11, $16.54, $10.57. About how much will you pay (before tax)?", "split": "test", "exact_value": 83.01}
{"id": "basket_sum_001285", "topic": "basket_sum", "subtopic": "decimal_prices", "prompt": "You’re buying 4 items: $17.99, $12.19, $7.89, $13.26. About how much will you pay (before tax)?", "split": "test", "exact_value": 51.33}
{"id": "basket_sum_001286", "topic": "basket_sum", "subtopic": "decimal_prices", "prompt": "You’re buying 6 items: $6.94, $4.18, $14.66, $6.15, $15.63, $5.25. About how much will you pay (before tax)?", "split": "test", "exact_value": 52.81}
{"id": "basket_sum_001287", "topic": "basket_sum", "subtopic": "decimal_prices", "prompt": "You’re buying 6 items: $7.34, $11.62, $18.02, $11.92, $17.00, $8.98. About how much will you pay (before tax)?", "split": "test", "exact_value": 74.88}
{"id": "basket_sum_001288", "topic": "basket_sum", "subtopic": "decimal_prices", "prompt": "You’re buying 5 items: $8.16, $15.33, $19.10, $1.60, $18.94. About how much will you pay (before tax)?", "split": "test", "exact_value": 63.13}
{"id": "basket_sum_001289", "topic": "basket_sum", "subtopic": "decimal_prices", "prompt": "You’re buying 4 items: $9.06, $6.13, $17.68, $6.83. About how much will you pay (before tax)?", "split": "test", "exact_value": 39.7}
{"id": "basket_sum_001290", "topic": "basket_sum", "subtopic": "decimal_prices", "prompt": "You’re buying 5 items: $6.26, $3.07, $6.05, $9.22, $17.79. About how much will you pay (before tax)?", "split": "test", "exact_value": 42.39}
{"id": "basket_sum_001291", "topic": "basket_sum", "subtopic": "decimal_prices", "prompt": "You’re buying 5 items: $18.82, $5.77, $12.43, $2.83, $5.24. About how much will you pay (before tax)?", "split": "test", "exact_value": 45.09}
{"id": "basket_sum_001292", "topic": "basket_sum", "subtopic": "decimal_prices", "prompt": "You’re buying 5 items: $3.50, $4.76, $16.89, $15.28, $1.32. About how much will you pay (before tax)?", "split": "test", "exact_value": 41.75}
{"id": "basket_sum_001293", "topic": "basket_sum", "subtopic": "decimal_prices", "prompt": "You’re buying 3 items: $19.22, $11.15, $16.13. About how much will you pay (before tax)?", "split": "test", "exact_value": 46.5}
{"id": "basket_sum_001294", "topic": "basket_sum", "subtopic": "decimal_prices", "prompt": "You’re buying 3 items: $10.17, $16.58, $7.89. About how much will you pay (before tax)?", "split": "test", "exact_value": 34.64}
{"id": "basket_sum_001295", "topic": "basket_sum", "subtopic": "decimal_prices", "prompt": "You’re buying 5 items: $18.87, $11.76, $14.85, $10.79, $16.75. About how much will you pay (before tax)?", "split": "test", "exact_value": 73.02}
{"id": "basket_sum_001296", "topic": "basket_sum", "subtopic": "decimal_prices", "prompt": "You’re buying 5 items: $18.42, $14.54, $18.44, $3.09, $17.86. About how much will you pay (before tax)?", "split": "test", "exact_value": 72.35}
{"id": "basket_sum_001297", "topic": "basket_sum", "subtopic": "decimal_prices", "prompt": "You’re buying 6 items: $5.84, $17.39, $19.86, $14.84, $3.03, $7.58. About how much will you pay (before tax)?", "split": "test", "exact_value": 68.54}
{"id": "basket_sum_001298", "topic": "basket_sum", "subtopic": "decimal_prices", "prompt": "You’re buying 3 items: $15.08, $5.06, $2.22. About how much will you pay (before tax)?", "split": "test", "exact_value": 22.36}
{"id": "basket_sum_001299", "topic": "basket_sum", "subtopic": "decimal_prices", "prompt": "You’re buying 4 items: $10.53, $6.09, $12.90, $10.64. About how much will you pay (before tax)?", "split": "test", "exact_value": 40.16}
{"id": "basket_sum_001300", "topic": "basket_sum", "subtopic": "decimal_prices", "prompt": "You’re buying 3 items: $14.36, $6.83, $18.54. About how much will you pay (before tax)?", "split": "test", "exact_value": 39.73}
{"id": "basket_sum_001301", "topic": "basket_sum", "subtopic": "decimal_prices", "prompt": "You’re buying 6 items: $2.72, $14.33, $10.80, $4.45, $11.51, $16.87. About how much will you pay (before tax)?", "split": "test", "exact_value": 60.68}
{"id": "basket_sum_001302", "topic": "basket_sum", "subtopic": "decimal_prices", "prompt": "You’re buying 3 items: $19.01, $12.83, $5.51. About how much will you pay (before tax)?", "split": "test", "exact_value": 37.35}
{"id": "basket_sum_001303", "topic": "basket_sum", "subtopic": "decimal_prices", "prompt": "You’re buying 6 items: $17.53, $5.02, $4.55, $9.82, $10.09, $4.38. About how much will you pay (before tax)?", "split": "test", "exact_value": 51.39}
{"id": "basket_sum_001304", "topic": "basket_sum", "subtopic": "decimal_prices", "prompt": "You’re buying 6 items: $6.22, $4.60, $17.61, $19.05, $17.25, $15.18. About how much will you pay (before tax)?", "split": "test", "exact_value": 79.91}
{"id": "basket_sum_001305", "topic": "basket_sum", "subtopic": "decimal_prices", "prompt": "You’re buying 3 items: $9.13, $10.21, $12.53. About how much will you pay (before tax)?", "split": "test", "exact_value": 31.87}
{"id": "basket_sum_001306", "topic": "basket_sum", "subtopic": "decimal_prices", "prompt": "You’re buying 4 items: $1.54, $14.00, $12.57, $12.91. About how much will you pay (before tax)?", "split": "test", "exact_value": 41.02}
{"id": "basket_sum_001307", "topic": "basket_sum", "subtopic": "decimal_prices", "prompt": "You’re buying 4 items: $13.03, $10.09, $13.40, $4.25. About how much will you pay (before tax)?", "split": "test", "exact_value": 40.77}
{"id": "basket_sum_001308", "topic": "basket_sum", "subtopic": "decimal_prices", "prompt": "You’re buying 5 items: $16.93, $17.59, $13.62, $10.20, $12.89. About how much will you pay (before tax)?", "split": "test", "exact_value": 71.23}
{"id": "basket_sum_001309", "topic": "basket_sum", "subtopic": "decimal_prices", "prompt": "You’re buying 5 items: $11.22, $6.46, $4.99, $19.28, $18.01. About how much will you pay (before tax)?", "split": "test", "exact_value": 59.96}
{"id": "basket_sum_001310", "topic": "basket_sum", "subtopic": "decimal_prices", "prompt": "You’re buying 5 items: $8.85, $9.38, $5.54, $8.95, $4.17. About how much will you pay (before tax)?", "split": "test", "exact_value": 36.89}
{"id": "basket_sum_001311", "topic": "basket_sum", "subtopic": "decimal_prices", "prompt": "You’re buying 5 items: $13.47, $7.46, $8.43, $3.25, $17.73. About how much will you pay (before tax)?", "split": "test", "exact_value": 50.34}
{"id": "basket_sum_001312", "topic": "basket_sum", "subtopic": "decimal_prices", "prompt": "You’re buying 6 items: $12.33, $13.98, $1.35, $5.93, $4.92, $17.13. About how much will you pay (before tax)?", "split": "test", "exact_value": 55.64}
{"id": "basket_sum_001313", "topic": "basket_sum", "subtopic": "decimal_prices", "prompt": "You’re buying 6 items: $1.96, $15.61, $5.81, $6.89, $8.30, $9.28. About how much will you pay (before tax)?", "split": "test", "exact_value": 47.85}
{"id": "basket_sum_001314", "topic": "basket_sum", "subtopic": "decimal_prices", "prompt": "You’re buying 6 items: $5.80, $1.84, $10.11, $4.99, $13.01, $1.67. About how much will you pay (before tax)?", "split": "test", "exact_value": 37.42}
{"id": "basket_sum_001315", "topic": "basket_sum", "subtopic": "decimal_prices", "prompt": "You’re buying 6 items: $8.66, $11.78, $3.99, $4.75, $12.80, $18.99. About how much will you pay (before tax)?", "split": "test", "exact_value": 60.97}
{"id": "basket_sum_001316", "topic": "basket_sum", "subtopic": "decimal_prices", "prompt": "You’re buying 5 items: $3.27, $11.15, $19.04, $1.20, $8.07. About how much will you pay (before tax)?", "split": "test", "exact_value": 42.73}
{"id": "basket_sum_001317", "topic": "basket_sum", "subtopic": "decimal_prices", "prompt": "You’re buying 5 items: $18.30, $15.51, $11.41, $13.36, $10.75. About how much will you pay (before tax)?", "split": "test", "exact_value": 69.33}
{"id": "basket_sum_001318", "topic": "basket_sum", "subtopic": "decimal_prices", "prompt": "You’re buying 5 items: $11.07, $19.71, $16.88, $8.38, $14.57. About how much will you pay (before tax)?", "split": "test", "exact_value": 70.61}
{"id": "basket_sum_001319", "topic": "basket_sum", "subtopic": "decimal_prices", "prompt": "You’re buying 5 items: $16.17, $18.27, $7.15, $4.93, $14.87. About how much will you pay (before tax)?", "split": "test", "exact_value": 61.39}
{"id": "basket_sum_001320", "topic": "basket_sum", "subtopic": "decimal_prices", "prompt": "You’re buying 3 items: $1.48, $1.17, $18.84. About how much will you pay (before tax)?", "split": "test", "exact_value": 21.49}
{"id": "basket_sum_001321", "topic": "basket_sum", "subtopic": "decimal_prices", "prompt": "You’re buying 3 items: $10.42, $15.98, $1.60. About how much will you pay (before tax)?", "split": "test", "exact_value": 28.0}
{"id": "basket_sum_001322", "topic": "basket_sum", "subtopic": "decimal_prices", "prompt": "You’re buying 5 items: $6.58, $5.21, $15.62, $5.54, $6.02. About how much will you pay (before tax)?", "split": "test", "exact_value": 38.97}
{"id": "basket_sum_001323", "topic": "basket_sum", "subtopic": "decimal_prices", "prompt": "You’re buying 3 items: $16.40, $8.04, $8.48. About how much will you pay (before tax)?", "split": "test", "exact_value": 32.92}
{"id": "basket_sum_001324", "topic": "basket_sum", "subtopic": "decimal_prices", "prompt": "You’re buying 5 items: $17.34, $2.26, $10.48, $14.30, $14.86. About how much will you pay (before tax)?", "split": "test", "exact_value": 59.24}
{"id": "basket_sum_001325", "topic": "basket_sum", "subtopic": "decimal_prices", "prompt": "You’re buying 3 items: $1.07, $16.73, $12.40. About how much will you pay (before tax)?", "split": "test", "exact_value": 30.2}
{"id": "basket_sum_001326", "topic": "basket_sum", "subtopic": "decimal_prices", "prompt": "You’re buying 4 items: $2.62, $12.08, $8.30, $16.75. About how much will you pay (before tax)?", "split": "test", "exact_value": 39.75}
{"id": "basket_sum_001327", "topic": "basket_sum", "subtopic": "decimal_prices", "prompt": "You’re buying 5 items: $15.86, $8.95, $15.06, $6.59, $9.60. About how much will you pay (before tax)?", "split": "test", "exact_value": 56.06}
{"id": "basket_sum_001328", "topic": "basket_sum", "subtopic": "decimal_prices", "prompt": "You’re buying 3 items: $5.86, $13.39, $9.84. About how much will you pay (before tax)?", "split": "test", "exact_value": 29.09}
{"id": "basket_sum_001329", "topic": "basket_sum", "subtopic": "decimal_prices", "prompt": "You’re buying 5 items: $9.04, $5.06, $8.59, $6.14, $6.25. About how much will you pay (before tax)?", "split": "test", "exact_value": 35.08}
{"id": "basket_sum_001330", "topic": "basket_sum", "subtopic": "decimal_prices", "prompt": "You’re buying 4 items: $8.13, $19.86, $14.76, $19.06. About how much will you pay (before tax)?", "split": "test", "exact_value": 61.81}
{"id": "basket_sum_001331", "topic": "basket_sum", "subtopic": "decimal_prices", "prompt": "You’re buying 3 items: $9.47, $11.89, $1.27. About how much will you pay (before tax)?", "split": "test", "exact_value": 22.63}
{"id": "basket_sum_001332", "topic": "basket_sum", "subtopic": "decimal_prices", "prompt": "You’re buying 4 items: $9.37, $9.94, $2.88, $6.75. About how much will you pay (before tax)?", "split": "test", "exact_value": 28.94}
{"id": "basket_sum_001333", "topic": "basket_sum", "subtopic": "decimal_prices", "prompt": "You’re buying 4 items: $16.34, $19.53, $2.62, $4.04. About how much will you pay (before tax)?", "split": "test", "exact_value": 42.53}
{"id": "basket_sum_001334", "topic": "basket_sum", "subtopic": "decimal_prices", "prompt": "You’re buying 6 items: $12.18, $2.40, $8.53, $16.88, $10.84, $16.91. About how much will you pay (before tax)?", "split": "test", "exact_value": 67.74}
{"id": "basket_sum_001335", "topic": "basket_sum", "subtopic": "decimal_prices", "prompt": "You’re buying 4 items: $1.92, $10.26, $8.70, $15.01. About how much will you pay (before tax)?", "split": "test", "exact_value": 35.89}
{"id": "basket_sum_001336", "topic": "basket_sum", "subtopic": "decimal_prices", "prompt": "You’re buying 4 items: $1.49, $14.02, $12.29, $17.52. About how much will you pay (before tax)?", "split": "test", "exact_value": 45.32}
{"id": "basket_sum_001337", "topic": "basket_sum", "subtopic": "decimal_prices", "prompt": "You’re buying 5 items: $14.05, $15.29, $16.05, $11.27, $6.80. About how much will you pay (before tax)?", "split": "test", "exact_value": 63.46}
{"id": "basket_sum_001338", "topic": "basket_sum", "subtopic": "decimal_prices", "prompt": "You’re buying 4 items: $6.97, $14.40, $10.67, $17.28. About how much will you pay (before tax)?", "split": "test", "exact_value": 49.32}
{"id": "basket_sum_001339", "topic": "basket_sum", "subtopic": "decimal_prices", "prompt": "You’re buying 3 items: $18.48, $8.96, $2.28. About how much will you pay (before tax)?", "split": "test", "exact_value": 29.72}
{"id": "basket_sum_001340", "topic": "basket_sum", "subtopic": "decimal_prices", "prompt": "You’re buying 4 items: $15.32, $3.90, $15.15, $3.98. About how much will you pay (before tax)?", "split": "test", "exact_value": 38.35}
{"id": "basket_sum_001341", "topic": "basket_sum", "subtopic": "decimal_prices", "prompt": "You’re buying 6 items: $17.49, $2.97, $17.79, $10.30, $12.81, $10.86. About how much will you pay (before tax)?", "split": "test", "exact_value": 72.22}
{"id": "basket_sum_001342", "topic": "basket_sum", "subtopic": "decimal_prices", "prompt": "You’re buying 4 items: $15.17, $11.29, $8.46, $6.49. About how much will you pay (before tax)?", "split": "test", "exact_value": 41.41}
{"id": "basket_sum_001343", "topic": "basket_sum", "subtopic": "decimal_prices", "prompt": "You’re buying 6 items: $19.91, $14.61, $17.69, $6.00, $6.98, $17.87. About how much will you pay (before tax)?", "split": "test", "exact_value": 83.06}
{"id": "basket_sum_001344", "topic": "basket_sum", "subtopic": "decimal_prices", "prompt": "You’re buying 4 items: $3.51, $10.84, $4.72, $12.58. About how much will you pay (before tax)?", "split": "test", "exact_value": 31.65}
{"id": "basket_sum_001345", "topic": "basket_sum", "subtopic": "decimal_prices", "prompt": "You’re buying 5 items: $10.76, $5.61, $9.68, $18.77, $18.59. About how much will you pay (before tax)?", "split": "test", "exact_value": 63.41}
{"id": "basket_sum_001346", "topic": "basket_sum", "subtopic": "decimal_prices", "prompt": "You’re buying 4 items: $3.94, $14.52, $9.89, $6.89. About how much will you pay (before tax)?", "split": "test", "exact_value": 35.24}
{"id": "basket_sum_001347", "topic": "basket_sum", "subtopic": "decimal_prices", "prompt": "You’re buying 4 items: $3.68, $2.08, $19.55, $6.78. About how much will you pay (before tax)?", "split": "test", "exact_value": 32.09}
{"id": "basket_sum_001348", "topic": "basket_sum", "subtopic": "decimal_prices", "prompt": "You’re buying 4 items: $4.62, $2.59, $9.59, $2.61. About how much will you pay (before tax)?", "split": "test", "exact_value": 19.41}
{"id": "basket_sum_001349", "topic": "basket_sum", "subtopic": "decimal_prices", "prompt": "You’re buying 6 items: $12.20, $2.07, $13.01, $17.75, $7.41, $1.06. About how much will you pay (before tax)?", "split": "test", "exact_value": 53.5}
{"id": "basket_sum_001350", "topic": "basket_sum", "subtopic": "decimal_prices", "prompt": "You’re buying 4 items: $6.06, $16.55, $17.46, $12.01. About how much will you pay (before tax)?", "split": "test", "exact_value": 52.08}
{"id": "basket_sum_001351", "topic": "basket_sum", "subtopic": "decimal_prices", "prompt": "You’re buying 5 items: $7.84, $15.52, $18.73, $11.56, $13.11. About how much will you pay (before tax)?", "split": "test", "exact_value": 66.76}
{"id": "basket_sum_001352", "topic": "basket_sum", "subtopic": "decimal_prices", "prompt": "You’re buying 4 items: $2.28, $3.72, $14.82, $6.17. About how much will you pay (before tax)?", "split": "test", "exact_value": 26.99}
{"id": "basket_sum_001353", "topic": "basket_sum", "subtopic": "decimal_prices", "prompt": "You’re buying 5 items: $11.61, $3.22, $10.82, $13.17, $8.14. About how much will you pay (before tax)?", "split": "test", "exact_value": 46.96}
{"id": "basket_sum_001354", "topic": "basket_sum", "subtopic": "decimal_prices", "prompt": "You’re buying 5 items: $19.35, $14.95, $12.62, $18.25, $4.81. About how much will you pay (before tax)?", "split": "test", "exact_value": 69.98}
{"id": "basket_sum_001355", "topic": "basket_sum", "subtopic": "decimal_prices", "prompt": "You’re buying 3 items: $15.83, $19.78, $2.54. About how much will you pay (before tax)?", "split": "test", "exact_value": 38.15}
{"id": "basket_sum_001356", "topic": "basket_sum", "subtopic": "decimal_prices", "prompt": "You’re buying 4 items: $3.54, $9.92, $0.79, $2.28. About how much will you pay (before tax)?", "split": "test", "exact_value": 16.53}
{"id": "basket_sum_001357", "topic": "basket_sum", "subtopic": "decimal_prices", "prompt": "You’re buying 3 items: $3.42, $16.29, $8.96. About how much will you pay (before tax)?", "split": "test", "exact_value": 28.67}
{"id": "basket_sum_001358", "topic": "basket_sum", "subtopic": "decimal_prices", "prompt": "You’re buying 6 items: $7.07, $10.40, $3.04, $11.54, $8.03, $8.19. About how much will you pay (before tax)?", "split": "test", "exact_value": 48.27}
{"id": "basket_sum_001359", "topic": "basket_sum", "subtopic": "decimal_prices", "prompt": "You’re buying 6 items: $7.61, $16.89, $6.88, $2.29, $12.41, $4.90. About how much will you pay (before tax)?", "split": "test", "exact_value": 50.98}
{"id": "basket_sum_001360", "topic": "basket_sum", "subtopic": "decimal_prices", "prompt": "You’re buying 4 items: $18.94, $16.80, $14.45, $16.92. About how much will you pay (before tax)?", "split": "test", "exact_value": 67.11}
{"id": "basket_sum_001361", "topic": "basket_sum", "subtopic": "decimal_prices", "prompt": "You’re buying 6 items: $10.20, $15.94, $13.95, $11.50, $9.15, $7.48. About how much will you pay (before tax)?", "split": "test", "exact_value": 68.22}
{"id": "basket_sum_001362", "topic": "basket_sum", "subtopic": "decimal_prices", "prompt": "You’re buying 3 items: $17.42, $17.21, $15.59. About how much will you pay (before tax)?", "split": "test", "exact_value": 50.22}
{"id": "basket_sum_001363", "topic": "basket_sum", "subtopic": "decimal_prices", "prompt": "You’re buying 5 items: $14.78, $4.89, $11.54, $19.95, $18.83. About how much will you pay (before tax)?", "split": "test", "exact_value": 69.99}
{"id": "basket_sum_001364", "topic": "basket_sum", "subtopic": "decimal_prices", "prompt": "You’re buying 6 items: $7.97, $18.71, $19.90, $4.55, $7.72, $4.53. About how much will you pay (before tax)?", "split": "test", "exact_value": 63.38}
{"id": "basket_sum_001365", "topic": "basket_sum", "subtopic": "decimal_prices", "prompt": "You’re buying 5 items: $7.10, $18.28, $18.37, $10.44, $1.04. About how much will you pay (before tax)?", "split": "test", "exact_value": 55.23}
{"id": "basket_sum_001366", "topic": "basket_sum", "subtopic": "decimal_prices", "prompt": "You’re buying 5 items: $1.43, $6.07, $9.98, $1.63, $14.14. About how much will you pay (before tax)?", "split": "test", "exact_value": 33.25}
{"id": "basket_sum_001367", "topic": "basket_sum", "subtopic": "decimal_prices", "prompt": "You’re buying 5 items: $6.05, $1.89, $11.78, $1.37, $14.58. About how much will you pay (before tax)?", "split": "test", "exact_value": 35.67}
{"id": "basket_sum_001368", "topic": "basket_sum", "subtopic": "decimal_prices", "prompt": "You’re buying 6 items: $19.94, $12.93, $10.20, $9.88, $17.59, $15.20. About how much will you pay (before tax)?", "split": "test", "exact_value": 85.74}
{"id": "basket_sum_001369", "topic": "basket_sum", "subtopic": "decimal_prices", "prompt": "You’re buying 3 items: $1.52, $1.34, $17.96. About how much will you pay (before tax)?", "split": "test", "exact_value": 20.82}
{"id": "basket_sum_001370", "topic": "basket_sum", "subtopic": "decimal_prices", "prompt": "You’re buying 4 items: $14.34, $4.19, $17.13, $2.38. About how much will you pay (before tax)?", "split": "test", "exact_value": 38.04}
{"id": "basket_sum_001371", "topic": "basket_sum", "subtopic": "decimal_prices", "prompt": "You’re buying 3 items: $1.87, $13.03, $1.99. About how much will you pay (before tax)?", "split": "test", "exact_value": 16.89}
{"id": "basket_sum_001372", "topic": "basket_sum", "subtopic": "decimal_prices", "prompt": "You’re buying 3 items: $17.26, $6.12, $17.16. About how much will you pay (before tax)?", "split": "test", "exact_value": 40.54}
{"id": "basket_sum_001373", "topic": "basket_sum", "subtopic": "decimal_prices", "prompt": "You’re buying 3 items: $7.18, $13.69, $18.06. About how much will you pay (before tax)?", "split": "test", "exact_value": 38.93}
{"id": "basket_sum_001374", "topic": "basket_sum", "subtopic": "decimal_prices", "prompt": "You’re buying 4 items: $18.18, $12.06, $18.92, $10.70. About how much will you pay (before tax)?", "split": "test", "exact_value": 59.86}
{"id": "basket_sum_001375", "topic": "basket_sum", "subtopic": "decimal_prices", "prompt": "You’re buying 6 items: $8.78, $13.61, $1.97, $4.49, $15.41, $3.62. About how much will you pay (before tax)?", "split": "test", "exact_value": 47.88}
{"id": "basket_sum_001376", "topic": "basket_sum", "subtopic": "decimal_prices", "prompt": "You’re buying 5 items: $2.40, $9.30, $6.08, $4.60, $10.49. About how much will you pay (before tax)?", "split": "test", "exact_value": 32.87}
{"id": "basket_sum_001377", "topic": "basket_sum", "subtopic": "decimal_prices", "prompt": "You’re buying 4 items: $12.99, $16.96, $18.86, $6.76. About how much will you pay (before tax)?", "split": "test", "exact_value": 55.57}
{"id": "basket_sum_001378", "topic": "basket_sum", "subtopic": "decimal_prices", "prompt": "You’re buying 5 items: $3.05, $9.74, $16.84, $2.44, $18.65. About how much will you pay (before tax)?", "split": "test", "exact_value": 50.72}
{"id": "basket_sum_001379", "topic": "basket_sum", "subtopic": "decimal_prices", "prompt": "You’re buying 3 items: $3.02, $2.53, $14.80. About how much will you pay (before tax)?", "split": "test", "exact_value": 20.35}
{"id": "basket_sum_001380", "topic": "basket_sum", "subtopic": "decimal_prices", "prompt": "You’re buying 4 items: $6.89, $12.82, $1.18, $4.04. About how much will you pay (before tax)?", "split": "test", "exact_value": 24.93}
{"id": "basket_sum_001381", "topic": "basket_sum", "subtopic": "decimal_prices", "prompt": "You’re buying 3 items: $4.97, $7.98, $2.35. About how much will you pay (before tax)?", "split": "test", "exact_value": 15.3}
{"id": "basket_sum_001382", "topic": "basket_sum", "subtopic": "decimal_prices", "prompt": "You’re buying 4 items: $6.70, $13.86, $18.89, $17.39. About how much will you pay (before tax)?", "split": "test", "exact_value": 56.84}
{"id": "basket_sum_001383", "topic": "basket_sum", "subtopic": "decimal_prices", "prompt": "You’re buying 4 items: $6.75, $8.07, $6.30, $6.15. About how much will you pay (before tax)?", "split": "test", "exact_value": 27.27}
{"id": "basket_sum_001384", "topic": "basket_sum", "subtopic": "decimal_prices", "prompt": "You’re buying 5 items: $8.74, $16.83, $6.03, $4.62, $19.59. About how much will you pay (before tax)?", "split": "test", "exact_value": 55.81}
{"id": "basket_sum_001385", "topic": "basket_sum", "subtopic": "decimal_prices", "prompt": "You’re buying 5 items: $14.18, $5.87, $10.20, $11.90, $7.49. About how much will you pay (before tax)?", "split": "test", "exact_value": 49.64}
{"id": "basket_sum_001386", "topic": "basket_sum", "subtopic": "decimal_prices", "prompt": "You’re buying 6 items: $16.72, $13.98, $4.06, $19.02, $12.03, $3.78. About how much will you pay (before tax)?", "split": "test", "exact_value": 69.59}
{"id": "basket_sum_001387", "topic": "basket_sum", "subtopic": "decimal_prices", "prompt": "You’re buying 4 items: $19.87, $9.12, $13.19, $13.88. About how much will you pay (before tax)?", "split": "test", "exact_value": 56.06}
{"id": "basket_sum_001388", "topic": "basket_sum", "subtopic": "decimal_prices", "prompt": "You’re buying 5 items: $4.77, $14.22, $10.46, $16.72, $16.04. About how much will you pay (before tax)?", "split": "test", "exact_value": 62.21}
{"id": "basket_sum_001389", "topic": "basket_sum", "subtopic": "decimal_prices", "prompt": "You’re buying 3 items: $10.64, $4.84, $4.98. About how much will you pay (before tax)?", "split": "test", "exact_value": 20.46}
{"id": "basket_sum_001390", "topic": "basket_sum", "subtopic": "decimal_prices", "prompt": "You’re buying 5 items: $1.39, $3.00, $13.43, $4.37, $3.47. About how much will you pay (before tax)?", "split": "test", "exact_value": 25.66}
{"id": "basket_sum_001391", "topic": "basket_sum", "subtopic": "decimal_prices", "prompt": "You’re buying 5 items: $7.94, $8.05, $12.09, $1.44, $14.25. About how much will you pay (before tax)?", "split": "test", "exact_value": 43.77}
{"id": "basket_sum_001392", "topic": "basket_sum", "subtopic": "decimal_prices", "prompt": "You’re buying 5 items: $17.48, $0.94, $8.88, $7.22, $13.23. About how much will you pay (before tax)?", "split": "test", "exact_value": 47.75}
{"id": "basket_sum_001393", "topic": "basket_sum", "subtopic": "decimal_prices", "prompt": "You’re buying 3 items: $4.38, $7.66, $3.91. About how much will you pay (before tax)?", "split": "test", "exact_value": 15.95}
{"id": "basket_sum_001394", "topic": "basket_sum", "subtopic": "decimal_prices", "prompt": "You’re buying 4 items: $15.23, $9.22, $12.63, $12.19. About how much will you pay (before tax)?", "split": "test", "exact_value": 49.27}
{"id": "basket_sum_001395", "topic": "basket_sum", "subtopic": "decimal_prices", "prompt": "You’re buying 6 items: $14.82, $9.88, $5.47, $14.68, $12.33, $10.06. About how much will you pay (before tax)?", "split": "test", "exact_value": 67.24}
{"id": "basket_sum_001396", "topic": "basket_sum", "subtopic": "decimal_prices", "prompt": "You’re buying 6 items: $6.55, $19.43, $17.64, $15.44, $18.09, $10.52. About how much will you pay (before tax)?", "split": "test", "exact_value": 87.67}
{"id": "basket_sum_001397", "topic": "basket_sum", "subtopic": "decimal_prices", "prompt": "You’re buying 6 items: $8.97, $5.96, $11.88, $12.18, $3.94, $3.98. About how much will you pay (before tax)?", "split": "test", "exact_value": 46.91}
{"id": "basket_sum_001398", "topic": "basket_sum", "subtopic": "decimal_prices", "prompt": "You’re buying 5 items: $17.81, $19.32, $18.89, $4.60, $19.46. About how much will you pay (before tax)?", "split": "test", "exact_value": 80.08}
{"id": "basket_sum_001399", "topic": "basket_sum", "subtopic": "decimal_prices", "prompt": "You’re buying 4 items: $3.28, $7.19, $19.22, $19.42. About how much will you pay (before tax)?", "split": "test", "exact_value": 49.11}
{"id": "basket_sum_001400", "topic": "basket_sum", "subtopic": "decimal_prices", "prompt": "You’re buying 5 items: $16.01, $3.51, $7.44, $8.39, $9.63. About how much will you pay (before tax)?", "split": "test", "exact_value": 44.98}
{"id": "basket_sum_001401", "topic": "basket_sum", "subtopic": "decimal_prices", "prompt": "You’re buying 4 items: $4.64, $4.09, $6.69, $4.33. About how much will you pay (before tax)?", "split": "test", "exact_value": 19.75}
{"id": "basket_sum_001402", "topic": "basket_sum", "subtopic": "decimal_prices", "prompt": "You’re buying 4 items: $9.17, $14.69, $3.75, $11.45. About how much will you pay (before tax)?", "split": "test", "exact_value": 39.06}
{"id": "basket_sum_001403", "topic": "basket_sum", "subtopic": "decimal_prices", "prompt": "You’re buying 5 items: $0.88, $3.85, $2.71, $11.35, $8.36. About how much will you pay (before tax)?", "split": "test", "exact_value": 27.15}
{"id": "basket_sum_001404", "topic": "basket_sum", "subtopic": "decimal_prices", "prompt": "You’re buying 4 items: $18.32, $13.62, $16.75, $14.35. About how much will you pay (before tax)?", "split": "test", "exact_value": 63.04}
{"id": "basket_sum_001405", "topic": "basket_sum", "subtopic": "decimal_prices", "prompt": "You’re buying 3 items: $8.23, $6.90, $18.75. About how much will you pay (before tax)?", "split": "test", "exact_value": 33.88}
{"id": "basket_sum_001406", "topic": "basket_sum", "subtopic": "decimal_prices", "prompt": "You’re buying 6 items: $15.64, $18.03, $16.53, $14.81, $8.94, $8.35. About how much will you pay (before tax)?", "split": "test", "exact_value": 82.3}
{"id": "basket_sum_001407", "topic": "basket_sum", "subtopic": "decimal_prices", "prompt": "You’re buying 3 items: $7.45, $13.65, $19.42. About how much will you pay (before tax)?", "split": "test", "exact_value": 40.52}
{"id": "basket_sum_001408", "topic": "basket_sum", "subtopic": "decimal_prices", "prompt": "You’re buying 3 items: $5.05, $12.47, $15.53. About how much will you pay (before tax)?", "split": "test", "exact_value": 33.05}
{"id": "basket_sum_001409", "topic": "basket_sum", "subtopic": "decimal_prices", "prompt": "You’re buying 5 items: $7.75, $10.42, $0.82, $12.29, $8.44. About how much will you pay (before tax)?", "split": "test", "exact_value": 39.72}
{"id": "basket_sum_001410", "topic": "basket_sum", "subtopic": "decimal_prices", "prompt": "You’re buying 3 items: $13.19, $3.44, $4.40. About how much will you pay (before tax)?", "split": "test", "exact_value": 21.03}
{"id": "basket_sum_001411", "topic": "basket_sum", "subtopic": "decimal_prices", "prompt": "You’re buying 4 items: $6.59, $2.57, $8.16, $4.24. About how much will you pay (before tax)?", "split": "test", "exact_value": 21.56}
{"id": "basket_sum_001412", "topic": "basket_sum", "subtopic": "decimal_prices", "prompt": "You’re buying 4 items: $6.26, $8.22, $16.56, $1.46. About how much will you pay (before tax)?", "split": "test", "exact_value": 32.5}
{"id": "basket_sum_001413", "topic": "basket_sum", "subtopic": "decimal_prices", "prompt": "You’re buying 6 items: $4.24, $8.44, $10.72, $2.83, $16.27, $7.44. About how much will you pay (before tax)?", "split": "test", "exact_value": 49.94}
{"id": "basket_sum_001414", "topic": "basket_sum", "subtopic": "decimal_prices", "prompt": "You’re buying 3 items: $13.38, $8.56, $16.28. About how much will you pay (before tax)?", "split": "test", "exact_value": 38.22}
{"id": "basket_sum_001415", "topic": "basket_sum", "subtopic": "decimal_prices", "prompt": "You’re buying 4 items: $6.92, $11.82, $8.16, $9.52. About how much will you pay (before tax)?", "split": "test", "exact_value": 36.42}
{"id": "basket_sum_001416", "topic": "basket_sum", "subtopic": "decimal_prices", "prompt": "You’re buying 6 items: $13.34, $13.66, $8.90, $1.84, $8.95, $15.04. About how much will you pay (before tax)?", "split": "test", "exact_value": 61.73}
{"id": "basket_sum_001417", "topic": "basket_sum", "subtopic": "decimal_prices", "prompt": "You’re buying 3 items: $12.38, $16.20, $9.44. About how much will you pay (before tax)?", "split": "test", "exact_value": 38.02}
{"id": "basket_sum_001418", "topic": "basket_sum", "subtopic": "decimal_prices", "prompt": "You’re buying 5 items: $15.79, $14.46, $17.00, $19.45, $2.93. About how much will you pay (before tax)?", "split": "test", "exact_value": 69.63}
{"id": "basket_sum_001419", "topic": "basket_sum", "subtopic": "decimal_prices", "prompt": "You’re buying 4 items: $19.62, $11.00, $8.15, $13.74. About how much will you pay (before tax)?", "split": "test", "exact_value": 52.51}
{"id": "basket_sum_001420", "topic": "basket_sum", "subtopic": "decimal_prices", "prompt": "You’re buying 4 items: $0.92, $19.00, $14.38, $5.74. About how much will you pay (before tax)?", "split": "test", "exact_value": 40.04}
{"id": "basket_sum_001421", "topic": "basket_sum", "subtopic": "decimal_prices", "prompt": "You’re buying 6 items: $9.14, $9.71, $1.56, $17.45, $9.63, $1.75. About how much will you pay (before tax)?", "split": "test", "exact_value": 49.24}
{"id": "basket_sum_001422", "topic": "basket_sum", "subtopic": "decimal_prices", "prompt": "You’re buying 5 items: $5.63, $7.27, $6.48, $16.52, $11.21. About how much will you pay (before tax)?", "split": "test", "exact_value": 47.11}
{"id": "basket_sum_001423", "topic": "basket_sum", "subtopic": "decimal_prices", "prompt": "You’re buying 4 items: $6.42, $8.80, $9.37, $6.51. About how much will you pay (before tax)?", "split": "test", "exact_value": 31.1}
{"id": "basket_sum_001424", "topic": "basket_sum", "subtopic": "decimal_prices", "prompt": "You’re buying 3 items: $12.23, $7.65, $1.49. About how much will you pay (before tax)?", "split": "test", "exact_value": 21.37}
{"id": "basket_sum_001425", "topic": "basket_sum", "subtopic": "decimal_prices", "prompt": "You’re buying 6 items: $5.56, $2.40, $2.61, $14.74, $12.94, $9.07. About how much will you pay (before tax)?", "split": "test", "exact_value": 47.32}
{"id": "basket_sum_001426", "topic": "basket_sum", "subtopic": "decimal_prices", "prompt": "You’re buying 5 items: $7.42, $9.58, $12.64, $18.43, $18.14. About how much will you pay (before tax)?", "split": "test", "exact_value": 66.21}
{"id": "basket_sum_001427", "topic": "basket_sum", "subtopic": "decimal_prices", "prompt": "You’re buying 6 items: $1.57, $7.06, $1.53, $12.49, $14.69, $16.39. About how much will you pay (before tax)?", "split": "test", "exact_value": 53.73}
{"id": "basket_sum_001428", "topic": "basket_sum", "subtopic": "decimal_prices", "prompt": "You’re buying 3 items: $8.12, $19.61, $2.30. About how much will you pay (before tax)?", "split": "test", "exact_value": 30.03}
{"id": "basket_sum_001429", "topic": "basket_sum", "subtopic": "decimal_prices", "prompt": "You’re buying 5 items: $8.90, $1.22, $19.04, $5.72, $13.33. About how much will you pay (before tax)?", "split": "test", "exact_value": 48.21}
{"id": "basket_sum_001430", "topic": "basket_sum", "subtopic": "decimal_prices", "prompt": "You’re buying 3 items: $16.86, $9.11, $3.03. About how much will you pay (before tax)?", "split": "test", "exact_value": 29.0}
{"id": "basket_sum_001431", "topic": "basket_sum", "subtopic": "decimal_prices", "prompt": "You’re buying 4 items: $11.75, $19.89, $12.61, $11.14. About how much will you pay (before tax)?", "split": "test", "exact_value": 55.39}
{"id": "basket_sum_001432", "topic": "basket_sum", "subtopic": "decimal_prices", "prompt": "You’re buying 4 items: $14.12, $1.73, $11.80, $4.92. About how much will you pay (before tax)?", "split": "test", "exact_value": 32.57}
{"id": "basket_sum_001433", "topic": "basket_sum", "subtopic": "decimal_prices", "prompt": "You’re buying 6 items: $6.07, $14.02, $4.36, $10.42, $1.67, $8.44. About how much will you pay (before tax)?", "split": "test", "exact_value": 44.98}
{"id": "basket_sum_001434", "topic": "basket_sum", "subtopic": "decimal_prices", "prompt": "You’re buying 4 items: $13.81, $6.03, $8.61, $1.15. About how much will you pay (before tax)?", "split": "test", "exact_value": 29.6}
{"id": "basket_sum_001435", "topic": "basket_sum", "subtopic": "decimal_prices", "prompt": "You’re buying 6 items: $13.41, $6.07, $9.67, $15.96, $12.98, $2.66. About how much will you pay (before tax)?", "split": "test", "exact_value": 60.75}
{"id": "basket_sum_001436", "topic": "basket_sum", "subtopic": "decimal_prices", "prompt": "You’re buying 4 items: $1.14, $7.02, $2.01, $6.32. About how much will you pay (before tax)?", "split": "test", "exact_value": 16.49}
{"id": "basket_sum_001437", "topic": "basket_sum", "subtopic": "decimal_prices", "prompt": "You’re buying 6 items: $12.08, $12.98, $7.10, $8.26, $18.64, $1.03. About how much will you pay (before tax)?", "split": "test", "exact_value": 60.09}
{"id": "basket_sum_001438", "topic": "basket_sum", "subtopic": "decimal_prices", "prompt": "You’re buying 5 items: $6.93, $16.58, $3.70, $17.19, $10.37. About how much will you pay (before tax)?", "split": "test", "exact_value": 54.77}
{"id": "basket_sum_001439", "topic": "basket_sum", "subtopic": "decimal_prices", "prompt": "You’re buying 4 items: $13.71, $5.70, $1.41, $17.15. About how much will you pay (before tax)?", "split": "test", "exact_value": 37.97}
{"id": "basket_sum_001440", "topic": "basket_sum", "subtopic": "decimal_prices", "prompt": "You’re buying 3 items: $12.91, $11.57, $7.42. About how much will you pay (before tax)?", "split": "test", "exact_value": 31.9}
{"id": "basket_sum_001441", "topic": "basket_sum", "subtopic": "decimal_prices", "prompt": "You’re buying 4 items: $15.15, $10.96, $6.63, $15.21. About how much will you pay (before tax)?", "split": "test", "exact_value": 47.95}
{"id": "basket_sum_001442", "topic": "basket_sum", "subtopic": "decimal_prices", "prompt": "You’re buying 6 items: $13.74, $1.36, $12.79, $3.99, $7.54, $9.08. About how much will you pay (before tax)?", "split": "test", "exact_value": 48.5}
{"id": "basket_sum_001443", "topic": "basket_sum", "subtopic": "decimal_prices", "prompt": "You’re buying 3 items: $15.22, $6.24, $15.08. About how much will you pay (before tax)?", "split": "test", "exact_value": 36.54}
{"id": "basket_sum_001444", "topic": "basket_sum", "subtopic": "decimal_prices", "prompt": "You’re buying 4 items: $8.00, $11.11, $8.06, $19.01. About how much will you pay (before tax)?", "split": "test", "exact_value": 46.18}
{"id": "basket_sum_001445", "topic": "basket_sum", "subtopic": "decimal_prices", "prompt": "You’re buying 3 items: $2.65, $4.98, $19.84. About how much will you pay (before tax)?", "split": "test", "exact_value": 27.47}
{"id": "basket_sum_001446", "topic": "basket_sum", "subtopic": "decimal_prices", "prompt": "You’re buying 5 items: $4.22, $3.85, $15.72, $14.89, $8.49. About how much will you pay (before tax)?", "split": "test", "exact_value": 47.17}
{"id": "basket_sum_001447", "topic": "basket_sum", "subtopic": "decimal_prices", "prompt": "You’re buying 6 items: $7.55, $4.97, $18.08, $6.14, $15.58, $12.89. About how much will you pay (before tax)?", "split": "test", "exact_value": 65.21}
{"id": "basket_sum_001448", "topic": "basket_sum", "subtopic": "decimal_prices", "prompt": "You’re buying 5 items: $10.43, $11.01, $5.11, $8.55, $15.32. About how much will you pay (before tax)?", "split": "test", "exact_value": 50.42}
{"id": "basket_sum_001449", "topic": "basket_sum", "subtopic": "decimal_prices", "prompt": "You’re buying 5 items: $16.65, $9.42, $18.53, $4.20, $6.33. About how much will you pay (before tax)?", "split": "test", "exact_value": 55.13}
{"id": "basket_sum_001450", "topic": "basket_sum", "subtopic": "decimal_prices", "prompt": "You’re buying 5 items: $15.44, $13.39, $13.91, $2.68, $11.93. About how much will you pay (before tax)?", "split": "test", "exact_value": 57.35}
{"id": "basket_sum_001451", "topic": "basket_sum", "subtopic": "decimal_prices", "prompt": "You’re buying 6 items: $19.50, $8.67, $13.01, $12.67, $3.45, $12.69. About how much will you pay (before tax)?", "split": "test", "exact_value": 69.99}
{"id": "basket_sum_001452", "topic": "basket_sum", "subtopic": "decimal_prices", "prompt": "You’re buying 3 items: $12.30, $14.85, $18.94. About how much will you pay (before tax)?", "split": "test", "exact_value": 46.09}
{"id": "basket_sum_001453", "topic": "basket_sum", "subtopic": "decimal_prices", "prompt": "You’re buying 5 items: $12.50, $3.99, $12.80, $13.93, $19.07. About how much will you pay (before tax)?", "split": "test", "exact_value": 62.29}
{"id": "basket_sum_001454", "topic": "basket_sum", "subtopic": "decimal_prices", "prompt": "You’re buying 3 items: $15.05, $17.75, $13.35. About how much will you pay (before tax)?", "split": "test", "exact_value": 46.15}
{"id": "basket_sum_001455", "topic": "basket_sum", "subtopic": "decimal_prices", "prompt": "You’re buying 4 items: $17.12, $3.89, $7.88, $17.58. About how much will you pay (before tax)?", "split": "test", "exact_value": 46.47}
{"id": "basket_sum_001456", "topic": "basket_sum", "subtopic": "decimal_prices", "prompt": "You’re buying 4 items: $9.86, $14.48, $4.63, $3.34. About how much will you pay (before tax)?", "split": "test", "exact_value": 32.31}
{"id": "basket_sum_001457", "topic": "basket_sum", "subtopic": "decimal_prices", "prompt": "You’re buying 3 items: $17.96, $4.76, $9.64. About how much will you pay (before tax)?", "split": "test", "exact_value": 32.36}
{"id": "basket_sum_001458", "topic": "basket_sum", "subtopic": "decimal_prices", "prompt": "You’re buying 4 items: $13.92, $9.31, $5.43, $4.19. About how much will you pay (before tax)?", "split": "test", "exact_value": 32.85}
{"id": "basket_sum_001459", "topic": "basket_sum", "subtopic": "decimal_prices", "prompt": "You’re buying 6 items: $10.39, $2.92, $12.39, $7.15, $18.46, $3.85. About how much will you pay (before tax)?", "split": "test", "exact_value": 55.16}
{"id": "basket_sum_001460", "topic": "basket_sum", "subtopic": "decimal_prices", "prompt": "You’re buying 6 items: $14.65, $2.13, $15.16, $13.88, $8.59, $10.77. About how much will you pay (before tax)?", "split": "test", "exact_value": 65.18}
{"id": "basket_sum_001461", "topic": "basket_sum", "subtopic": "decimal_prices", "prompt": "You’re buying 6 items: $17.34, $2.14, $8.80, $5.78, $14.54, $3.11. About how much will you pay (before tax)?", "split": "test", "exact_value": 51.71}
{"id": "basket_sum_001462", "topic": "basket_sum", "subtopic": "decimal_prices", "prompt": "You’re buying 3 items: $9.21, $16.68, $1.94. About how much will you pay (before tax)?", "split": "test", "exact_value": 27.83}
{"id": "basket_sum_001463", "topic": "basket_sum", "subtopic": "decimal_prices", "prompt": "You’re buying 6 items: $16.69, $14.71, $1.56, $8.46, $18.60, $12.87. About how much will you pay (before tax)?", "split": "test", "exact_value": 72.89}
{"id": "basket_sum_001464", "topic": "basket_sum", "subtopic": "decimal_prices", "prompt": "You’re buying 6 items: $9.02, $3.17, $3.59, $5.83, $16.63, $15.26. About how much will you pay (before tax)?", "split": "test", "exact_value": 53.5}
{"id": "basket_sum_001465", "topic": "basket_sum", "subtopic": "decimal_prices", "prompt": "You’re buying 3 items: $14.65, $7.83, $13.40. About how much will you pay (before tax)?", "split": "test", "exact_value": 35.88}
{"id": "basket_sum_001466", "topic": "basket_sum", "subtopic": "decimal_prices", "prompt": "You’re buying 4 items: $18.32, $16.06, $4.82, $2.65. About how much will you pay (before tax)?", "split": "test", "exact_value": 41.85}
{"id": "basket_sum_001467", "topic": "basket_sum", "subtopic": "decimal_prices", "prompt": "You’re buying 3 items: $9.59, $14.40, $15.24. About how much will you pay (before tax)?", "split": "test", "exact_value": 39.23}
{"id": "basket_sum_001468", "topic": "basket_sum", "subtopic": "decimal_prices", "prompt": "You’re buying 5 items: $7.36, $14.02, $7.14, $9.44, $5.74. About how much will you pay (before tax)?", "split": "test", "exact_value": 43.7}
{"id": "basket_sum_001469", "topic": "basket_sum", "subtopic": "decimal_prices", "prompt": "You’re buying 5 items: $12.20, $15.41, $3.63, $6.33, $5.03. About how much will you pay (before tax)?", "split": "test", "exact_value": 42.6}
{"id": "basket_sum_001470", "topic": "basket_sum", "subtopic": "decimal_prices", "prompt": "You’re buying 5 items: $11.61, $14.50, $6.68, $14.53, $11.69. About how much will you pay (before tax)?", "split": "test", "exact_value": 59.01}
{"id": "basket_sum_001471", "topic": "basket_sum", "subtopic": "decimal_prices", "prompt": "You’re buying 5 items: $9.92, $9.24, $6.45, $15.07, $14.14. About how much will you pay (before tax)?", "split": "test", "exact_value": 54.82}
{"id": "basket_sum_001472", "topic": "basket_sum", "subtopic": "decimal_prices", "prompt": "You’re buying 4 items: $12.45, $17.29, $5.73, $5.17. About how much will you pay (before tax)?", "split": "test", "exact_value": 40.64}
{"id": "basket_sum_001473", "topic": "basket_sum", "subtopic": "decimal_prices", "prompt": "You’re buying 4 items: $11.99, $3.64, $1.02, $7.78. About how much will you pay (before tax)?", "split": "test", "exact_value": 24.43}
{"id": "basket_sum_001474", "topic": "basket_sum", "subtopic": "decimal_prices", "prompt": "You’re buying 6 items: $9.95, $18.07, $19.46, $13.15, $12.06, $10.41. About how much will you pay (before tax)?", "split": "test", "exact_value": 83.1}
{"id": "basket_sum_001475", "topic": "basket_sum", "subtopic": "decimal_prices", "prompt": "You’re buying 5 items: $8.05, $18.57, $13.24, $17.51, $10.05. About how much will you pay (before tax)?", "split": "test", "exact_value": 67.42}
{"id": "basket_sum_001476", "topic": "basket_sum", "subtopic": "decimal_prices", "prompt": "You’re buying 6 items: $18.01, $1.06, $18.97, $7.36, $6.73, $5.10. About how much will you pay (before tax)?", "split": "test", "exact_value": 57.23}
{"id": "basket_sum_001477", "topic": "basket_sum", "subtopic": "decimal_prices", "prompt": "You’re buying 5 items: $12.48, $14.78, $3.09, $4.57, $10.37. About how much will you pay (before tax)?", "split": "test", "exact_value": 45.29}
{"id": "basket_sum_001478", "topic": "basket_sum", "subtopic": "decimal_prices", "prompt": "You’re buying 3 items: $16.92, $17.03, $15.83. About how much will you pay (before tax)?", "split": "test", "exact_value": 49.78}
{"id": "basket_sum_001479", "topic": "basket_sum", "subtopic": "decimal_prices", "prompt": "You’re buying 4 items: $15.02, $7.77, $1.42, $12.82. About how much will you pay (before tax)?", "split": "test", "exact_value": 37.03}
{"id": "basket_sum_001480", "topic": "basket_sum", "subtopic": "decimal_prices", "prompt": "You’re buying 5 items: $10.53, $6.00, $19.25, $17.04, $11.11. About how much will you pay (before tax)?", "split": "test", "exact_value": 63.93}
{"id": "basket_sum_001481", "topic": "basket_sum", "subtopic": "decimal_prices", "prompt": "You’re buying 3 items: $19.42, $1.86, $11.67. About how much will you pay (before tax)?", "split": "test", "exact_value": 32.95}
{"id": "basket_sum_001482", "topic": "basket_sum", "subtopic": "decimal_prices", "prompt": "You’re buying 4 items: $5.49, $16.10, $4.30, $18.77. About how much will you pay (before tax)?", "split": "test", "exact_value": 44.66}
{"id": "basket_sum_001483", "topic": "basket_sum", "subtopic": "decimal_prices", "prompt": "You’re buying 4 items: $5.17, $14.56, $4.20, $19.59. About how much will you pay (before tax)?", "split": "test", "exact_value": 43.52}
{"id": "basket_sum_001484", "topic": "basket_sum", "subtopic": "decimal_prices", "prompt": "You’re buying 5 items: $11.39, $2.54, $4.44, $16.74, $2.01. About how much will you pay (before tax)?", "split": "test", "exact_value": 37.12}
{"id": "basket_sum_001485", "topic": "basket_sum", "subtopic": "decimal_prices", "prompt": "You’re buying 4 items: $10.82, $1.96, $5.16, $12.04. About how much will you pay (before tax)?", "split": "test", "exact_value": 29.98}
{"id": "basket_sum_001486", "topic": "basket_sum", "subtopic": "decimal_prices", "prompt": "You’re buying 6 items: $9.70, $11.10, $15.79, $6.91, $12.96, $4.56. About how much will you pay (before tax)?", "split": "test", "exact_value": 61.02}
{"id": "basket_sum_001487", "topic": "basket_sum", "subtopic": "decimal_prices", "prompt": "You’re buying 3 items: $9.27, $9.93, $2.71. About how much will you pay (before tax)?", "split": "test", "exact_value": 21.91}
{"id": "basket_sum_001488", "topic": "basket_sum", "subtopic": "decimal_prices", "prompt": "You’re buying 4 items: $12.28, $6.55, $0.97, $9.04. About how much will you pay (before tax)?", "split": "test", "exact_value": 28.84}
{"id": "basket_sum_001489", "topic": "basket_sum", "subtopic": "decimal_prices", "prompt": "You’re buying 3 items: $14.61, $9.29, $13.13. About how much will you pay (before tax)?", "split": "test", "exact_value": 37.03}
{"id": "basket_sum_001490", "topic": "basket_sum", "subtopic": "decimal_prices", "prompt": "You’re buying 6 items: $19.84, $5.62, $8.61, $5.99, $12.91, $7.10. About how much will you pay (before tax)?", "split": "test", "exact_value": 60.07}
{"id": "basket_sum_001491", "topic": "basket_sum", "subtopic": "decimal_prices", "prompt": "You’re buying 6 items: $10.66, $19.06, $6.54, $17.44, $5.57, $6.08. About how much will you pay (before tax)?", "split": "test", "exact_value": 65.35}
{"id": "basket_sum_001492", "topic": "basket_sum", "subtopic": "decimal_prices", "prompt": "You’re buying 5 items: $12.81, $2.93, $15.32, $4.29, $0.92. About how much will you pay (before tax)?", "split": "test", "exact_value": 36.27}
{"id": "basket_sum_001493", "topic": "basket_sum", "subtopic": "decimal_prices", "prompt": "You’re buying 6 items: $10.31, $4.22, $15.39, $13.71, $2.61, $17.34. About how much will you pay (before tax)?", "split": "test", "exact_value": 63.58}
{"id": "basket_sum_001494", "topic": "basket_sum", "subtopic": "decimal_prices", "prompt": "You’re buying 5 items: $13.04, $11.13, $4.30, $15.74, $15.44. About how much will you pay (before tax)?", "split": "test", "exact_value": 59.65}
{"id": "basket_sum_001495", "topic": "basket_sum", "subtopic": "decimal_prices", "prompt": "You’re buying 4 items: $6.69, $6.65, $15.51, $9.85. About how much will you pay (before tax)?", "split": "test", "exact_value": 38.7}
{"id": "basket_sum_001496", "topic": "basket_sum", "subtopic": "decimal_prices", "prompt": "You’re buying 5 items: $18.60, $4.83, $13.69, $7.01, $4.47. About how much will you pay (before tax)?", "split": "test", "exact_value": 48.6}
{"id": "basket_sum_001497", "topic": "basket_sum", "subtopic": "decimal_prices", "prompt": "You’re buying 6 items: $15.88, $17.16, $12.50, $3.81, $19.16, $19.63. About how much will you pay (before tax)?", "split": "test", "exact_value": 88.14}
{"id": "basket_sum_001498", "topic": "basket_sum", "subtopic": "decimal_prices", "prompt": "You’re buying 6 items: $15.76, $5.96, $18.70, $9.85, $17.23, $6.62. About how much will you pay (before tax)?", "split": "test", "exact_value": 74.12}
{"id": "basket_sum_001499", "topic": "basket_sum", "subtopic": "decimal_prices", "prompt": "You’re buying 4 items: $6.67, $14.74, $16.71, $6.84. About how much will you pay (before tax)?", "split": "test", "exact_value": 44.96}
{"id": "basket_sum_001500", "topic": "basket_sum", "subtopic": "decimal_prices", "prompt": "You’re buying 5 items: $8.96, $8.35, $8.80, $15.42, $8.55. About how much will you pay (before tax)?", "split": "test", "exact_value": 50.08}
{"id": "basket_sum_001501", "topic": "basket_sum", "subtopic": "decimal_prices", "prompt": "You’re buying 6 items: $7.58, $16.25, $19.51, $15.52, $1.16, $14.31. About how much will you pay (before tax)?", "split": "test", "exact_value": 74.33}
{"id": "basket_sum_001502", "topic": "basket_sum", "subtopic": "decimal_prices", "prompt": "You’re buying 4 items: $13.50, $5.70, $16.77, $1.24. About how much will you pay (before tax)?", "split": "test", "exact_value": 37.21}
{"id": "basket_sum_001503", "topic": "basket_sum", "subtopic": "decimal_prices", "prompt": "You’re buying 6 items: $15.98, $7.04, $11.54, $4.62, $4.92, $10.45. About how much will you pay (before tax)?", "split": "test", "exact_value": 54.55}
{"id": "basket_sum_001504", "topic": "basket_sum", "subtopic": "decimal_prices", "prompt": "You’re buying 5 items: $2.84, $5.46, $7.04, $10.00, $14.64. About how much will you pay (before tax)?", "split": "test", "exact_value": 39.98}
{"id": "basket_sum_001505", "topic": "basket_sum", "subtopic": "decimal_prices", "prompt": "You’re buying 6 items: $19.07, $18.97, $15.79, $8.28, $19.22, $14.35. About how much will you pay (before tax)?", "split": "test", "exact_value": 95.68}
{"id": "basket_sum_001506", "topic": "basket_sum", "subtopic": "decimal_prices", "prompt": "You’re buying 4 items: $6.17, $12.44, $7.99, $2.74. About how much will you pay (before tax)?", "split": "test", "exact_value": 29.34}
{"id": "basket_sum_001507", "topic": "basket_sum", "subtopic": "decimal_prices", "prompt": "You’re buying 5 items: $6.09, $7.88, $18.52, $2.92, $3.37. About how much will you pay (before tax)?", "split": "test", "exact_value": 38.78}
{"id": "basket_sum_001508", "topic": "basket_sum", "subtopic": "decimal_prices", "prompt": "You’re buying 3 items: $7.02, $15.67, $8.73. About how much will you pay (before tax)?", "split": "test", "exact_value": 31.42}
{"id": "basket_sum_001509", "topic": "basket_sum", "subtopic": "decimal_prices", "prompt": "You’re buying 4 items: $17.57, $12.11, $11.81, $11.58. About how much will you pay (before tax)?", "split": "test", "exact_value": 53.07}
{"id": "basket_sum_001510", "topic": "basket_sum", "subtopic": "decimal_prices", "prompt": "You’re buying 6 items: $5.50, $11.79, $15.44, $5.80, $10.99, $6.39. About how much will you pay (before tax)?", "split": "test", "exact_value": 55.91}
{"id": "basket_sum_001511", "topic": "basket_sum", "subtopic": "decimal_prices", "prompt": "You’re buying 3 items: $3.49, $15.57, $17.51. About how much will you pay (before tax)?", "split": "test", "exact_value": 36.57}
{"id": "basket_sum_001512", "topic": "basket_sum", "subtopic": "decimal_prices", "prompt": "You’re buying 5 items: $19.17, $7.73, $15.63, $15.14, $4.91. About how much will you pay (before tax)?", "split": "test", "exact_value": 62.58}
{"id": "basket_sum_001513", "topic": "basket_sum", "subtopic": "decimal_prices", "prompt": "You’re buying 5 items: $9.78, $9.64, $7.18, $13.80, $14.31. About how much will you pay (before tax)?", "split": "test", "exact_value": 54.71}
{"id": "basket_sum_001514", "topic": "basket_sum", "subtopic": "decimal_prices", "prompt": "You’re buying 5 items: $12.38, $18.70, $3.48, $13.12, $8.99. About how much will you pay (before tax)?", "split": "test", "exact_value": 56.67}
{"id": "basket_sum_001515", "topic": "basket_sum", "subtopic": "decimal_prices", "prompt": "You’re buying 6 items: $16.11, $16.76, $1.95, $19.79, $7.96, $11.65. About how much will you pay (before tax)?", "split": "test", "exact_value": 74.22}
{"id": "basket_sum_001516", "topic": "basket_sum", "subtopic": "decimal_prices", "prompt": "You’re buying 3 items: $19.22, $17.55, $7.07. About how much will you pay (before tax)?", "split": "test", "exact_value": 43.84}
{"id": "basket_sum_001517", "topic": "basket_sum", "subtopic": "decimal_prices", "prompt": "You’re buying 6 items: $6.22, $7.20, $2.08, $2.24, $2.56, $11.51. About how much will you pay (before tax)?", "split": "test", "exact_value": 31.81}
{"id": "basket_sum_001518", "topic": "basket_sum", "subtopic": "decimal_prices", "prompt": "You’re buying 3 items: $11.00, $16.12, $17.04. About how much will you pay (before tax)?", "split": "test", "exact_value": 44.16}
{"id": "basket_sum_001519", "topic": "basket_sum", "subtopic": "decimal_prices", "prompt": "You’re buying 3 items: $11.81, $9.78, $13.27. About how much will you pay (before tax)?", "split": "test", "exact_value": 34.86}
{"id": "basket_sum_001520", "topic": "basket_sum", "subtopic": "decimal_prices", "prompt": "You’re buying 4 items: $15.23, $15.52, $9.06, $6.11. About how much will you pay (before tax)?", "split": "test", "exact_value": 45.92}
{"id": "basket_sum_001521", "topic": "basket_sum", "subtopic": "decimal_prices", "prompt": "You’re buying 6 items: $17.87, $19.88, $3.71, $7.13, $4.28, $11.83. About how much will you pay (before tax)?", "split": "test", "exact_value": 64.7}
{"id": "basket_sum_001522", "topic": "basket_sum", "subtopic": "decimal_prices", "prompt": "You’re buying 6 items: $10.92, $14.09, $16.54, $9.09, $1.20, $11.82. About how much will you pay (before tax)?", "split": "test", "exact_value": 63.66}
{"id": "basket_sum_001523", "topic": "basket_sum", "subtopic": "decimal_prices", "prompt": "You’re buying 3 items: $12.76, $8.28, $0.95. About how much will you pay (before tax)?", "split": "test", "exact_value": 21.99}
{"id": "basket_sum_001524", "topic": "basket_sum", "subtopic": "decimal_prices", "prompt": "You’re buying 5 items: $8.99, $5.76, $5.07, $13.74, $7.06. About how much will you pay (before tax)?", "split": "test", "exact_value": 40.62}
{"id": "basket_sum_001525", "topic": "basket_sum", "subtopic": "decimal_prices", "prompt": "You’re buying 6 items: $13.34, $4.64, $16.56, $18.56, $17.94, $14.52. About how much will you pay (before tax)?", "split": "test", "exact_value": 85.56}
{"id": "basket_sum_001526", "topic": "basket_sum", "subtopic": "decimal_prices", "prompt": "You’re buying 4 items: $4.42, $3.64, $6.71, $2.73. About how much will you pay (before tax)?", "split": "test", "exact_value": 17.5}
{"id": "basket_sum_001527", "topic": "basket_sum", "subtopic": "decimal_prices", "prompt": "You’re buying 3 items: $15.76, $11.16, $19.12. About how much will you pay (before tax)?", "split": "test", "exact_value": 46.04}
{"id": "basket_sum_001528", "topic": "basket_sum", "subtopic": "decimal_prices", "prompt": "You’re buying 5 items: $17.50, $18.62, $13.43, $4.66, $3.93. About how much will you pay (before tax)?", "split": "test", "exact_value": 58.14}
{"id": "basket_sum_001529", "topic": "basket_sum", "subtopic": "decimal_prices", "prompt": "You’re buying 5 items: $5.26, $18.45, $15.62, $1.31, $17.64. About how much will you pay (before tax)?", "split": "test", "exact_value": 58.28}
{"id": "basket_sum_001530", "topic": "basket_sum", "subtopic": "decimal_prices", "prompt": "You’re buying 6 items: $3.15, $18.99, $1.28, $17.45, $17.19, $4.79. About how much will you pay (before tax)?", "split": "test", "exact_value": 62.85}
{"id": "basket_sum_001531", "topic": "basket_sum", "subtopic": "decimal_prices", "prompt": "You’re buying 3 items: $9.37, $8.45, $4.74. About how much will you pay (before tax)?", "split": "test", "exact_value": 22.56}
{"id": "basket_sum_001532", "topic": "basket_sum", "subtopic": "decimal_prices", "prompt": "You’re buying 6 items: $12.12, $3.18, $19.40, $10.52, $11.89, $10.71. About how much will you pay (before tax)?", "split": "test", "exact_value": 67.82}
{"id": "basket_sum_001533", "topic": "basket_sum", "subtopic": "decimal_prices", "prompt": "You’re buying 4 items: $15.32, $3.10, $10.18, $12.40. About how much will you pay (before tax)?", "split": "test", "exact_value": 41.0}
{"id": "basket_sum_001534", "topic": "basket_sum", "subtopic": "decimal_prices", "prompt": "You’re buying 5 items: $8.76, $4.83, $2.53, $10.52, $9.97. About how much will you pay (before tax)?", "split": "test", "exact_value": 36.61}
{"id": "basket_sum_001535", "topic": "basket_sum", "subtopic": "decimal_prices", "prompt": "You’re buying 3 items: $18.93, $1.10, $8.09. About how much will you pay (before tax)?", "split": "test", "exact_value": 28.12}
{"id": "basket_sum_001536", "topic": "basket_sum", "subtopic": "decimal_prices", "prompt": "You’re buying 6 items: $8.48, $17.25, $7.60, $18.95, $16.85, $9.13. About how much will you pay (before tax)?", "split": "test", "exact_value": 78.26}
{"id": "basket_sum_001537", "topic": "basket_sum", "subtopic": "decimal_prices", "prompt": "You’re buying 5 items: $5.19, $14.25, $13.28, $16.35, $17.61. About how much will you pay (before tax)?", "split": "test", "exact_value": 66.68}
{"id": "basket_sum_001538", "topic": "basket_sum", "subtopic": "decimal_prices", "prompt": "You’re buying 3 items: $19.06, $6.06, $13.22. About how much will you pay (before tax)?", "split": "test", "exact_value": 38.34}
{"id": "basket_sum_001539", "topic": "basket_sum", "subtopic": "decimal_prices", "prompt": "You’re buying 5 items: $1.66, $17.06, $4.20, $0.97, $10.75. About how much will you pay (before tax)?", "split": "test", "exact_value": 34.64}
{"id": "basket_sum_001540", "topic": "basket_sum", "subtopic": "decimal_prices", "prompt": "You’re buying 4 items: $14.14, $15.43, $1.96, $16.20. About how much will you pay (before tax)?", "split": "test", "exact_value": 47.73}
{"id": "basket_sum_001541", "topic": "basket_sum", "subtopic": "decimal_prices", "prompt": "You’re buying 5 items: $7.93, $8.76, $3.81, $4.10, $18.77. About how much will you pay (before tax)?", "split": "test", "exact_value": 43.37}
{"id": "basket_sum_001542", "topic": "basket_sum", "subtopic": "decimal_prices", "prompt": "You’re buying 4 items: $15.04, $16.35, $4.28, $17.67. About how much will you pay (before tax)?", "split": "test", "exact_value": 53.34}
{"id": "basket_sum_001543", "topic": "basket_sum", "subtopic": "decimal_prices", "prompt": "You’re buying 3 items: $15.89, $1.37, $4.71. About how much will you pay (before tax)?", "split": "test", "exact_value": 21.97}
{"id": "basket_sum_001544", "topic": "basket_sum", "subtopic": "decimal_prices", "prompt": "You’re buying 6 items: $12.80, $18.24, $5.88, $6.95, $15.83, $7.16. About how much will you pay (before tax)?", "split": "test", "exact_value": 66.86}
{"id": "basket_sum_001545", "topic": "basket_sum", "subtopic": "decimal_prices", "prompt": "You’re buying 6 items: $1.45, $17.53, $18.33, $1.68, $8.03, $12.28. About how much will you pay (before tax)?", "split": "test", "exact_value": 59.3}
{"id": "basket_sum_001546", "topic": "basket_sum", "subtopic": "decimal_prices", "prompt": "You’re buying 4 items: $3.83, $1.08, $18.02, $2.56. About how much will you pay (before tax)?", "split": "test", "exact_value": 25.49}
{"id": "basket_sum_001547", "topic": "basket_sum", "subtopic": "decimal_prices", "prompt": "You’re buying 3 items: $2.95, $9.92, $19.67. About how much will you pay (before tax)?", "split": "test", "exact_value": 32.54}
{"id": "basket_sum_001548", "topic": "basket_sum", "subtopic": "decimal_prices", "prompt": "You’re buying 6 items: $3.37, $12.37, $13.02, $6.77, $9.80, $18.13. About how much will you pay (before tax)?", "split": "test", "exact_value": 63.46}
{"id": "basket_sum_001549", "topic": "basket_sum", "subtopic": "decimal_prices", "prompt": "You’re buying 4 items: $6.99, $11.16, $19.16, $13.62. About how much will you pay (before tax)?", "split": "test", "exact_value": 50.93}
{"id": "basket_sum_001550", "topic": "basket_sum", "subtopic": "decimal_prices", "prompt": "You’re buying 3 items: $9.96, $15.17, $17.15. About how much will you pay (before tax)?", "split": "test", "exact_value": 42.28}
{"id": "basket_sum_001551", "topic": "basket_sum", "subtopic": "decimal_prices", "prompt": "You’re buying 4 items: $3.21, $10.67, $16.25, $3.53. About how much will you pay (before tax)?", "split": "test", "exact_value": 33.66}
{"id": "basket_sum_001552", "topic": "basket_sum", "subtopic": "decimal_prices", "prompt": "You’re buying 3 items: $15.06, $14.56, $6.21. About how much will you pay (before tax)?", "split": "test", "exact_value": 35.83}
{"id": "basket_sum_001553", "topic": "basket_sum", "subtopic": "decimal_prices", "prompt": "You’re buying 3 items: $5.59, $5.60, $14.81. About how much will you pay (before tax)?", "split": "test", "exact_value": 26.0}
{"id": "basket_sum_001554", "topic": "basket_sum", "subtopic": "decimal_prices", "prompt": "You’re buying 5 items: $7.10, $19.49, $13.62, $10.77, $11.87. About how much will you pay (before tax)?", "split": "test", "exact_value": 62.85}
{"id": "basket_sum_001555", "topic": "basket_sum", "subtopic": "decimal_prices", "prompt": "You’re buying 5 items: $15.38, $3.32, $8.89, $13.49, $11.91. About how much will you pay (before tax)?", "split": "test", "exact_value": 52.99}
{"id": "basket_sum_001556", "topic": "basket_sum", "subtopic": "decimal_prices", "prompt": "You’re buying 3 items: $15.15, $16.15, $12.92. About how much will you pay (before tax)?", "split": "test", "exact_value": 44.22}
{"id": "basket_sum_001557", "topic": "basket_sum", "subtopic": "decimal_prices", "prompt": "You’re buying 4 items: $19.60, $1.06, $12.97, $16.83. About how much will you pay (before tax)?", "split": "test", "exact_value": 50.46}
{"id": "basket_sum_001558", "topic": "basket_sum", "subtopic": "decimal_prices", "prompt": "You’re buying 4 items: $3.90, $6.98, $11.77, $10.08. About how much will you pay (before tax)?", "split": "test", "exact_value": 32.73}
{"id": "basket_sum_001559", "topic": "basket_sum", "subtopic": "decimal_prices", "prompt": "You’re buying 5 items: $4.39, $17.48, $19.43, $8.58, $19.85. About how much will you pay (before tax)?", "split": "test", "exact_value": 69.73}
{"id": "basket_sum_001560", "topic": "basket_sum", "subtopic": "decimal_prices", "prompt": "You’re buying 6 items: $12.72, $11.27, $3.05, $6.15, $15.55, $18.53. About how much will you pay (before tax)?", "split": "test", "exact_value": 67.27}
{"id": "basket_sum_001561", "topic": "basket_sum", "subtopic": "decimal_prices", "prompt": "You’re buying 5 items: $19.93, $4.37, $7.34, $17.53, $15.61. About how much will you pay (before tax)?", "split": "test", "exact_value": 64.78}
{"id": "basket_sum_001562", "topic": "basket_sum", "subtopic": "decimal_prices", "prompt": "You’re buying 6 items: $13.52, $13.62, $7.36, $10.76, $2.00, $7.81. About how much will you pay (before tax)?", "split": "test", "exact_value": 55.07}
{"id": "basket_sum_001563", "topic": "basket_sum", "subtopic": "decimal_prices", "prompt": "You’re buying 3 items: $19.31, $3.21, $5.15. About how much will you pay (before tax)?", "split": "test", "exact_value": 27.67}
{"id": "basket_sum_001564", "topic": "basket_sum", "subtopic": "decimal_prices", "prompt": "You’re buying 6 items: $16.73, $3.10, $14.47, $3.21, $7.46, $9.48. About how much will you pay (before tax)?", "split": "test", "exact_value": 54.45}
{"id": "basket_sum_001565", "topic": "basket_sum", "subtopic": "decimal_prices", "prompt": "You’re buying 3 items: $19.34, $19.45, $4.30. About how much will you pay (before tax)?", "split": "test", "exact_value": 43.09}
{"id": "basket_sum_001566", "topic": "basket_sum", "subtopic": "decimal_prices", "prompt": "You’re buying 4 items: $3.51, $13.86, $15.69, $4.60. About how much will you pay (before tax)?", "split": "test", "exact_value": 37.66}
{"id": "basket_sum_001567", "topic": "basket_sum", "subtopic": "decimal_prices", "prompt": "You’re buying 5 items: $10.88, $15.76, $11.60, $10.98, $1.69. About how much will you pay (before tax)?", "split": "test", "exact_value": 50.91}
{"id": "basket_sum_001568", "topic": "basket_sum", "subtopic": "decimal_prices", "prompt": "You’re buying 5 items: $11.15, $14.11, $19.94, $3.99, $3.84. About how much will you pay (before tax)?", "split": "test", "exact_value": 53.03}
{"id": "basket_sum_001569", "topic": "basket_sum", "subtopic": "decimal_prices", "prompt": "You’re buying 4 items: $12.98, $17.28, $5.13, $18.66. About how much will you pay (before tax)?", "split": "test", "exact_value": 54.05}
{"id": "basket_sum_001570", "topic": "basket_sum", "subtopic": "decimal_prices", "prompt": "You’re buying 4 items: $11.17, $19.13, $8.93, $4.67. About how much will you pay (before tax)?", "split": "test", "exact_value": 43.9}
{"id": "basket_sum_001571", "topic": "basket_sum", "subtopic": "decimal_prices", "prompt": "You’re buying 3 items: $19.20, $19.01, $6.48. About how much will you pay (before tax)?", "split": "test", "exact_value": 44.69}
{"id": "basket_sum_001572", "topic": "basket_sum", "subtopic": "decimal_prices", "prompt": "You’re buying 6 items: $17.95, $9.78, $3.40, $18.80, $0.80, $5.62. About how much will you pay (before tax)?", "split": "test", "exact_value": 56.35}
{"id": "basket_sum_001573", "topic": "basket_sum", "subtopic": "decimal_prices", "prompt": "You’re buying 5 items: $4.80, $14.87, $12.19, $2.07, $15.29. About how much will you pay (before tax)?", "split": "test", "exact_value": 49.22}
{"id": "basket_sum_001574", "topic": "basket_sum", "subtopic": "decimal_prices", "prompt": "You’re buying 4 items: $3.55, $16.58, $15.47, $16.28. About how much will you pay (before tax)?", "split": "test", "exact_value": 51.88}
{"id": "basket_sum_001575", "topic": "basket_sum", "subtopic": "decimal_prices", "prompt": "You’re buying 4 items: $8.30, $3.85, $8.83, $12.15. About how much will you pay (before tax)?", "split": "test", "exact_value": 33.13}
{"id": "basket_sum_001576", "topic": "basket_sum", "subtopic": "decimal_prices", "prompt": "You’re buying 4 items: $16.81, $2.14, $19.29, $6.09. About how much will you pay (before tax)?", "split": "test", "exact_value": 44.33}
{"id": "basket_sum_001577", "topic": "basket_sum", "subtopic": "decimal_prices", "prompt": "You’re buying 6 items: $3.16, $14.99, $18.92, $3.71, $9.30, $13.70. About how much will you pay (before tax)?", "split": "test", "exact_value": 63.78}
{"id": "basket_sum_001578", "topic": "basket_sum", "subtopic": "decimal_prices", "prompt": "You’re buying 5 items: $1.00, $3.04, $6.76, $2.76, $12.86. About how much will you pay (before tax)?", "split": "test", "exact_value": 26.42}
{"id": "basket_sum_001579", "topic": "basket_sum", "subtopic": "decimal_prices", "prompt": "You’re buying 6 items: $5.25, $9.20, $16.58, $11.18, $12.50, $3.74. About how much will you pay (before tax)?", "split": "test", "exact_value": 58.45}
{"id": "basket_sum_001580", "topic": "basket_sum", "subtopic": "decimal_prices", "prompt": "You’re buying 5 items: $17.59, $19.02, $1.58, $16.88, $5.69. About how much will you pay (before tax)?", "split": "test", "exact_value": 60.76}
{"id": "basket_sum_001581", "topic": "basket_sum", "subtopic": "decimal_prices", "prompt": "You’re buying 6 items: $8.97, $4.02, $14.42, $17.41, $10.15, $6.38. About how much will you pay (before tax)?", "split": "test", "exact_value": 61.35}
{"id": "basket_sum_001582", "topic": "basket_sum", "subtopic": "decimal_prices", "prompt": "You’re buying 3 items: $2.49, $14.84, $19.22. About how much will you pay (before tax)?", "split": "test", "exact_value": 36.55}
{"id": "basket_sum_001583", "topic": "basket_sum", "subtopic": "decimal_prices", "prompt": "You’re buying 5 items: $5.42, $17.11, $10.29, $14.26, $9.09. About how much will you pay (before tax)?", "split": "test", "exact_value": 56.17}
{"id": "basket_sum_001584", "topic": "basket_sum", "subtopic": "decimal_prices", "prompt": "You’re buying 3 items: $13.04, $17.40, $6.17. About how much will you pay (before tax)?", "split": "test", "exact_value": 36.61}
{"id": "basket_sum_001585", "topic": "basket_sum", "subtopic": "decimal_prices", "prompt": "You’re buying 5 items: $18.16, $13.08, $7.10, $13.60, $5.61. About how much will you pay (before tax)?", "split": "test", "exact_value": 57.55}
{"id": "basket_sum_001586", "topic": "basket_sum", "subtopic": "decimal_prices", "prompt": "You’re buying 5 items: $2.39, $2.73, $16.27, $5.45, $10.29. About how much will you pay (before tax)?", "split": "test", "exact_value": 37.13}
{"id": "basket_sum_001587", "topic": "basket_sum", "subtopic": "decimal_prices", "prompt": "You’re buying 6 items: $13.57, $2.79, $15.78, $14.39, $11.55, $16.87. About how much will you pay (before tax)?", "split": "test", "exact_value": 74.95}
{"id": "basket_sum_001588", "topic": "basket_sum", "subtopic": "decimal_prices", "prompt": "You’re buying 6 items: $12.44, $17.50, $13.61, $1.60, $2.86, $16.88. About how much will you pay (before tax)?", "split": "test", "exact_value": 64.89}
{"id": "basket_sum_001589", "topic": "basket_sum", "subtopic": "decimal_prices", "prompt": "You’re buying 3 items: $11.84, $3.05, $15.46. About how much will you pay (before tax)?", "split": "test", "exact_value": 30.35}
{"id": "basket_sum_001590", "topic": "basket_sum", "subtopic": "decimal_prices", "prompt": "You’re buying 5 items: $11.93, $14.41, $12.38, $16.44, $14.58. About how much will you pay (before tax)?", "split": "test", "exact_value": 69.74}
{"id": "basket_sum_001591", "topic": "basket_sum", "subtopic": "decimal_prices", "prompt": "You’re buying 3 items: $7.46, $15.92, $17.15. About how much will you pay (before tax)?", "split": "test", "exact_value": 40.53}
{"id": "basket_sum_001592", "topic": "basket_sum", "subtopic": "decimal_prices", "prompt": "You’re buying 3 items: $18.84, $16.40, $12.85. About how much will you pay (before tax)?", "split": "test", "exact_value": 48.09}
{"id": "basket_sum_001593", "topic": "basket_sum", "subtopic": "decimal_prices", "prompt": "You’re buying 6 items: $13.64, $1.28, $11.68, $1.25, $18.95, $2.69. About how much will you pay (before tax)?", "split": "test", "exact_value": 49.49}
{"id": "basket_sum_001594", "topic": "basket_sum", "subtopic": "decimal_prices", "prompt": "You’re buying 6 items: $16.19, $14.79, $17.10, $5.66, $16.50, $7.40. About how much will you pay (before tax)?", "split": "test", "exact_value": 77.64}
{"id": "basket_sum_001595", "topic": "basket_sum", "subtopic": "decimal_prices", "prompt": "You’re buying 4 items: $6.10, $15.84, $7.02, $14.21. About how much will you pay (before tax)?", "split": "test", "exact_value": 43.17}
{"id": "basket_sum_001596", "topic": "basket_sum", "subtopic": "decimal_prices", "prompt": "You’re buying 5 items: $15.55, $3.87, $11.51, $17.37, $13.24. About how much will you pay (before tax)?", "split": "test", "exact_value": 61.54}
{"id": "basket_sum_001597", "topic": "basket_sum", "subtopic": "decimal_prices", "prompt": "You’re buying 6 items: $15.25, $15.78, $4.09, $10.39, $2.50, $7.54. About how much will you pay (before tax)?", "split": "test", "exact_value": 55.55}
{"id": "basket_sum_001598", "topic": "basket_sum", "subtopic": "decimal_prices", "prompt": "You’re buying 4 items: $6.87, $6.66, $18.34, $2.53. About how much will you pay (before tax)?", "split": "test", "exact_value": 34.4}
{"id": "basket_sum_001599", "topic": "basket_sum", "subtopic": "decimal_prices", "prompt": "You’re buying 6 items: $6.80, $10.34, $4.36, $8.14, $5.87, $14.37. About how much will you pay (before tax)?", "split": "test", "exact_value": 49.88}
{"id": "basket_sum_001600", "topic": "basket_sum", "subtopic": "decimal_prices", "prompt": "You’re buying 5 items: $7.26, $9.20, $7.73, $3.85, $4.03. About how much will you pay (before tax)?", "split": "test", "exact_value": 32.07}
{"id": "basket_sum_001601", "topic": "basket_sum", "subtopic": "decimal_prices", "prompt": "You’re buying 3 items: $2.93, $11.96, $18.24. About how much will you pay (before tax)?", "split": "test", "exact_value": 33.13}
{"id": "basket_sum_001602", "topic": "basket_sum", "subtopic": "decimal_prices", "prompt": "You’re buying 5 items: $15.32, $11.12, $8.43, $14.15, $4.60. About how much will you pay (before tax)?", "split": "test", "exact_value": 53.62}
{"id": "basket_sum_001603", "topic": "basket_sum", "subtopic": "decimal_prices", "prompt": "You’re buying 3 items: $14.45, $18.35, $13.52. About how much will you pay (before tax)?", "split": "test", "exact_value": 46.32}
{"id": "basket_sum_001604", "topic": "basket_sum", "subtopic": "decimal_prices", "prompt": "You’re buying 5 items: $3.59, $7.32, $7.58, $3.34, $8.19. About how much will you pay (before tax)?", "split": "test", "exact_value": 30.02}
{"id": "basket_sum_001605", "topic": "basket_sum", "subtopic": "decimal_prices", "prompt": "You’re buying 5 items: $12.57, $19.43, $7.01, $5.11, $16.65. About how much will you pay (before tax)?", "split": "test", "exact_value": 60.77}
{"id": "basket_sum_001606", "topic": "basket_sum", "subtopic": "decimal_prices", "prompt": "You’re buying 4 items: $11.31, $13.61, $6.05, $10.28. About how much will you pay (before tax)?", "split": "test", "exact_value": 41.25}
{"id": "basket_sum_001607", "topic": "basket_sum", "subtopic": "decimal_prices", "prompt": "You’re buying 4 items: $5.50, $5.13, $13.23, $4.94. About how much will you pay (before tax)?", "split": "test", "exact_value": 28.8}
{"id": "basket_sum_001608", "topic": "basket_sum", "subtopic": "decimal_prices", "prompt": "You’re buying 3 items: $6.49, $19.31, $17.25. About how much will you pay (before tax)?", "split": "test", "exact_value": 43.05}
{"id": "basket_sum_001609", "topic": "basket_sum", "subtopic": "decimal_prices", "prompt": "You’re buying 6 items: $16.88, $8.75, $11.37, $11.70, $8.71, $17.07. About how much will you pay (before tax)?", "split": "test", "exact_value": 74.48}
{"id": "basket_sum_001610", "topic": "basket_sum", "subtopic": "decimal_prices", "prompt": "You’re buying 6 items: $12.83, $17.85, $19.59, $15.13, $14.36, $19.64. About how much will you pay (before tax)?", "split": "test", "exact_value": 99.4}
{"id": "basket_sum_001611", "topic": "basket_sum", "subtopic": "decimal_prices", "prompt": "You’re buying 5 items: $9.07, $7.79, $18.56, $5.30, $11.17. About how much will you pay (before tax)?", "split": "test", "exact_value": 51.89}
{"id": "basket_sum_001612", "topic": "basket_sum", "subtopic": "decimal_prices", "prompt": "You’re buying 3 items: $19.19, $3.37, $17.30. About how much will you pay (before tax)?", "split": "test", "exact_value": 39.86}
{"id": "basket_sum_001613", "topic": "basket_sum", "subtopic": "decimal_prices", "prompt": "You’re buying 4 items: $16.06, $11.91, $2.65, $18.41. About how much will you pay (before tax)?", "split": "test", "exact_value": 49.03}
{"id": "basket_sum_001614", "topic": "basket_sum", "subtopic": "decimal_prices", "prompt": "You’re buying 6 items: $11.07, $2.80, $16.65, $5.16, $7.48, $14.27. About how much will you pay (before tax)?", "split": "test", "exact_value": 57.43}
{"id": "basket_sum_001615", "topic": "basket_sum", "subtopic": "decimal_prices", "prompt": "You’re buying 4 items: $9.72, $11.82, $1.81, $12.67. About how much will you pay (before tax)?", "split": "test", "exact_value": 36.02}
{"id": "basket_sum_001616", "topic": "basket_sum", "subtopic": "decimal_prices", "prompt": "You’re buying 6 items: $12.14, $2.03, $19.91, $1.21, $9.40, $13.28. About how much will you pay (before tax)?", "split": "test", "exact_value": 57.97}
{"id": "basket_sum_001617", "topic": "basket_sum", "subtopic": "decimal_prices", "prompt": "You’re buying 5 items: $9.94, $14.35, $2.01, $7.59, $19.12. About how much will you pay (before tax)?", "split": "test", "exact_value": 53.01}
{"id": "basket_sum_001618", "topic": "basket_sum", "subtopic": "decimal_prices", "prompt": "You’re buying 5 items: $11.73, $18.98, $14.76, $14.49, $10.21. About how much will you pay (before tax)?", "split": "test", "exact_value": 70.17}
{"id": "basket_sum_001619", "topic": "basket_sum", "subtopic": "decimal_prices", "prompt": "You’re buying 4 items: $19.73, $4.92, $9.47, $11.13. About how much will you pay (before tax)?", "split": "test", "exact_value": 45.25}
{"id": "basket_sum_001620", "topic": "basket_sum", "subtopic": "decimal_prices", "prompt": "You’re buying 5 items: $7.14, $11.73, $17.61, $18.96, $3.56. About how much will you pay (before tax)?", "split": "test", "exact_value": 59.0}
{"id": "basket_sum_001621", "topic": "basket_sum", "subtopic": "decimal_prices", "prompt": "You’re buying 5 items: $17.35, $19.43, $1.81, $15.28, $12.07. About how much will you pay (before tax)?", "split": "test", "exact_value": 65.94}
{"id": "basket_sum_001622", "topic": "basket_sum", "subtopic": "decimal_prices", "prompt": "You’re buying 3 items: $12.58, $10.96, $14.81. About how much will you pay (before tax)?", "split": "test", "exact_value": 38.35}
{"id": "basket_sum_001623", "topic": "basket_sum", "subtopic": "decimal_prices", "prompt": "You’re buying 4 items: $5.57, $12.34, $15.36, $4.23. About how much will you pay (before tax)?", "split": "test", "exact_value": 37.5}
{"id": "basket_sum_001624", "topic": "basket_sum", "subtopic": "decimal_prices", "prompt": "You’re buying 4 items: $1.36, $18.62, $14.78, $7.16. About how much will you pay (before tax)?", "split": "test", "exact_value": 41.92}
{"id": "basket_sum_001625", "topic": "basket_sum", "subtopic": "decimal_prices", "prompt": "You’re buying 3 items: $18.96, $11.81, $19.01. About how much will you pay (before tax)?", "split": "test", "exact_value": 49.78}
{"id": "basket_sum_001626", "topic": "basket_sum", "subtopic": "decimal_prices", "prompt": "You’re buying 6 items: $16.24, $8.11, $9.90, $17.06, $4.30, $6.76. About how much will you pay (before tax)?", "split": "test", "exact_value": 62.37}
{"id": "basket_sum_001627", "topic": "basket_sum", "subtopic": "decimal_prices", "prompt": "You’re buying 4 items: $14.37, $17.67, $10.38, $4.33. About how much will you pay (before tax)?", "split": "test", "exact_value": 46.75}
{"id": "basket_sum_001628", "topic": "basket_sum", "subtopic": "decimal_prices", "prompt": "You’re buying 6 items: $4.64, $7.53, $13.22, $2.36, $9.46, $2.60. About how much will you pay (before tax)?", "split": "test", "exact_value": 39.81}
{"id": "basket_sum_001629", "topic": "basket_sum", "subtopic": "decimal_prices", "prompt": "You’re buying 5 items: $1.18, $12.43, $19.64, $1.93, $7.95. About how much will you pay (before tax)?", "split": "test", "exact_value": 43.13}
{"id": "basket_sum_001630", "topic": "basket_sum", "subtopic": "decimal_prices", "prompt": "You’re buying 4 items: $0.82, $19.70, $1.03, $7.07. About how much will you pay (before tax)?", "split": "test", "exact_value": 28.62}
{"id": "basket_sum_001631", "topic": "basket_sum", "subtopic": "decimal_prices", "prompt": "You’re buying 5 items: $1.32, $18.17, $11.61, $17.29, $19.14. About how much will you pay (before tax)?", "split": "test", "exact_value": 67.53}
{"id": "basket_sum_001632", "topic": "basket_sum", "subtopic": "decimal_prices", "prompt": "You’re buying 4 items: $13.01, $10.36, $11.07, $19.52. About how much will you pay (before tax)?", "split": "test", "exact_value": 53.96}
{"id": "basket_sum_001633", "topic": "basket_sum", "subtopic": "decimal_prices", "prompt": "You’re buying 3 items: $17.53, $18.31, $12.30. About how much will you pay (before tax)?", "split": "test", "exact_value": 48.14}
{"id": "basket_sum_001634", "topic": "basket_sum", "subtopic": "decimal_prices", "prompt": "You’re buying 4 items: $17.91, $14.35, $17.68, $4.20. About how much will you pay (before tax)?", "split": "test", "exact_value": 54.14}
{"id": "basket_sum_001635", "topic": "basket_sum", "subtopic": "decimal_prices", "prompt": "You’re buying 4 items: $16.43, $9.34, $12.73, $18.75. About how much will you pay (before tax)?", "split": "test", "exact_value": 57.25}
{"id": "basket_sum_001636", "topic": "basket_sum", "subtopic": "decimal_prices", "prompt": "You’re buying 3 items: $16.29, $6.77, $6.39. About how much will you pay (before tax)?", "split": "test", "exact_value": 29.45}
{"id": "basket_sum_001637", "topic": "basket_sum", "subtopic": "decimal_prices", "prompt": "You’re buying 5 items: $13.90, $12.12, $4.00, $2.70, $4.50. About how much will you pay (before tax)?", "split": "test", "exact_value": 37.22}
{"id": "basket_sum_001638", "topic": "basket_sum", "subtopic": "decimal_prices", "prompt": "You’re buying 4 items: $19.94, $18.45, $18.80, $18.62. About how much will you pay (before tax)?", "split": "test", "exact_value": 75.81}
{"id": "basket_sum_001639", "topic": "basket_sum", "subtopic": "decimal_prices", "prompt": "You’re buying 6 items: $15.84, $18.92, $13.63, $2.05, $5.52, $3.50. About how much will you pay (before tax)?", "split": "test", "exact_value": 59.46}
{"id": "basket_sum_001640", "topic": "basket_sum", "subtopic": "decimal_prices", "prompt": "You’re buying 6 items: $4.41, $8.55, $7.67, $18.39, $18.48, $16.36. About how much will you pay (before tax)?", "split": "test", "exact_value": 73.86}
{"id": "basket_sum_001641", "topic": "basket_sum", "subtopic": "decimal_prices", "prompt": "You’re buying 3 items: $17.07, $2.54, $13.36. About how much will you pay (before tax)?", "split": "test", "exact_value": 32.97}
{"id": "basket_sum_001642", "topic": "basket_sum", "subtopic": "decimal_prices", "prompt": "You’re buying 6 items: $15.32, $13.14, $6.22, $3.39, $15.45, $6.41. About how much will you pay (before tax)?", "split": "test", "exact_value": 59.93}
{"id": "basket_sum_001643", "topic": "basket_sum", "subtopic": "decimal_prices", "prompt": "You’re buying 6 items: $8.55, $8.03, $10.21, $10.22, $6.96, $10.08. About how much will you pay (before tax)?", "split": "test", "exact_value": 54.05}
{"id": "basket_sum_001644", "topic": "basket_sum", "subtopic": "decimal_prices", "prompt": "You’re buying 6 items: $6.66, $19.84, $15.59, $15.59, $14.21, $10.92. About how much will you pay (before tax)?", "split": "test", "exact_value": 82.81}
{"id": "basket_sum_001645", "topic": "basket_sum", "subtopic": "decimal_prices", "prompt": "You’re buying 3 items: $4.40, $2.50, $17.92. About how much will you pay (before tax)?", "split": "test", "exact_value": 24.82}
{"id": "basket_sum_001646", "topic": "basket_sum", "subtopic": "decimal_prices", "prompt": "You’re buying 4 items: $13.10, $14.98, $11.05, $1.70. About how much will you pay (before tax)?", "split": "test", "exact_value": 40.83}
{"id": "basket_sum_001647", "topic": "basket_sum", "subtopic": "decimal_prices", "prompt": "You’re buying 5 items: $8.18, $7.54, $11.12, $16.61, $13.93. About how much will you pay (before tax)?", "split": "test", "exact_value": 57.38}
{"id": "basket_sum_001648", "topic": "basket_sum", "subtopic": "decimal_prices", "prompt": "You’re buying 6 items: $14.97, $10.85, $4.21, $7.91, $14.21, $18.27. About how much will you pay (before tax)?", "split": "test", "exact_value": 70.42}
{"id": "basket_sum_001649", "topic": "basket_sum", "subtopic": "decimal_prices", "prompt": "You’re buying 3 items: $9.57, $4.36, $5.04. About how much will you pay (before tax)?", "split": "test", "exact_value": 18.97}
{"id": "basket_sum_001650", "topic": "basket_sum", "subtopic": "decimal_prices", "prompt": "You’re buying 5 items: $2.19, $4.70, $4.76, $13.09, $1.09. About how much will you pay (before tax)?", "split": "test", "exact_value": 25.83}
{"id": "basket_sum_001651", "topic": "basket_sum", "subtopic": "decimal_prices", "prompt": "You’re buying 6 items: $4.75, $14.03, $18.54, $0.88, $5.41, $16.41. About how much will you pay (before tax)?", "split": "test", "exact_value": 60.02}
{"id": "basket_sum_001652", "topic": "basket_sum", "subtopic": "decimal_prices", "prompt": "You’re buying 5 items: $19.69, $19.74, $16.66, $7.93, $16.88. About how much will you pay (before tax)?", "split": "test", "exact_value": 80.9}
{"id": "basket_sum_001653", "topic": "basket_sum", "subtopic": "decimal_prices", "prompt": "You’re buying 3 items: $3.78, $12.29, $12.73. About how much will you pay (before tax)?", "split": "test", "exact_value": 28.8}
{"id": "basket_sum_001654", "topic": "basket_sum", "subtopic": "decimal_prices", "prompt": "You’re buying 5 items: $17.72, $8.91, $11.74, $17.37, $12.81. About how much will you pay (before tax)?", "split": "test", "exact_value": 68.55}
{"id": "basket_sum_001655", "topic": "basket_sum", "subtopic": "decimal_prices", "prompt": "You’re buying 4 items: $18.84, $13.33, $18.33, $8.65. About how much will you pay (before tax)?", "split": "test", "exact_value": 59.15}
{"id": "basket_sum_001656", "topic": "basket_sum", "subtopic": "decimal_prices", "prompt": "You’re buying 3 items: $8.78, $8.73, $6.13. About how much will you pay (before tax)?", "split": "test", "exact_value": 23.64}
{"id": "basket_sum_001657", "topic": "basket_sum", "subtopic": "decimal_prices", "prompt": "You’re buying 4 items: $16.47, $10.16, $12.31, $12.82. About how much will you pay (before tax)?", "split": "test", "exact_value": 51.76}
{"id": "basket_sum_001658", "topic": "basket_sum", "subtopic": "decimal_prices", "prompt": "You’re buying 6 items: $1.59, $15.52, $3.26, $14.03, $2.14, $2.99. About how much will you pay (before tax)?", "split": "test", "exact_value": 39.53}
{"id": "basket_sum_001659", "topic": "basket_sum", "subtopic": "decimal_prices", "prompt": "You’re buying 4 items: $18.11, $10.17, $4.31, $7.08. About how much will you pay (before tax)?", "split": "test", "exact_value": 39.67}
{"id": "basket_sum_001660", "topic": "basket_sum", "subtopic": "decimal_prices", "prompt": "You’re buying 5 items: $19.13, $14.52, $14.13, $6.26, $6.29. About how much will you pay (before tax)?", "split": "test", "exact_value": 60.33}
{"id": "basket_sum_001661", "topic": "basket_sum", "subtopic": "decimal_prices", "prompt": "You’re buying 5 items: $2.87, $3.08, $16.59, $17.76, $19.03. About how much will you pay (before tax)?", "split": "test", "exact_value": 59.33}
{"id": "basket_sum_001662", "topic": "basket_sum", "subtopic": "decimal_prices", "prompt": "You’re buying 6 items: $4.65, $10.74, $1.48, $9.98, $2.93, $1.52. About how much will you pay (before tax)?", "split": "test", "exact_value": 31.3}
{"id": "basket_sum_001663", "topic": "basket_sum", "subtopic": "decimal_prices", "prompt": "You’re buying 6 items: $4.33, $15.43, $16.27, $5.43, $12.60, $9.20. About how much will you pay (before tax)?", "split": "test", "exact_value": 63.26}
{"id": "basket_sum_001664", "topic": "basket_sum", "subtopic": "decimal_prices", "prompt": "You’re buying 4 items: $9.28, $15.56, $13.52, $10.46. About how much will you pay (before tax)?", "split": "test", "exact_value": 48.82}
{"id": "basket_sum_001665", "topic": "basket_sum", "subtopic": "decimal_prices", "prompt": "You’re buying 4 items: $15.55, $14.71, $1.63, $1.06. About how much will you pay (before tax)?", "split": "test", "exact_value": 32.95}
{"id": "basket_sum_001666", "topic": "basket_sum", "subtopic": "decimal_prices", "prompt": "You’re buying 4 items: $7.34, $19.04, $18.49, $7.51. About how much will you pay (before tax)?", "split": "test", "exact_value": 52.38}
{"id": "basket_sum_001667", "topic": "basket_sum", "subtopic": "decimal_prices", "prompt": "You’re buying 4 items: $18.10, $1.87, $8.09, $18.97. About how much will you pay (before tax)?", "split": "test", "exact_value": 47.03}
{"id": "basket_sum_001668", "topic": "basket_sum", "subtopic": "decimal_prices", "prompt": "You’re buying 3 items: $5.11, $12.83, $7.24. About how much will you pay (before tax)?", "split": "test", "exact_value": 25.18}
{"id": "basket_sum_001669", "topic": "basket_sum", "subtopic": "decimal_prices", "prompt": "You’re buying 6 items: $1.28, $9.25, $16.98, $12.34, $6.32, $3.88. About how much will you pay (before tax)?", "split": "test", "exact_value": 50.05}
{"id": "basket_sum_001670", "topic": "basket_sum", "subtopic": "decimal_prices", "prompt": "You’re buying 5 items: $1.88, $13.94, $8.66, $11.05, $12.67. About how much will you pay (before tax)?", "split": "test", "exact_value": 48.2}
{"id": "basket_sum_001671", "topic": "basket_sum", "subtopic": "decimal_prices", "prompt": "You’re buying 4 items: $14.69, $6.97, $1.53, $18.10. About how much will you pay (before tax)?", "split": "test", "exact_value": 41.29}
{"id": "basket_sum_001672", "topic": "basket_sum", "subtopic": "decimal_prices", "prompt": "You’re buying 4 items: $0.90, $0.86, $1.91, $8.23. About how much will you pay (before tax)?", "split": "test", "exact_value": 11.9}
{"id": "basket_sum_001673", "topic": "basket_sum", "subtopic": "decimal_prices", "prompt": "You’re buying 3 items: $17.24, $15.42, $1.47. About how much will you pay (before tax)?", "split": "test", "exact_value": 34.13}
{"id": "basket_sum_001674", "topic": "basket_sum", "subtopic": "decimal_prices", "prompt": "You’re buying 3 items: $1.17, $16.61, $9.94. About how much will you pay (before tax)?", "split": "test", "exact_value": 27.72}
{"id": "basket_sum_001675", "topic": "basket_sum", "subtopic": "decimal_prices", "prompt": "You’re buying 6 items: $6.21, $12.62, $9.42, $15.15, $13.90, $12.55. About how much will you pay (before tax)?", "split": "test", "exact_value": 69.85}
{"id": "basket_sum_001676", "topic": "basket_sum", "subtopic": "decimal_prices", "prompt": "You’re buying 5 items: $19.61, $13.01, $9.99, $18.04, $9.51. About how much will you pay (before tax)?", "split": "test", "exact_value": 70.16}
{"id": "basket_sum_001677", "topic": "basket_sum", "subtopic": "decimal_prices", "prompt": "You’re buying 5 items: $5.09, $6.30, $14.82, $19.28, $8.25. About how much will you pay (before tax)?", "split": "test", "exact_value": 53.74}
{"id": "basket_sum_001678", "topic": "basket_sum", "subtopic": "decimal_prices", "prompt": "You’re buying 5 items: $17.72, $7.86, $1.19, $16.25, $3.55. About how much will you pay (before tax)?", "split": "test", "exact_value": 46.57}
{"id": "basket_sum_001679", "topic": "basket_sum", "subtopic": "decimal_prices", "prompt": "You’re buying 6 items: $8.67, $17.68, $17.14, $19.75, $3.19, $12.82. About how much will you pay (before tax)?", "split": "test", "exact_value": 79.25}
{"id": "basket_sum_001680", "topic": "basket_sum", "subtopic": "decimal_prices", "prompt": "You’re buying 4 items: $18.87, $8.88, $8.81, $14.87. About how much will you pay (before tax)?", "split": "test", "exact_value": 51.43}
{"id": "basket_sum_001681", "topic": "basket_sum", "subtopic": "decimal_prices", "prompt": "You’re buying 6 items: $19.08, $9.69, $7.28, $13.57, $3.35, $10.96. About how much will you pay (before tax)?", "split": "test", "exact_value": 63.93}
{"id": "basket_sum_001682", "topic": "basket_sum", "subtopic": "decimal_prices", "prompt": "You’re buying 4 items: $4.96, $4.46, $4.53, $17.56. About how much will you pay (before tax)?", "split": "test", "exact_value": 31.51}
{"id": "basket_sum_001683", "topic": "basket_sum", "subtopic": "decimal_prices", "prompt": "You’re buying 5 items: $18.08, $11.32, $15.46, $8.63, $13.15. About how much will you pay (before tax)?", "split": "test", "exact_value": 66.64}
{"id": "basket_sum_001684", "topic": "basket_sum", "subtopic": "decimal_prices", "prompt": "You’re buying 4 items: $8.33, $9.82, $11.21, $9.47. About how much will you pay (before tax)?", "split": "test", "exact_value": 38.83}
{"id": "basket_sum_001685", "topic": "basket_sum", "subtopic": "decimal_prices", "prompt": "You’re buying 6 items: $1.77, $4.96, $11.38, $3.80, $8.17, $10.73. About how much will you pay (before tax)?", "split": "test", "exact_value": 40.81}
{"id": "basket_sum_001686", "topic": "basket_sum", "subtopic": "decimal_prices", "prompt": "You’re buying 4 items: $18.90, $1.25, $4.75, $11.68. About how much will you pay (before tax)?", "split": "test", "exact_value": 36.58}
{"id": "basket_sum_001687", "topic": "basket_sum", "subtopic": "decimal_prices", "prompt": "You’re buying 4 items: $6.04, $15.11, $11.61, $3.78. About how much will you pay (before tax)?", "split": "test", "exact_value": 36.54}
{"id": "basket_sum_001688", "topic": "basket_sum", "subtopic": "decimal_prices", "prompt": "You’re buying 6 items: $11.83, $16.17, $3.68, $6.87, $5.51, $14.97. About how much will you pay (before tax)?", "split": "test", "exact_value": 59.03}
{"id": "basket_sum_001689", "topic": "basket_sum", "subtopic": "decimal_prices", "prompt": "You’re buying 6 items: $6.86, $18.70, $12.55, $14.91, $17.61, $13.77. About how much will you pay (before tax)?", "split": "test", "exact_value": 84.4}
{"id": "basket_sum_001690", "topic": "basket_sum", "subtopic": "decimal_prices", "prompt": "You’re buying 3 items: $2.44, $0.96, $17.35. About how much will you pay (before tax)?", "split": "test", "exact_value": 20.75}
{"id": "basket_sum_001691", "topic": "basket_sum", "subtopic": "decimal_prices", "prompt": "You’re buying 3 items: $7.15, $2.52, $18.68. About how much will you pay (before tax)?", "split": "test", "exact_value": 28.35}
{"id": "basket_sum_001692", "topic": "basket_sum", "subtopic": "decimal_prices", "prompt": "You’re buying 5 items: $4.69, $3.68, $4.88, $16.93, $7.76. About how much will you pay (before tax)?", "split": "test", "exact_value": 37.94}
{"id": "basket_sum_001693", "topic": "basket_sum", "subtopic": "decimal_prices", "prompt": "You’re buying 5 items: $11.99, $16.69, $9.91, $14.30, $6.35. About how much will you pay (before tax)?", "split": "test", "exact_value": 59.24}
{"id": "basket_sum_001694", "topic": "basket_sum", "subtopic": "decimal_prices", "prompt": "You’re buying 3 items: $16.19, $3.86, $17.70. About how much will you pay (before tax)?", "split": "test", "exact_value": 37.75}
{"id": "basket_sum_001695", "topic": "basket_sum", "subtopic": "decimal_prices", "prompt": "You’re buying 4 items: $8.76, $11.01, $12.66, $3.83. About how much will you pay (before tax)?", "split": "test", "exact_value": 36.26}
{"id": "basket_sum_001696", "topic": "basket_sum", "subtopic": "decimal_prices", "prompt": "You’re buying 6 items: $14.23, $6.19, $17.07, $5.58, $2.97, $18.94. About how much will you pay (before tax)?", "split": "test", "exact_value": 64.98}
{"id": "basket_sum_001697", "topic": "basket_sum", "subtopic": "decimal_prices", "prompt": "You’re buying 6 items: $2.65, $1.55, $17.69, $9.87, $9.95, $15.52. About how much will you pay (before tax)?", "split": "test", "exact_value": 57.23}
{"id": "basket_sum_001698", "topic": "basket_sum", "subtopic": "decimal_prices", "prompt": "You’re buying 5 items: $18.66, $12.02, $4.28, $17.95, $19.42. About how much will you pay (before tax)?", "split": "test", "exact_value": 72.33}
{"id": "basket_sum_001699", "topic": "basket_sum", "subtopic": "decimal_prices", "prompt": "You’re buying 5 items: $17.79, $19.76, $17.81, $2.11, $3.38. About how much will you pay (before tax)?", "split": "test", "exact_value": 60.85}
{"id": "basket_sum_001700", "topic": "basket_sum", "subtopic": "decimal_prices", "prompt": "You’re buying 5 items: $13.80, $18.39, $2.92, $18.74, $19.23. About how much will you pay (before tax)?", "split": "test", "exact_value": 73.08}
{"id": "basket_sum_001701", "topic": "basket_sum", "subtopic": "decimal_prices", "prompt": "You’re buying 4 items: $19.25, $6.95, $14.45, $19.01. About how much will you pay (before tax)?", "split": "test", "exact_value": 59.66}
{"id": "basket_sum_001702", "topic": "basket_sum", "subtopic": "decimal_prices", "prompt": "You’re buying 3 items: $7.60, $19.67, $10.29. About how much will you pay (before tax)?", "split": "test", "exact_value": 37.56}
{"id": "basket_sum_001703", "topic": "basket_sum", "subtopic": "decimal_prices", "prompt": "You’re buying 6 items: $19.83, $7.80, $5.64, $10.65, $19.65, $18.15. About how much will you pay (before tax)?", "split": "test", "exact_value": 81.72}
{"id": "basket_sum_001704", "topic": "basket_sum", "subtopic": "decimal_prices", "prompt": "You’re buying 3 items: $10.19, $18.18, $1.79. About how much will you pay (before tax)?", "split": "test", "exact_value": 30.16}
{"id": "basket_sum_001705", "topic": "basket_sum", "subtopic": "decimal_prices", "prompt": "You’re buying 4 items: $14.24, $5.84, $19.92, $7.27. About how much will you pay (before tax)?", "split": "test", "exact_value": 47.27}
{"id": "basket_sum_001706", "topic": "basket_sum", "subtopic": "decimal_prices", "prompt": "You’re buying 5 items: $15.19, $15.38, $9.59, $2.33, $11.37. About how much will you pay (before tax)?", "split": "test", "exact_value": 53.86}
{"id": "basket_sum_001707", "topic": "basket_sum", "subtopic": "decimal_prices", "prompt": "You’re buying 4 items: $17.53, $18.58, $1.00, $11.80. About how much will you pay (before tax)?", "split": "test", "exact_value": 48.91}
{"id": "basket_sum_001708", "topic": "basket_sum", "subtopic": "decimal_prices", "prompt": "You’re buying 5 items: $8.10, $18.16, $8.09, $1.48, $13.69. About how much will you pay (before tax)?", "split": "test", "exact_value": 49.52}
{"id": "basket_sum_001709", "topic": "basket_sum", "subtopic": "decimal_prices", "prompt": "You’re buying 6 items: $7.23, $16.21, $17.18, $15.85, $8.61, $7.36. About how much will you pay (before tax)?", "split": "test", "exact_value": 72.44}
{"id": "basket_sum_001710", "topic": "basket_sum", "subtopic": "decimal_prices", "prompt": "You’re buying 5 items: $14.60, $11.40, $10.18, $5.91, $18.33. About how much will you pay (before tax)?", "split": "test", "exact_value": 60.42}
{"id": "basket_sum_001711", "topic": "basket_sum", "subtopic": "decimal_prices", "prompt": "You’re buying 3 items: $16.26, $18.33, $17.33. About how much will you pay (before tax)?", "split": "test", "exact_value": 51.92}
{"id": "basket_sum_001712", "topic": "basket_sum", "subtopic": "decimal_prices", "prompt": "You’re buying 3 items: $1.23, $3.26, $15.42. About how much will you pay (before tax)?", "split": "test", "exact_value": 19.91}
{"id": "basket_sum_001713", "topic": "basket_sum", "subtopic": "decimal_prices", "prompt": "You’re buying 4 items: $2.22, $7.96, $3.75, $16.18. About how much will you pay (before tax)?", "split": "test", "exact_value": 30.11}
{"id": "basket_sum_001714", "topic": "basket_sum", "subtopic": "decimal_prices", "prompt": "You’re buying 3 items: $17.37, $0.98, $1.05. About how much will you pay (before tax)?", "split": "test", "exact_value": 19.4}
{"id": "basket_sum_001715", "topic": "basket_sum", "subtopic": "decimal_prices", "prompt": "You’re buying 5 items: $17.50, $12.65, $3.79, $12.81, $17.52. About how much will you pay (before tax)?", "split": "test", "exact_value": 64.27}
{"id": "basket_sum_001716", "topic": "basket_sum", "subtopic": "decimal_prices", "prompt": "You’re buying 6 items: $12.91, $7.14, $13.56, $12.55, $1.87, $3.45. About how much will you pay (before tax)?", "split": "test", "exact_value": 51.48}
{"id": "basket_sum_001717", "topic": "basket_sum", "subtopic": "decimal_prices", "prompt": "You’re buying 3 items: $4.35, $14.58, $2.55. About how much will you pay (before tax)?", "split": "test", "exact_value": 21.48}
{"id": "basket_sum_001718", "topic": "basket_sum", "subtopic": "decimal_prices", "prompt": "You’re buying 6 items: $15.99, $5.27, $1.75, $2.31, $6.94, $10.95. About how much will you pay (before tax)?", "split": "test", "exact_value": 43.21}
{"id": "basket_sum_001719", "topic": "basket_sum", "subtopic": "decimal_prices", "prompt": "You’re buying 6 items: $16.49, $14.39, $10.30, $14.35, $9.80, $14.84. About how much will you pay (before tax)?", "split": "test", "exact_value": 80.17}
{"id": "basket_sum_001720", "topic": "basket_sum", "subtopic": "decimal_prices", "prompt": "You’re buying 3 items: $9.29, $10.54, $2.32. About how much will you pay (before tax)?", "split": "test", "exact_value": 22.15}
{"id": "basket_sum_001721", "topic": "basket_sum", "subtopic": "decimal_prices", "prompt": "You’re buying 4 items: $5.84, $17.65, $11.84, $4.43. About how much will you pay (before tax)?", "split": "test", "exact_value": 39.76}
{"id": "basket_sum_001722", "topic": "basket_sum", "subtopic": "decimal_prices", "prompt": "You’re buying 3 items: $14.29, $2.24, $4.38. About how much will you pay (before tax)?", "split": "test", "exact_value": 20.91}
{"id": "basket_sum_001723", "topic": "basket_sum", "subtopic": "decimal_prices", "prompt": "You’re buying 5 items: $15.31, $5.16, $8.37, $16.84, $6.49. About how much will you pay (before tax)?", "split": "test", "exact_value": 52.17}
{"id": "basket_sum_001724", "topic": "basket_sum", "subtopic": "decimal_prices", "prompt": "You’re buying 6 items: $10.52, $6.27, $8.98, $16.62, $14.91, $10.98. About how much will you pay (before tax)?", "split": "test", "exact_value": 68.28}
{"id": "basket_sum_001725", "topic": "basket_sum", "subtopic": "decimal_prices", "prompt": "You’re buying 5 items: $6.19, $3.89, $1.97, $10.27, $18.12. About how much will you pay (before tax)?", "split": "test", "exact_value": 40.44}
{"id": "basket_sum_001726", "topic": "basket_sum", "subtopic": "decimal_prices", "prompt": "You’re buying 3 items: $12.69, $16.49, $2.33. About how much will you pay (before tax)?", "split": "test", "exact_value": 31.51}
{"id": "basket_sum_001727", "topic": "basket_sum", "subtopic": "decimal_prices", "prompt": "You’re buying 6 items: $1.02, $15.08, $2.48, $12.08, $18.38, $7.73. About how much will you pay (before tax)?", "split": "test", "exact_value": 56.77}
{"id": "basket_sum_001728", "topic": "basket_sum", "subtopic": "decimal_prices", "prompt": "You’re buying 3 items: $11.72, $14.75, $6.92. About how much will you pay (before tax)?", "split": "test", "exact_value": 33.39}
{"id": "basket_sum_001729", "topic": "basket_sum", "subtopic": "decimal_prices", "prompt": "You’re buying 5 items: $15.04, $10.01, $10.38, $15.45, $6.81. About how much will you pay (before tax)?", "split": "test", "exact_value": 57.69}
{"id": "basket_sum_001730", "topic": "basket_sum", "subtopic": "decimal_prices", "prompt": "You’re buying 4 items: $5.17, $4.06, $14.05, $8.66. About how much will you pay (before tax)?", "split": "test", "exact_value": 31.94}
{"id": "basket_sum_001731", "topic": "basket_sum", "subtopic": "decimal_prices", "prompt": "You’re buying 6 items: $7.02, $16.08, $18.94, $8.53, $17.47, $9.71. About how much will you pay (before tax)?", "split": "test", "exact_value": 77.75}
{"id": "basket_sum_001732", "topic": "basket_sum", "subtopic": "decimal_prices", "prompt": "You’re buying 4 items: $3.52, $15.20, $8.85, $1.26. About how much will you pay (before tax)?", "split": "test", "exact_value": 28.83}
{"id": "basket_sum_001733", "topic": "basket_sum", "subtopic": "decimal_prices", "prompt": "You’re buying 4 items: $15.92, $8.11, $17.50, $3.66. About how much will you pay (before tax)?", "split": "test", "exact_value": 45.19}
{"id": "basket_sum_001734", "topic": "basket_sum", "subtopic": "decimal_prices", "prompt": "You’re buying 5 items: $1.06, $15.98, $13.50, $4.11, $12.17. About how much will you pay (before tax)?", "split": "test", "exact_value": 46.82}
{"id": "basket_sum_001735", "topic": "basket_sum", "subtopic": "decimal_prices", "prompt": "You’re buying 4 items: $4.96, $1.10, $9.86, $5.99. About how much will you pay (before tax)?", "split": "test", "exact_value": 21.91}
{"id": "basket_sum_001736", "topic": "basket_sum", "subtopic": "decimal_prices", "prompt": "You’re buying 4 items: $1.21, $8.32, $6.62, $19.13. About how much will you pay (before tax)?", "split": "test", "exact_value": 35.28}
{"id": "basket_sum_001737", "topic": "basket_sum", "subtopic": "decimal_prices", "prompt": "You’re buying 5 items: $5.16, $10.13, $14.69, $9.10, $18.98. About how much will you pay (before tax)?", "split": "test", "exact_value": 58.06}
{"id": "basket_sum_001738", "topic": "basket_sum", "subtopic": "decimal_prices", "prompt": "You’re buying 4 items: $10.15, $13.57, $7.57, $2.83. About how much will you pay (before tax)?", "split": "test", "exact_value": 34.12}
{"id": "basket_sum_001739", "topic": "basket_sum", "subtopic": "decimal_prices", "prompt": "You’re buying 5 items: $14.35, $12.46, $3.51, $10.75, $10.28. About how much will you pay (before tax)?", "split": "test", "exact_value": 51.35}
{"id": "basket_sum_001740", "topic": "basket_sum", "subtopic": "decimal_prices", "prompt": "You’re buying 4 items: $8.78, $1.04, $6.70, $3.84. About how much will you pay (before tax)?", "split": "test", "exact_value": 20.36}
{"id": "basket_sum_001741", "topic": "basket_sum", "subtopic": "decimal_prices", "prompt": "You’re buying 5 items: $13.92, $9.03, $3.13, $3.28, $6.20. About how much will you pay (before tax)?", "split": "test", "exact_value": 35.56}
{"id": "basket_sum_001742", "topic": "basket_sum", "subtopic": "decimal_prices", "prompt": "You’re buying 5 items: $16.29, $17.38, $7.89, $19.42, $2.00. About how much will you pay (before tax)?", "split": "test", "exact_value": 62.98}
{"id": "basket_sum_001743", "topic": "basket_sum", "subtopic": "decimal_prices", "prompt": "You’re buying 6 items: $7.89, $5.52, $18.93, $14.01, $18.26, $18.12. About how much will you pay (before tax)?", "split": "test", "exact_value": 82.73}
{"id": "basket_sum_001744", "topic": "basket_sum", "subtopic": "decimal_prices", "prompt": "You’re buying 6 items: $15.90, $11.45, $11.87, $7.15, $4.52, $3.23. About how much will you pay (before tax)?", "split": "test", "exact_value": 54.12}
{"id": "basket_sum_001745", "topic": "basket_sum", "subtopic": "decimal_prices", "prompt": "You’re buying 5 items: $15.80, $11.78, $18.29, $14.39, $12.49. About how much will you pay (before tax)?", "split": "test", "exact_value": 72.75}
{"id": "basket_sum_001746", "topic": "basket_sum", "subtopic": "decimal_prices", "prompt": "You’re buying 4 items: $10.17, $9.81, $1.16, $10.60. About how much will you pay (before tax)?", "split": "test", "exact_value": 31.74}
{"id": "basket_sum_001747", "topic": "basket_sum", "subtopic": "decimal_prices", "prompt": "You’re buying 3 items: $8.17, $3.64, $6.97. About how much will you pay (before tax)?", "split": "test", "exact_value": 18.78}
{"id": "basket_sum_001748", "topic": "basket_sum", "subtopic": "decimal_prices", "prompt": "You’re buying 6 items: $9.67, $18.08, $18.98, $14.76, $2.07, $8.27. About how much will you pay (before tax)?", "split": "test", "exact_value": 71.83}
{"id": "basket_sum_001749", "topic": "basket_sum", "subtopic": "decimal_prices", "prompt": "You’re buying 4 items: $15.98, $6.09, $3.54, $17.07. About how much will you pay (before tax)?", "split": "test", "exact_value": 42.68}
{"id": "basket_sum_001750", "topic": "basket_sum", "subtopic": "decimal_prices", "prompt": "You’re buying 3 items: $9.89, $5.08, $0.85. About how much will you pay (before tax)?", "split": "test", "exact_value": 15.82}
{"id": "basket_sum_001751", "topic": "basket_sum", "subtopic": "decimal_prices", "prompt": "You’re buying 5 items: $16.63, $10.06, $3.60, $6.03, $6.93. About how much will you pay (before tax)?", "split": "test", "exact_value": 43.25}
{"id": "basket_sum_001752", "topic": "basket_sum", "subtopic": "decimal_prices", "prompt": "You’re buying 5 items: $12.40, $11.09, $16.61, $13.19, $19.18. About how much will you pay (before tax)?", "split": "test", "exact_value": 72.47}
{"id": "basket_sum_001753", "topic": "basket_sum", "subtopic": "decimal_prices", "prompt": "You’re buying 3 items: $6.47, $1.95, $17.78. About how much will you pay (before tax)?", "split": "test", "exact_value": 26.2}
{"id": "basket_sum_001754", "topic": "basket_sum", "subtopic": "decimal_prices", "prompt": "You’re buying 5 items: $5.56, $8.01, $14.24, $17.16, $6.51. About how much will you pay (before tax)?", "split": "test", "exact_value": 51.48}
{"id": "basket_sum_001755", "topic": "basket_sum", "subtopic": "decimal_prices", "prompt": "You’re buying 4 items: $3.56, $1.28, $13.30, $15.43. About how much will you pay (before tax)?", "split": "test", "exact_value": 33.57}
{"id": "basket_sum_001756", "topic": "basket_sum", "subtopic": "decimal_prices", "prompt": "You’re buying 3 items: $7.87, $15.69, $19.86. About how much will you pay (before tax)?", "split": "test", "exact_value": 43.42}
{"id": "basket_sum_001757", "topic": "basket_sum", "subtopic": "decimal_prices", "prompt": "You’re buying 6 items: $12.81, $11.45, $12.19, $15.35, $2.86, $6.04. About how much will you pay (before tax)?", "split": "test", "exact_value": 60.7}
{"id": "basket_sum_001758", "topic": "basket_sum", "subtopic": "decimal_prices", "prompt": "You’re buying 5 items: $4.59, $12.44, $6.26, $12.05, $6.99. About how much will you pay (before tax)?", "split": "test", "exact_value": 42.33}
{"id": "basket_sum_001759", "topic": "basket_sum", "subtopic": "decimal_prices", "prompt": "You’re buying 3 items: $3.17, $17.45, $11.40. About how much will you pay (before tax)?", "split": "test", "exact_value": 32.02}
{"id": "basket_sum_001760", "topic": "basket_sum", "subtopic": "decimal_prices", "prompt": "You’re buying 5 items: $3.51, $16.76, $7.99, $1.28, $9.13. About how much will you pay (before tax)?", "split": "test", "exact_value": 38.67}
{"id": "basket_sum_001761", "topic": "basket_sum", "subtopic": "decimal_prices", "prompt": "You’re buying 5 items: $8.38, $7.06, $16.84, $1.45, $6.22. About how much will you pay (before tax)?", "split": "test", "exact_value": 39.95}
{"id": "basket_sum_001762", "topic": "basket_sum", "subtopic": "decimal_prices", "prompt": "You’re buying 3 items: $17.75, $1.86, $14.56. About how much will you pay (before tax)?", "split": "test", "exact_value": 34.17}
{"id": "basket_sum_001763", "topic": "basket_sum", "subtopic": "decimal_prices", "prompt": "You’re buying 4 items: $10.33, $18.59, $3.48, $2.75. About how much will you pay (before tax)?", "split": "test", "exact_value": 35.15}
{"id": "basket_sum_001764", "topic": "basket_sum", "subtopic": "decimal_prices", "prompt": "You’re buying 4 items: $18.84, $5.30, $15.28, $19.46. About how much will you pay (before tax)?", "split": "test", "exact_value": 58.88}
{"id": "basket_sum_001765", "topic": "basket_sum", "subtopic": "decimal_prices", "prompt": "You’re buying 5 items: $2.35, $7.39, $2.13, $8.48, $1.98. About how much will you pay (before tax)?", "split": "test", "exact_value": 22.33}
{"id": "basket_sum_001766", "topic": "basket_sum", "subtopic": "decimal_prices", "prompt": "You’re buying 6 items: $13.11, $8.39, $3.77, $16.59, $16.43, $9.40. About how much will you pay (before tax)?", "split": "test", "exact_value": 67.69}
{"id": "basket_sum_001767", "topic": "basket_sum", "subtopic": "decimal_prices", "prompt": "You’re buying 3 items: $15.44, $17.47, $5.16. About how much will you pay (before tax)?", "split": "test", "exact_value": 38.07}
{"id": "basket_sum_001768", "topic": "basket_sum", "subtopic": "decimal_prices", "prompt": "You’re buying 3 items: $13.17, $11.50, $1.80. About how much will you pay (before tax)?", "split": "test", "exact_value": 26.47}
{"id": "basket_sum_001769", "topic": "basket_sum", "subtopic": "decimal_prices", "prompt": "You’re buying 4 items: $9.98, $1.60, $15.35, $19.03. About how much will you pay (before tax)?", "split": "test", "exact_value": 45.96}
{"id": "basket_sum_001770", "topic": "basket_sum", "subtopic": "decimal_prices", "prompt": "You’re buying 4 items: $10.40, $6.99, $15.30, $13.66. About how much will you pay (before tax)?", "split": "test", "exact_value": 46.35}
{"id": "basket_sum_001771", "topic": "basket_sum", "subtopic": "decimal_prices", "prompt": "You’re buying 3 items: $10.59, $6.35, $1.24. About how much will you pay (before tax)?", "split": "test", "exact_value": 18.18}
{"id": "basket_sum_001772", "topic": "basket_sum", "subtopic": "decimal_prices", "prompt": "You’re buying 6 items: $11.35, $1.56, $12.11, $4.80, $11.98, $0.93. About how much will you pay (before tax)?", "split": "test", "exact_value": 42.73}
{"id": "basket_sum_001773", "topic": "basket_sum", "subtopic": "decimal_prices", "prompt": "You’re buying 3 items: $11.96, $7.86, $18.04. About how much will you pay (before tax)?", "split": "test", "exact_value": 37.86}
{"id": "basket_sum_001774", "topic": "basket_sum", "subtopic": "decimal_prices", "prompt": "You’re buying 4 items: $8.42, $3.71, $0.93, $12.84. About how much will you pay (before tax)?", "split": "test", "exact_value": 25.9}
{"id": "basket_sum_001775", "topic": "basket_sum", "subtopic": "decimal_prices", "prompt": "You’re buying 5 items: $5.89, $7.98, $8.25, $16.82, $15.27. About how much will you pay (before tax)?", "split": "test", "exact_value": 54.21}
{"id": "basket_sum_001776", "topic": "basket_sum", "subtopic": "decimal_prices", "prompt": "You’re buying 5 items: $7.21, $7.07, $5.79, $3.08, $6.27. About how much will you pay (before tax)?", "split": "test", "exact_value": 29.42}
{"id": "basket_sum_001777", "topic": "basket_sum", "subtopic": "decimal_prices", "prompt": "You’re buying 3 items: $9.34, $19.37, $13.69. About how much will you pay (before tax)?", "split": "test", "exact_value": 42.4}
{"id": "basket_sum_001778", "topic": "basket_sum", "subtopic": "decimal_prices", "prompt": "You’re buying 6 items: $4.72, $2.95, $8.23, $2.84, $18.71, $4.74. About how much will you pay (before tax)?", "split": "test", "exact_value": 42.19}
{"id": "basket_sum_001779", "topic": "basket_sum", "subtopic": "decimal_prices", "prompt": "You’re buying 5 items: $16.78, $13.73, $17.81, $16.49, $7.72. About how much will you pay (before tax)?", "split": "test", "exact_value": 72.53}
{"id": "basket_sum_001780", "topic": "basket_sum", "subtopic": "decimal_prices", "prompt": "You’re buying 3 items: $13.23, $5.20, $17.88. About how much will you pay (before tax)?", "split": "test", "exact_value": 36.31}
{"id": "basket_sum_001781", "topic": "basket_sum", "subtopic": "decimal_prices", "prompt": "You’re buying 5 items: $4.95, $1.25, $1.03, $16.72, $17.31. About how much will you pay (before tax)?", "split": "test", "exact_value": 41.26}
{"id": "basket_sum_001782", "topic": "basket_sum", "subtopic": "decimal_prices", "prompt": "You’re buying 4 items: $10.38, $14.61, $14.61, $9.58. About how much will you pay (before tax)?", "split": "test", "exact_value": 49.18}
{"id": "basket_sum_001783", "topic": "basket_sum", "subtopic": "decimal_prices", "prompt": "You’re buying 6 items: $12.34, $3.96, $10.23, $11.56, $6.27, $19.74. About how much will you pay (before tax)?", "split": "test", "exact_value": 64.1}
{"id": "basket_sum_001784", "topic": "basket_sum", "subtopic": "decimal_prices", "prompt": "You’re buying 4 items: $2.28, $2.85, $0.80, $1.39. About how much will you pay (before tax)?", "split": "test", "exact_value": 7.32}
{"id": "basket_sum_001785", "topic": "basket_sum", "subtopic": "decimal_prices", "prompt": "You’re buying 3 items: $17.25, $18.97, $18.65. About how much will you pay (before tax)?", "split": "test", "exact_value": 54.87}
{"id": "basket_sum_001786", "topic": "basket_sum", "subtopic": "decimal_prices", "prompt": "You’re buying 5 items: $9.34, $14.78, $19.25, $2.66, $7.86. About how much will you pay (before tax)?", "split": "test", "exact_value": 53.89}
{"id": "basket_sum_001787", "topic": "basket_sum", "subtopic": "decimal_prices", "prompt": "You’re buying 4 items: $19.43, $15.03, $7.95, $6.17. About how much will you pay (before tax)?", "split": "test", "exact_value": 48.58}
{"id": "basket_sum_001788", "topic": "basket_sum", "subtopic": "decimal_prices", "prompt": "You’re buying 3 items: $6.50, $1.46, $3.10. About how much will you pay (before tax)?", "split": "test", "exact_value": 11.06}
{"id": "basket_sum_001789", "topic": "basket_sum", "subtopic": "decimal_prices", "prompt": "You’re buying 4 items: $5.83, $18.65, $17.83, $16.16. About how much will you pay (before tax)?", "split": "test", "exact_value": 58.47}
{"id": "basket_sum_001790", "topic": "basket_sum", "subtopic": "decimal_prices", "prompt": "You’re buying 4 items: $3.10, $13.01, $19.08, $16.01. About how much will you pay (before tax)?", "split": "test", "exact_value": 51.2}
{"id": "basket_sum_001791", "topic": "basket_sum", "subtopic": "decimal_prices", "prompt": "You’re buying 6 items: $4.14, $2.95, $14.71, $9.53, $17.81, $14.13. About how much will you pay (before tax)?", "split": "test", "exact_value": 63.27}
{"id": "basket_sum_001792", "topic": "basket_sum", "subtopic": "decimal_prices", "prompt": "You’re buying 5 items: $5.98, $14.29, $10.00, $14.83, $3.73. About how much will you pay (before tax)?", "split": "test", "exact_value": 48.83}
{"id": "basket_sum_001793", "topic": "basket_sum", "subtopic": "decimal_prices", "prompt": "You’re buying 3 items: $8.42, $8.04, $1.50. About how much will you pay (before tax)?", "split": "test", "exact_value": 17.96}
{"id": "basket_sum_001794", "topic": "basket_sum", "subtopic": "decimal_prices", "prompt": "You’re buying 6 items: $16.73, $8.71, $19.47, $11.86, $1.64, $2.00. About how much will you pay (before tax)?", "split": "test", "exact_value": 60.41}
{"id": "basket_sum_001795", "topic": "basket_sum", "subtopic": "decimal_prices", "prompt": "You’re buying 5 items: $14.42, $14.59, $4.68, $5.92, $13.68. About how much will you pay (before tax)?", "split": "test", "exact_value": 53.29}
{"id": "basket_sum_001796", "topic": "basket_sum", "subtopic": "decimal_prices", "prompt": "You’re buying 4 items: $5.30, $9.39, $0.83, $13.27. About how much will you pay (before tax)?", "split": "test", "exact_value": 28.79}
{"id": "basket_sum_001797", "topic": "basket_sum", "subtopic": "decimal_prices", "prompt": "You’re buying 6 items: $11.52, $14.29, $16.00, $14.53, $15.05, $6.29. About how much will you pay (before tax)?", "split": "test", "exact_value": 77.68}
{"id": "basket_sum_001798", "topic": "basket_sum", "subtopic": "decimal_prices", "prompt": "You’re buying 3 items: $12.27, $9.55, $9.86. About how much will you pay (before tax)?", "split": "test", "exact_value": 31.68}
{"id": "basket_sum_001799", "topic": "basket_sum", "subtopic": "decimal_prices", "prompt": "You’re buying 4 items: $7.96, $18.10, $14.73, $11.17. About how much will you pay (before tax)?", "split": "test", "exact_value": 51.96}
{"id": "basket_sum_001800", "topic": "basket_sum", "subtopic": "decimal_prices", "prompt": "You’re buying 5 items: $14.91, $7.45, $4.13, $8.50, $9.77. About how much will you pay (before tax)?", "split": "test", "exact_value": 44.76}
{"id": "basket_sum_001801", "topic": "basket_sum", "subtopic": "decimal_prices", "prompt": "You’re buying 5 items: $15.52, $3.62, $13.71, $17.87, $13.76. About how much will you pay (before tax)?", "split": "test", "exact_value": 64.48}
{"id": "basket_sum_001802", "topic": "basket_sum", "subtopic": "decimal_prices", "prompt": "You’re buying 6 items: $7.71, $9.08, $12.35, $17.78, $7.18, $7.68. About how much will you pay (before tax)?", "split": "test", "exact_value": 61.78}
{"id": "basket_sum_001803", "topic": "basket_sum", "subtopic": "decimal_prices", "prompt": "You’re buying 6 items: $9.44, $11.14, $13.85, $17.87, $7.38, $18.42. About how much will you pay (before tax)?", "split": "test", "exact_value": 78.1}
{"id": "basket_sum_001804", "topic": "basket_sum", "subtopic": "decimal_prices", "prompt": "You’re buying 4 items: $12.29, $11.16, $16.76, $3.85. About how much will you pay (before tax)?", "split": "test", "exact_value": 44.06}
{"id": "basket_sum_001805", "topic": "basket_sum", "subtopic": "decimal_prices", "prompt": "You’re buying 4 items: $19.55, $16.00, $16.62, $8.40. About how much will you pay (before tax)?", "split": "test", "exact_value": 60.57}
{"id": "basket_sum_001806", "topic": "basket_sum", "subtopic": "decimal_prices", "prompt": "You’re buying 6 items: $17.70, $19.81, $11.23, $10.77, $11.84, $5.68. About how much will you pay (before tax)?", "split": "test", "exact_value": 77.03}
{"id": "basket_sum_001807", "topic": "basket_sum", "subtopic": "decimal_prices", "prompt": "You’re buying 4 items: $14.99, $13.92, $15.91, $10.18. About how much will you pay (before tax)?", "split": "test", "exact_value": 55.0}
{"id": "basket_sum_001808", "topic": "basket_sum", "subtopic": "decimal_prices", "prompt": "You’re buying 5 items: $14.84, $16.09, $11.32, $8.37, $13.40. About how much will you pay (before tax)?", "split": "test", "exact_value": 64.02}
{"id": "basket_sum_001809", "topic": "basket_sum", "subtopic": "decimal_prices", "prompt": "You’re buying 6 items: $5.00, $7.53, $8.62, $15.22, $2.83, $13.09. About how much will you pay (before tax)?", "split": "test", "exact_value": 52.29}
{"id": "basket_sum_001810", "topic": "basket_sum", "subtopic": "decimal_prices", "prompt": "You’re buying 6 items: $3.78, $14.11, $15.25, $14.54, $17.94, $19.40. About how much will you pay (before tax)?", "split": "test", "exact_value": 85.02}
{"id": "basket_sum_001811", "topic": "basket_sum", "subtopic": "decimal_prices", "prompt": "You’re buying 3 items: $10.30, $18.37, $14.13. About how much will you pay (before tax)?", "split": "test", "exact_value": 42.8}
{"id": "basket_sum_001812", "topic": "basket_sum", "subtopic": "decimal_prices", "prompt": "You’re buying 5 items: $5.43, $8.59, $16.63, $11.20, $2.64. About how much will you pay (before tax)?", "split": "test", "exact_value": 44.49}
{"id": "basket_sum_001813", "topic": "basket_sum", "subtopic": "decimal_prices", "prompt": "You’re buying 4 items: $1.24, $1.39, $3.11, $4.36. About how much will you pay (before tax)?", "split": "test", "exact_value": 10.1}
{"id": "basket_sum_001814", "topic": "basket_sum", "subtopic": "decimal_prices", "prompt": "You’re buying 3 items: $2.08, $9.48, $3.07. About how much will you pay (before tax)?", "split": "test", "exact_value": 14.63}
{"id": "basket_sum_001815", "topic": "basket_sum", "subtopic": "decimal_prices", "prompt": "You’re buying 5 items: $13.49, $0.99, $12.26, $7.38, $7.99. About how much will you pay (before tax)?", "split": "test", "exact_value": 42.11}
{"id": "basket_sum_001816", "topic": "basket_sum", "subtopic": "decimal_prices", "prompt": "You’re buying 5 items: $9.02, $12.11, $9.98, $12.59, $1.59. About how much will you pay (before tax)?", "split": "test", "exact_value": 45.29}
{"id": "basket_sum_001817", "topic": "basket_sum", "subtopic": "decimal_prices", "prompt": "You’re buying 6 items: $19.55, $10.39, $7.54, $5.70, $9.88, $16.11. About how much will you pay (before tax)?", "split": "test", "exact_value": 69.17}
{"id": "basket_sum_001818", "topic": "basket_sum", "subtopic": "decimal_prices", "prompt": "You’re buying 3 items: $8.91, $12.06, $17.70. About how much will you pay (before tax)?", "split": "test", "exact_value": 38.67}
{"id": "basket_sum_001819", "topic": "basket_sum", "subtopic": "decimal_prices", "prompt": "You’re buying 6 items: $19.89, $8.09, $19.28, $15.36, $2.46, $5.63. About how much will you pay (before tax)?", "split": "test", "exact_value": 70.71}
{"id": "basket_sum_001820", "topic": "basket_sum", "subtopic": "decimal_prices", "prompt": "You’re buying 3 items: $2.38, $14.70, $14.53. About how much will you pay (before tax)?", "split": "test", "exact_value": 31.61}
{"id": "basket_sum_001821", "topic": "basket_sum", "subtopic": "decimal_prices", "prompt": "You’re buying 3 items: $9.52, $15.17, $5.42. About how much will you pay (before tax)?", "split": "test", "exact_value": 30.11}
{"id": "basket_sum_001822", "topic": "basket_sum", "subtopic": "decimal_prices", "prompt": "You’re buying 6 items: $1.45, $6.74, $15.71, $17.20, $4.95, $8.67. About how much will you pay (before tax)?", "split": "test", "exact_value": 54.72}
{"id": "basket_sum_001823", "topic": "basket_sum", "subtopic": "decimal_prices", "prompt": "You’re buying 3 items: $13.92, $12.18, $13.75. About how much will you pay (before tax)?", "split": "test", "exact_value": 39.85}
{"id": "basket_sum_001824", "topic": "basket_sum", "subtopic": "decimal_prices", "prompt": "You’re buying 3 items: $18.75, $9.32, $10.43. About how much will you pay (before tax)?", "split": "test", "exact_value": 38.5}
{"id": "basket_sum_001825", "topic": "basket_sum", "subtopic": "decimal_prices", "prompt": "You’re buying 6 items: $6.07, $11.64, $16.18, $11.07, $14.70, $5.65. About how much will you pay (before tax)?", "split": "test", "exact_value": 65.31}
{"id": "basket_sum_001826", "topic": "basket_sum", "subtopic": "decimal_prices", "prompt": "You’re buying 3 items: $14.20, $10.22, $18.11. About how much will you pay (before tax)?", "split": "test", "exact_value": 42.53}
{"id": "basket_sum_001827", "topic": "basket_sum", "subtopic": "decimal_prices", "prompt": "You’re buying 5 items: $17.18, $1.55, $12.33, $8.98, $13.98. About how much will you pay (before tax)?", "split": "test", "exact_value": 54.02}
{"id": "basket_sum_001828", "topic": "basket_sum", "subtopic": "decimal_prices", "prompt": "You’re buying 3 items: $4.61, $10.13, $0.90. About how much will you pay (before tax)?", "split": "test", "exact_value": 15.64}
{"id": "basket_sum_001829", "topic": "basket_sum", "subtopic": "decimal_prices", "prompt": "You’re buying 4 items: $15.62, $1.63, $4.30, $7.32. About how much will you pay (before tax)?", "split": "test", "exact_value": 28.87}
{"id": "basket_sum_001830", "topic": "basket_sum", "subtopic": "decimal_prices", "prompt": "You’re buying 6 items: $5.18, $9.33, $14.24, $18.29, $2.74, $3.46. About how much will you pay (before tax)?", "split": "test", "exact_value": 53.24}
{"id": "basket_sum_001831", "topic": "basket_sum", "subtopic": "decimal_prices", "prompt": "You’re buying 3 items: $9.20, $7.83, $14.21. About how much will you pay (before tax)?", "split": "test", "exact_value": 31.24}
{"id": "basket_sum_001832", "topic": "basket_sum", "subtopic": "decimal_prices", "prompt": "You’re buying 3 items: $14.39, $18.03, $7.86. About how much will you pay (before tax)?", "split": "test", "exact_value": 40.28}
{"id": "basket_sum_001833", "topic": "basket_sum", "subtopic": "decimal_prices", "prompt": "You’re buying 3 items: $8.83, $1.43, $9.17. About how much will you pay (before tax)?", "split": "test", "exact_value": 19.43}
{"id": "basket_sum_001834", "topic": "basket_sum", "subtopic": "decimal_prices", "prompt": "You’re buying 6 items: $2.08, $2.47, $17.64, $13.55, $9.90, $10.53. About how much will you pay (before tax)?", "split": "test", "exact_value": 56.17}
{"id": "basket_sum_001835", "topic": "basket_sum", "subtopic": "decimal_prices", "prompt": "You’re buying 4 items: $18.20, $17.60, $3.11, $3.90. About how much will you pay (before tax)?", "split": "test", "exact_value": 42.81}
{"id": "basket_sum_001836", "topic": "basket_sum", "subtopic": "decimal_prices", "prompt": "You’re buying 4 items: $13.55, $9.36, $19.92, $7.96. About how much will you pay (before tax)?", "split": "test", "exact_value": 50.79}
{"id": "basket_sum_001837", "topic": "basket_sum", "subtopic": "decimal_prices", "prompt": "You’re buying 5 items: $9.97, $19.43, $13.39, $11.97, $3.01. About how much will you pay (before tax)?", "split": "test", "exact_value": 57.77}
{"id": "basket_sum_001838", "topic": "basket_sum", "subtopic": "decimal_prices", "prompt": "You’re buying 3 items: $5.25, $3.62, $3.35. About how much will you pay (before tax)?", "split": "test", "exact_value": 12.22}
{"id": "basket_sum_001839", "topic": "basket_sum", "subtopic": "decimal_prices", "prompt": "You’re buying 6 items: $1.00, $1.94, $15.92, $2.95, $13.58, $12.03. About how much will you pay (before tax)?", "split": "test", "exact_value": 47.42}
{"id": "basket_sum_001840", "topic": "basket_sum", "subtopic": "decimal_prices", "prompt": "You’re buying 3 items: $6.61, $16.37, $6.92. About how much will you pay (before tax)?", "split": "test", "exact_value": 29.9}
{"id": "basket_sum_001841", "topic": "basket_sum", "subtopic": "decimal_prices", "prompt": "You’re buying 4 items: $17.31, $16.17, $4.41, $9.91. About how much will you pay (before tax)?", "split": "test", "exact_value": 47.8}
{"id": "basket_sum_001842", "topic": "basket_sum", "subtopic": "decimal_prices", "prompt": "You’re buying 6 items: $4.90, $4.10, $11.41, $12.83, $17.28, $2.15. About how much will you pay (before tax)?", "split": "test", "exact_value": 52.67}
{"id": "basket_sum_001843", "topic": "basket_sum", "subtopic": "decimal_prices", "prompt": "You’re buying 4 items: $17.26, $3.58, $15.39, $9.96. About how much will you pay (before tax)?", "split": "test", "exact_value": 46.19}
{"id": "basket_sum_001844", "topic": "basket_sum", "subtopic": "decimal_prices", "prompt": "You’re buying 3 items: $11.66, $5.53, $15.26. About how much will you pay (before tax)?", "split": "test", "exact_value": 32.45}
{"id": "basket_sum_001845", "topic": "basket_sum", "subtopic": "decimal_prices", "prompt": "You’re buying 5 items: $18.79, $16.69, $8.59, $15.24, $1.61. About how much will you pay (before tax)?", "split": "test", "exact_value": 60.92}
{"id": "basket_sum_001846", "topic": "basket_sum", "subtopic": "decimal_prices", "prompt": "You’re buying 5 items: $15.78, $1.32, $13.69, $18.66, $8.29. About how much will you pay (before tax)?", "split": "test", "exact_value": 57.74}
{"id": "basket_sum_001847", "topic": "basket_sum", "subtopic": "decimal_prices", "prompt": "You’re buying 4 items: $15.16, $3.23, $12.60, $15.97. About how much will you pay (before tax)?", "split": "test", "exact_value": 46.96}
{"id": "basket_sum_001848", "topic": "basket_sum", "subtopic": "decimal_prices", "prompt": "You’re buying 6 items: $13.19, $15.29, $3.81, $12.29, $6.31, $15.63. About how much will you pay (before tax)?", "split": "test", "exact_value": 66.52}
{"id": "basket_sum_001849", "topic": "basket_sum", "subtopic": "decimal_prices", "prompt": "You’re buying 6 items: $12.31, $8.80, $11.57, $14.32, $15.71, $15.63. About how much will you pay (before tax)?", "split": "test", "exact_value": 78.34}
{"id": "basket_sum_001850", "topic": "basket_sum", "subtopic": "decimal_prices", "prompt": "You’re buying 3 items: $7.88, $8.34, $9.71. About how much will you pay (before tax)?", "split": "test", "exact_value": 25.93}
{"id": "basket_sum_001851", "topic": "basket_sum", "subtopic": "decimal_prices", "prompt": "You’re buying 5 items: $6.62, $11.07, $7.07, $6.71, $19.00. About how much will you pay (before tax)?", "split": "test", "exact_value": 50.47}
{"id": "basket_sum_001852", "topic": "basket_sum", "subtopic": "decimal_prices", "prompt": "You’re buying 6 items: $8.20, $17.52, $14.01, $14.14, $18.52, $12.41. About how much will you pay (before tax)?", "split": "test", "exact_value": 84.8}
{"id": "basket_sum_001853", "topic": "basket_sum", "subtopic": "decimal_prices", "prompt": "You’re buying 4 items: $9.80, $2.54, $10.19, $7.36. About how much will you pay (before tax)?", "split": "test", "exact_value": 29.89}
{"id": "basket_sum_001854", "topic": "basket_sum", "subtopic": "decimal_prices", "prompt": "You’re buying 3 items: $5.62, $5.94, $6.00. About how much will you pay (before tax)?", "split": "test", "exact_value": 17.56}
{"id": "basket_sum_001855", "topic": "basket_sum", "subtopic": "decimal_prices", "prompt": "You’re buying 5 items: $12.20, $5.16, $18.58, $7.01, $5.39. About how much will you pay (before tax)?", "split": "test", "exact_value": 48.34}
{"id": "basket_sum_001856", "topic": "basket_sum", "subtopic": "decimal_prices", "prompt": "You’re buying 4 items: $7.48, $6.67, $16.64, $10.73. About how much will you pay (before tax)?", "split": "test", "exact_value": 41.52}
{"id": "basket_sum_001857", "topic": "basket_sum", "subtopic": "decimal_prices", "prompt": "You’re buying 6 items: $6.14, $12.27, $13.65, $4.41, $12.56, $15.90. About how much will you pay (before tax)?", "split": "test", "exact_value": 64.93}
{"id": "basket_sum_001858", "topic": "basket_sum", "subtopic": "decimal_prices", "prompt": "You’re buying 5 items: $4.44, $13.96, $14.47, $11.41, $4.72. About how much will you pay (before tax)?", "split": "test", "exact_value": 49.0}
{"id": "basket_sum_001859", "topic": "basket_sum", "subtopic": "decimal_prices", "prompt": "You’re buying 6 items: $11.96, $4.12, $14.70, $17.61, $13.05, $4.74. About how much will you pay (before tax)?", "split": "test", "exact_value": 66.18}
{"id": "basket_sum_001860", "topic": "basket_sum", "subtopic": "decimal_prices", "prompt": "You’re buying 5 items: $4.31, $13.22, $10.33, $5.51, $10.09. About how much will you pay (before tax)?", "split": "test", "exact_value": 43.46}
{"id": "basket_sum_001861", "topic": "basket_sum", "subtopic": "decimal_prices", "prompt": "You’re buying 5 items: $18.69, $9.60, $7.34, $5.68, $2.17. About how much will you pay (before tax)?", "split": "test", "exact_value": 43.48}
{"id": "basket_sum_001862", "topic": "basket_sum", "subtopic": "decimal_prices", "prompt": "You’re buying 3 items: $19.35, $16.40, $19.68. About how much will you pay (before tax)?", "split": "test", "exact_value": 55.43}
{"id": "basket_sum_001863", "topic": "basket_sum", "subtopic": "decimal_prices", "prompt": "You’re buying 3 items: $2.07, $16.38, $5.68. About how much will you pay (before tax)?", "split": "test", "exact_value": 24.13}
{"id": "basket_sum_001864", "topic": "basket_sum", "subtopic": "decimal_prices", "prompt": "You’re buying 6 items: $9.52, $19.81, $11.99, $6.11, $11.69, $4.61. About how much will you pay (before tax)?", "split": "test", "exact_value": 63.73}
{"id": "basket_sum_001865", "topic": "basket_sum", "subtopic": "decimal_prices", "prompt": "You’re buying 3 items: $19.64, $12.85, $10.19. About how much will you pay (before tax)?", "split": "test", "exact_value": 42.68}
{"id": "basket_sum_001866", "topic": "basket_sum", "subtopic": "decimal_prices", "prompt": "You’re buying 3 items: $9.94, $8.22, $3.08. About how much will you pay (before tax)?", "split": "test", "exact_value": 21.24}
{"id": "basket_sum_001867", "topic": "basket_sum", "subtopic": "decimal_prices", "prompt": "You’re buying 4 items: $3.15, $15.38, $19.88, $1.58. About how much will you pay (before tax)?", "split": "test", "exact_value": 39.99}
{"id": "basket_sum_001868", "topic": "basket_sum", "subtopic": "decimal_prices", "prompt": "You’re buying 3 items: $6.12, $11.32, $5.94. About how much will you pay (before tax)?", "split": "test", "exact_value": 23.38}
{"id": "basket_sum_001869", "topic": "basket_sum", "subtopic": "decimal_prices", "prompt": "You’re buying 3 items: $18.56, $13.98, $4.72. About how much will you pay (before tax)?", "split": "test", "exact_value": 37.26}
{"id": "basket_sum_001870", "topic": "basket_sum", "subtopic": "decimal_prices", "prompt": "You’re buying 3 items: $0.98, $7.27, $12.78. About how much will you pay (before tax)?", "split": "test", "exact_value": 21.03}
{"id": "basket_sum_001871", "topic": "basket_sum", "subtopic": "decimal_prices", "prompt": "You’re buying 5 items: $6.25, $5.41, $5.02, $12.38, $15.22. About how much will you pay (before tax)?", "split": "test", "exact_value": 44.28}
{"id": "basket_sum_001872", "topic": "basket_sum", "subtopic": "decimal_prices", "prompt": "You’re buying 5 items: $16.93, $3.70, $11.42, $6.87, $5.01. About how much will you pay (before tax)?", "split": "test", "exact_value": 43.93}
{"id": "basket_sum_001873", "topic": "basket_sum", "subtopic": "decimal_prices", "prompt": "You’re buying 6 items: $4.69, $12.62, $19.12, $2.54, $15.01, $19.58. About how much will you pay (before tax)?", "split": "test", "exact_value": 73.56}
{"id": "basket_sum_001874", "topic": "basket_sum", "subtopic": "decimal_prices", "prompt": "You’re buying 5 items: $16.33, $3.18, $5.52, $8.59, $5.44. About how much will you pay (before tax)?", "split": "test", "exact_value": 39.06}
{"id": "basket_sum_001875", "topic": "basket_sum", "subtopic": "decimal_prices", "prompt": "You’re buying 4 items: $17.91, $18.41, $6.16, $0.85. About how much will you pay (before tax)?", "split": "test", "exact_value": 43.33}
{"id": "basket_sum_001876", "topic": "basket_sum", "subtopic": "decimal_prices", "prompt": "You’re buying 5 items: $9.15, $17.32, $17.10, $9.36, $5.25. About how much will you pay (before tax)?", "split": "test", "exact_value": 58.18}
{"id": "basket_sum_001877", "topic": "basket_sum", "subtopic": "decimal_prices", "prompt": "You’re buying 3 items: $8.63, $9.32, $3.68. About how much will you pay (before tax)?", "split": "test", "exact_value": 21.63}
{"id": "basket_sum_001878", "topic": "basket_sum", "subtopic": "decimal_prices", "prompt": "You’re buying 6 items: $17.12, $15.20, $1.23, $15.48, $4.73, $13.72. About how much will you pay (before tax)?", "split": "test", "exact_value": 67.48}
{"id": "discounts_000171", "topic": "discounts", "subtopic": "threshold", "prompt": "Threshold coupon applies: $10 off $30+ spend. Cart: $15.58, $21.96, $26.15, $34.17. About how much do you pay?", "split": "test", "exact_value": 87.86}
{"id": "discounts_000172", "topic": "discounts", "subtopic": "bogo", "prompt": "BOGO sale (buy one, get one free; free item is the cheaper one in each pair). Items: $17.91, $15.61. About how much do you pay?", "split": "test", "exact_value": 17.91}
{"id": "discounts_000173", "topic": "discounts", "subtopic": "threshold", "prompt": "Threshold coupon applies: $10 off $50+ spend. Cart: $32.36, $11.45, $15.30. About how much do you pay?", "split": "test", "exact_value": 49.11}
{"id": "discounts_000174", "topic": "discounts", "subtopic": "bogo", "prompt": "BOGO sale (buy one, get one free; free item is the cheaper one in each pair). Items: $24.07, $22.60, $22.12, $10.41. About how much do you pay?", "split": "test", "exact_value": 46.19}
{"id": "discounts_000175", "topic": "discounts", "subtopic": "stacked", "prompt": "Stacked deal: 20% off, then $10 coupon if you spend $40 or more. Cart: $26.87, $5.38, $29.37, $3.80. About how much do you pay?", "split": "test", "exact_value": 42.34}
{"id": "discounts_000176", "topic": "discounts", "subtopic": "threshold", "prompt": "Threshold coupon applies: $5 off $50+ spend. Cart: $21.66, $30.06. About how much do you pay?", "split": "test", "exact_value": 46.72}
{"id": "discounts_000177", "topic": "discounts", "subtopic": "threshold", "prompt": "Threshold coupon applies: $5 off $30+ spend. Cart: $16.53, $13.68, $36.81, $13.34. About how much do you pay?", "split": "test", "exact_value": 75.36}
{"id": "discounts_000178", "topic": "discounts", "subtopic": "bogo", "prompt": "BOGO sale (buy one, get one free; free item is the cheaper one in each pair). Items: $24.50, $21.37, $20.53, $16.65, $15.57, $10.06. About how much do you pay?", "split": "test", "exact_value": 60.6}
{"id": "discounts_000179", "topic": "discounts", "subtopic": "bogo", "prompt": "BOGO sale (buy one, get one free; free item is the cheaper one in each pair). Items: $18.11, $5.22. About how much do you pay?", "split": "test", "exact_value": 18.11}
{"id": "discounts_000180", "topic": "discounts", "subtopic": "stacked", "prompt": "Stacked deal: 10% off, then $5 coupon if you spend $40 or more. Cart: $12.25, $22.42, $12.43. About how much do you pay?", "split": "test", "exact_value": 37.39}
{"id": "discounts_000181", "topic": "discounts", "subtopic": "threshold", "prompt": "Threshold coupon applies: $5 off $25+ spend. Cart: $35.35, $10.69, $18.73, $9.99. About how much do you pay?", "split": "test", "exact_value": 69.76}
{"id": "discounts_000182", "topic": "discounts", "subtopic": "percent", "prompt": "Cart: $29.90, $39.80. A 15% discount applies to everything. About how much do you pay?", "split": "test", "exact_value": 59.25}
{"id": "discounts_000183", "topic": "discounts", "subtopic": "buy_n_get_m", "prompt": "Buy 4 get 1 free on items priced $5.05 each. You take 6 total. About how much do you pay?", "split": "test", "exact_value": 25.25}
{"id": "discounts_000184", "topic": "discounts", "subtopic": "percent", "prompt": "Cart: $31.31, $6.61, $39.31. A 20% discount applies to everything. About how much do you pay?", "split": "test", "exact_value": 61.78}
{"id": "discounts_000185", "topic": "discounts", "subtopic": "bogo", "prompt": "BOGO sale (buy one, get one free; free item is the cheaper one in each pair). Items: $23.40, $19.37, $18.49, $12.36, $5.08, $4.41. About how much do you pay?", "split": "test", "exact_value": 46.97}
{"id": "discounts_000186", "topic": "discounts", "subtopic": "bogo", "prompt": "BOGO sale (buy one, get one free; free item is the cheaper one in each pair). Items: $9.14, $5.53. About how much do you pay?", "split": "test", "exact_value": 9.14}
{"id": "discounts_000187", "topic": "discounts", "subtopic": "buy_n_get_m", "prompt": "Buy 3 get 3 free on items priced $4.83 each. You take 10 total. About how much do you pay?", "split": "test", "exact_value": 28.98}
{"id": "discounts_000188", "topic": "discounts", "subtopic": "percent", "prompt": "Cart: $9.33, $5.26, $10.32, $9.21, $43.49. A 20% discount applies to everything. About how much do you pay?", "split": "test", "exact_value": 62.09}
{"id": "discounts_000189", "topic": "discounts", "subtopic": "stacked", "prompt": "Stacked deal: 20% off, then $5 coupon if you spend $30 or more. Cart: $20.10, $19.82, $29.27, $29.39, $8.99. About how much do you pay?", "split": "test", "exact_value": 81.06}
{"id": "discounts_000190", "topic": "discounts", "subtopic": "threshold", "prompt": "Threshold coupon applies: $15 off $50+ spend. Cart: $4.01, $20.58, $32.75. About how much do you pay?", "split": "test", "exact_value": 42.34}
{"id": "discounts_000191", "topic": "discounts", "subtopic": "stacked", "prompt": "Stacked deal: 20% off, then $10 coupon if you spend $40 or more. Cart: $35.88, $20.25, $26.94, $22.22, $32.09, $24.36. About how much do you pay?", "split": "test", "exact_value": 119.39}
{"id": "discounts_000192", "topic": "discounts", "subtopic": "stacked", "prompt": "Stacked deal: 15% off, then $10 coupon if you spend $30 or more. Cart: $9.17, $34.73, $7.66, $4.34, $5.71, $39.79. About how much do you pay?", "split": "test", "exact_value": 76.19}
{"id": "discounts_000193", "topic": "discounts", "subtopic": "threshold", "prompt": "Threshold coupon applies: $10 off $30+ spend. Cart: $14.77, $4.85, $21.53, $31.00, $11.75. About how much do you pay?", "split": "test", "exact_value": 73.9}
{"id": "discounts_000194", "topic": "discounts", "subtopic": "stacked", "prompt": "Stacked deal: 10% off, then $10 coupon if you spend $40 or more. Cart: $27.01, $14.16, $12.04, $3.60. About how much do you pay?", "split": "test", "exact_value": 41.13}
{"id": "discounts_000195", "topic": "discounts", "subtopic": "threshold", "prompt": "Threshold coupon applies: $5 off $25+ spend. Cart: $20.78, $20.74, $35.76, $20.67, $18.96. About how much do you pay?", "split": "test", "exact_value": 111.91}
{"id": "discounts_000196", "topic": "discounts", "subtopic": "bogo", "prompt": "BOGO sale (buy one, get one free; free item is the cheaper one in each pair). Items: $8.43, $2.74. About how much do you pay?", "split": "test", "exact_value": 8.43}
{"id": "discounts_000197", "topic": "discounts", "subtopic": "threshold", "prompt": "Threshold coupon applies: $5 off $50+ spend. Cart: $35.92, $35.39, $6.80, $14.57, $33.55. About how much do you pay?", "split": "test", "exact_value": 121.23}
{"id": "discounts_000198", "topic": "discounts", "subtopic": "threshold", "prompt": "Threshold coupon applies: $5 off $30+ spend. Cart: $16.68, $10.96. About how much do you pay?", "split": "test", "exact_value": 27.64}
{"id": "discounts_000199", "topic": "discounts", "subtopic": "percent", "prompt": "Cart: $37.97, $29.38, $5.80. A 30% discount applies to everything. About how much do you pay?", "split": "test", "exact_value": 51.21}
{"id": "discounts_000200", "topic": "discounts", "subtopic": "bogo", "prompt": "BOGO sale (buy one, get one free; free item is the cheaper one in each pair). Items: $15.89, $12.03, $10.21, $9.64, $9.34, $9.16. About how much do you pay?", "split": "test", "exact_value": 35.44}
{"id": "discounts_000201", "topic": "discounts", "subtopic": "buy_n_get_m", "prompt": "Buy 5 get 3 free on items priced $1.82 each. You take 9 total. About how much do you pay?", "split": "test", "exact_value": 10.92}
{"id": "discounts_000202", "topic": "discounts", "subtopic": "threshold", "prompt": "Threshold coupon applies: $5 off $25+ spend. Cart: $19.59, $22.49, $27.98, $23.72, $30.95. About how much do you pay?", "split": "test", "exact_value": 119.73}
{"id": "discounts_000203", "topic": "discounts", "subtopic": "threshold", "prompt": "Threshold coupon applies: $5 off $30+ spend. Cart: $27.77, $19.83, $30.00, $13.61. About how much do you pay?", "split": "test", "exact_value": 86.21}
{"id": "discounts_000204", "topic": "discounts", "subtopic": "percent", "prompt": "Cart: $15.95, $13.34, $5.06, $3.56, $9.24. A 25% discount applies to everything. About how much do you pay?", "split": "test", "exact_value": 35.36}
{"id": "discounts_000205", "topic": "discounts", "subtopic": "stacked", "prompt": "Stacked deal: 15% off, then $5 coupon if you spend $30 or more. Cart: $18.44, $33.55, $8.60, $23.23. About how much do you pay?", "split": "test", "exact_value": 66.25}
{"id": "discounts_000206", "topic": "discounts", "subtopic": "percent", "prompt": "Cart: $43.36, $15.47, $25.68. A 10% discount applies to everything. About how much do you pay?", "split": "test", "exact_value": 76.06}
{"id": "discounts_000207", "topic": "discounts", "subtopic": "bogo", "prompt": "BOGO sale (buy one, get one free; free item is the cheaper one in each pair). Items: $23.00, $17.30, $17.22, $5.38, $4.17. About how much do you pay?", "split": "test", "exact_value": 44.39}
{"id": "discounts_000208", "topic": "discounts", "subtopic": "buy_n_get_m", "prompt": "Buy 4 get 2 free on items priced $5.50 each. You take 8 total. About how much do you pay?", "split": "test", "exact_value": 33.0}
{"id": "discounts_000209", "topic": "discounts", "subtopic": "stacked", "prompt": "Stacked deal: 20% off, then $10 coupon if you spend $50 or more. Cart: $26.36, $15.07, $8.75, $28.22, $29.50. About how much do you pay?", "split": "test", "exact_value": 76.32}
{"id": "discounts_000210", "topic": "discounts", "subtopic": "stacked", "prompt": "Stacked deal: 20% off, then $10 coupon if you spend $40 or more. Cart: $11.36, $3.81, $20.88, $15.13. About how much do you pay?", "split": "test", "exact_value": 30.94}
{"id": "discounts_000211", "topic": "discounts", "subtopic": "threshold", "prompt": "Threshold coupon applies: $5 off $40+ spend. Cart: $38.27, $14.80. About how much do you pay?", "split": "test", "exact_value": 48.07}
{"id": "discounts_000212", "topic": "discounts", "subtopic": "bogo", "prompt": "BOGO sale (buy one, get one free; free item is the cheaper one in each pair). Items: $23.25, $22.76, $22.19, $19.90, $7.34, $6.75. About how much do you pay?", "split": "test", "exact_value": 52.78}
{"id": "discounts_000213", "topic": "discounts", "subtopic": "stacked", "prompt": "Stacked deal: 20% off, then $5 coupon if you spend $40 or more. Cart: $18.26, $17.78, $23.95, $14.06, $11.96. About how much do you pay?", "split": "test", "exact_value": 63.81}
{"id": "discounts_000214", "topic": "discounts", "subtopic": "buy_n_get_m", "prompt": "Buy 3 get 2 free on items priced $7.51 each. You take 8 total. About how much do you pay?", "split": "test", "exact_value": 45.06}
{"id": "discounts_000215", "topic": "discounts", "subtopic": "threshold", "prompt": "Threshold coupon applies: $5 off $40+ spend. Cart: $18.90, $39.21, $16.01. About how much do you pay?", "split": "test", "exact_value": 69.12}
{"id": "discounts_000216", "topic": "discounts", "subtopic": "buy_n_get_m", "prompt": "Buy 4 get 2 free on items priced $3.02 each. You take 10 total. About how much do you pay?", "split": "test", "exact_value": 24.16}
{"id": "discounts_000217", "topic": "discounts", "subtopic": "bogo", "prompt": "BOGO sale (buy one, get one free; free item is the cheaper one in each pair). Items: $20.40, $11.60, $9.39, $7.21, $7.02. About how much do you pay?", "split": "test", "exact_value": 36.81}
{"id": "discounts_000218", "topic": "discounts", "subtopic": "stacked", "prompt": "Stacked deal: 10% off, then $10 coupon if you spend $50 or more. Cart: $24.95, $34.56, $6.71, $6.04, $30.27. About how much do you pay?", "split": "test", "exact_value": 82.28}
{"id": "discounts_000219", "topic": "discounts", "subtopic": "threshold", "prompt": "Threshold coupon applies: $5 off $30+ spend. Cart: $37.63, $32.56. About how much do you pay?", "split": "test", "exact_value": 65.19}
{"id": "discounts_000220", "topic": "discounts", "subtopic": "percent", "prompt": "Cart: $11.34, $9.26, $49.22, $20.23, $35.22. A 20% discount applies to everything. About how much do you pay?", "split": "test", "exact_value": 100.22}
{"id": "discounts_000221", "topic": "discounts", "subtopic": "stacked", "prompt": "Stacked deal: 10% off, then $5 coupon if you spend $50 or more. Cart: $4.49, $36.03, $15.21. About how much do you pay?", "split": "test", "exact_value": 45.16}
{"id": "discounts_000222", "topic": "discounts", "subtopic": "percent", "prompt": "Cart: $41.60, $12.03. A 15% discount applies to everything. About how much do you pay?", "split": "test", "exact_value": 45.59}
{"id": "discounts_000223", "topic": "discounts", "subtopic": "threshold", "prompt": "Threshold coupon applies: $5 off $40+ spend. Cart: $7.86, $25.35, $26.15, $22.93, $33.93. About how much do you pay?", "split": "test", "exact_value": 111.22}
{"id": "discounts_000224", "topic": "discounts", "subtopic": "percent", "prompt": "Cart: $31.48, $15.21, $33.23, $35.89, $7.51. A 30% discount applies to everything. About how much do you pay?", "split": "test", "exact_value": 86.32}
{"id": "discounts_000225", "topic": "discounts", "subtopic": "bogo", "prompt": "BOGO sale (buy one, get one free; free item is the cheaper one in each pair). Items: $21.52, $17.82, $17.12, $2.24. About how much do you pay?", "split": "test", "exact_value": 38.64}
{"id": "discounts_000226", "topic": "discounts", "subtopic": "threshold", "prompt": "Threshold coupon applies: $5 off $50+ spend. Cart: $38.25, $15.02, $27.52, $33.32. About how much do you pay?", "split": "test", "exact_value": 109.11}
{"id": "discounts_000227", "topic": "discounts", "subtopic": "buy_n_get_m", "prompt": "Buy 3 get 1 free on items priced $5.82 each. You take 7 total. About how much do you pay?", "split": "test", "exact_value": 34.92}
{"id": "discounts_000228", "topic": "discounts", "subtopic": "bogo", "prompt": "BOGO sale (buy one, get one free; free item is the cheaper one in each pair). Items: $22.06, $2.87, $2.35. About how much do you pay?", "split": "test", "exact_value": 24.41}
{"id": "discounts_000229", "topic": "discounts", "subtopic": "bogo", "prompt": "BOGO sale (buy one, get one free; free item is the cheaper one in each pair). Items: $24.95, $4.45. About how much do you pay?", "split": "test", "exact_value": 24.95}
{"id": "discounts_000230", "topic": "discounts", "subtopic": "percent", "prompt": "Cart: $39.20, $35.31, $30.22, $36.77. A 25% discount applies to everything. About how much do you pay?", "split": "test", "exact_value": 106.13}
{"id": "discounts_000231", "topic": "discounts", "subtopic": "threshold", "prompt": "Threshold coupon applies: $15 off $40+ spend. Cart: $37.47, $28.05. About how much do you pay?", "split": "test", "exact_value": 50.52}
{"id": "discounts_000232", "topic": "discounts", "subtopic": "bogo", "prompt": "BOGO sale (buy one, get one free; free item is the cheaper one in each pair). Items: $16.91, $10.67, $10.05, $9.60, $2.64. About how much do you pay?", "split": "test", "exact_value": 29.6}
{"id": "discounts_000233", "topic": "discounts", "subtopic": "buy_n_get_m", "prompt": "Buy 4 get 2 free on items priced $4.02 each. You take 11 total. About how much do you pay?", "split": "test", "exact_value": 32.16}
{"id": "discounts_000234", "topic": "discounts", "subtopic": "threshold", "prompt": "Threshold coupon applies: $15 off $40+ spend. Cart: $20.18, $33.36, $30.82, $29.46. About how much do you pay?", "split": "test", "exact_value": 98.82}
{"id": "discounts_000235", "topic": "discounts", "subtopic": "bogo", "prompt": "BOGO sale (buy one, get one free; free item is the cheaper one in each pair). Items: $21.92, $5.35. About how much do you pay?", "split": "test", "exact_value": 21.92}
{"id": "discounts_000236", "topic": "discounts", "subtopic": "buy_n_get_m", "prompt": "Buy 4 get 2 free on items priced $4.19 each. You take 7 total. About how much do you pay?", "split": "test", "exact_value": 20.95}
{"id": "discounts_000237", "topic": "discounts", "subtopic": "percent", "prompt": "Cart: $14.27, $31.37, $47.97. A 15% discount applies to everything. About how much do you pay?", "split": "test", "exact_value": 79.57}
{"id": "discounts_000238", "topic": "discounts", "subtopic": "bogo", "prompt": "BOGO sale (buy one, get one free; free item is the cheaper one in each pair). Items: $15.94, $9.97, $9.55, $2.39, $1.71. About how much do you pay?", "split": "test", "exact_value": 27.2}
{"id": "discounts_000239", "topic": "discounts", "subtopic": "buy_n_get_m", "prompt": "Buy 4 get 3 free on items priced $1.51 each. You take 10 total. About how much do you pay?", "split": "test", "exact_value": 10.57}
{"id": "discounts_000240", "topic": "discounts", "subtopic": "bogo", "prompt": "BOGO sale (buy one, get one free; free item is the cheaper one in each pair). Items: $18.80, $16.97, $9.30. About how much do you pay?", "split": "test", "exact_value": 28.1}
{"id": "discounts_000241", "topic": "discounts", "subtopic": "stacked", "prompt": "Stacked deal: 15% off, then $5 coupon if you spend $50 or more. Cart: $22.63, $35.90, $39.75, $25.65, $25.64. About how much do you pay?", "split": "test", "exact_value": 122.13}
{"id": "discounts_000242", "topic": "discounts", "subtopic": "threshold", "prompt": "Threshold coupon applies: $15 off $50+ spend. Cart: $23.39, $31.20, $5.59, $15.96. About how much do you pay?", "split": "test", "exact_value": 61.14}
{"id": "discounts_000243", "topic": "discounts", "subtopic": "percent", "prompt": "Cart: $41.98, $22.60, $24.78, $44.56, $29.87. A 20% discount applies to everything. About how much do you pay?", "split": "test", "exact_value": 131.03}
{"id": "discounts_000244", "topic": "discounts", "subtopic": "stacked", "prompt": "Stacked deal: 10% off, then $10 coupon if you spend $50 or more. Cart: $19.61, $14.10, $27.12, $4.42. About how much do you pay?", "split": "test", "exact_value": 48.73}
{"id": "discounts_000245", "topic": "discounts", "subtopic": "threshold", "prompt": "Threshold coupon applies: $10 off $30+ spend. Cart: $4.14, $12.24, $11.97, $33.56. About how much do you pay?", "split": "test", "exact_value": 51.91}
{"id": "discounts_000246", "topic": "discounts", "subtopic": "percent", "prompt": "Cart: $5.23, $6.57, $40.74, $28.15, $45.27. A 25% discount applies to everything. About how much do you pay?", "split": "test", "exact_value": 94.47}
{"id": "discounts_000247", "topic": "discounts", "subtopic": "percent", "prompt": "Cart: $39.13, $34.17, $26.33, $30.26. A 30% discount applies to everything. About how much do you pay?", "split": "test", "exact_value": 90.92}
{"id": "discounts_000248", "topic": "discounts", "subtopic": "stacked", "prompt": "Stacked deal: 10% off, then $5 coupon if you spend $50 or more. Cart: $31.84, $34.63, $37.24, $17.38, $29.84. About how much do you pay?", "split": "test", "exact_value": 130.84}
{"id": "discounts_000249", "topic": "discounts", "subtopic": "percent", "prompt": "Cart: $6.73, $33.39, $47.48, $3.96, $9.09. A 20% discount applies to everything. About how much do you pay?", "split": "test", "exact_value": 80.52}
{"id": "discounts_000250", "topic": "discounts", "subtopic": "bogo", "prompt": "BOGO sale (buy one, get one free; free item is the cheaper one in each pair). Items: $22.78, $17.28, $11.26, $6.29. About how much do you pay?", "split": "test", "exact_value": 34.04}
{"id": "discounts_000251", "topic": "discounts", "subtopic": "bogo", "prompt": "BOGO sale (buy one, get one free; free item is the cheaper one in each pair). Items: $23.39, $14.23, $8.76, $3.78. About how much do you pay?", "split": "test", "exact_value": 32.15}
{"id": "discounts_000252", "topic": "discounts", "subtopic": "stacked", "prompt": "Stacked deal: 10% off, then $5 coupon if you spend $30 or more. Cart: $5.81, $8.75, $7.48. About how much do you pay?", "split": "test", "exact_value": 19.84}
{"id": "discounts_000253", "topic": "discounts", "subtopic": "buy_n_get_m", "prompt": "Buy 3 get 2 free on items priced $7.76 each. You take 7 total. About how much do you pay?", "split": "test", "exact_value": 38.8}
{"id": "discounts_000254", "topic": "discounts", "subtopic": "percent", "prompt": "Cart: $27.00, $25.61, $31.87, $39.91, $19.73. A 10% discount applies to everything. About how much do you pay?", "split": "test", "exact_value": 129.71}
{"id": "discounts_000255", "topic": "discounts", "subtopic": "buy_n_get_m", "prompt": "Buy 3 get 3 free on items priced $2.64 each. You take 8 total. About how much do you pay?", "split": "test", "exact_value": 13.2}
{"id": "discounts_000256", "topic": "discounts", "subtopic": "percent", "prompt": "Cart: $49.62, $10.62. A 20% discount applies to everything. About how much do you pay?", "split": "test", "exact_value": 48.19}
{"id": "discounts_000257", "topic": "discounts", "subtopic": "bogo", "prompt": "BOGO sale (buy one, get one free; free item is the cheaper one in each pair). Items: $23.22, $20.65, $16.33, $14.06, $12.74, $2.19. About how much do you pay?", "split": "test", "exact_value": 52.29}
{"id": "discounts_000258", "topic": "discounts", "subtopic": "threshold", "prompt": "Threshold coupon applies: $15 off $50+ spend. Cart: $7.72, $22.44, $33.22, $11.63, $10.84. About how much do you pay?", "split": "test", "exact_value": 70.85}
{"id": "discounts_000259", "topic": "discounts", "subtopic": "percent", "prompt": "Cart: $42.21, $46.88, $39.69. A 30% discount applies to everything. About how much do you pay?", "split": "test", "exact_value": 90.15}
{"id": "discounts_000260", "topic": "discounts", "subtopic": "threshold", "prompt": "Threshold coupon applies: $5 off $40+ spend. Cart: $15.59, $17.27, $36.39, $5.30, $10.76. About how much do you pay?", "split": "test", "exact_value": 80.31}
{"id": "discounts_000261", "topic": "discounts", "subtopic": "buy_n_get_m", "prompt": "Buy 4 get 3 free on items priced $5.71 each. You take 7 total. About how much do you pay?", "split": "test", "exact_value": 22.84}
{"id": "discounts_000262", "topic": "discounts", "subtopic": "buy_n_get_m", "prompt": "Buy 3 get 1 free on items priced $7.09 each. You take 4 total. About how much do you pay?", "split": "test", "exact_value": 21.27}
{"id": "discounts_000263", "topic": "discounts", "subtopic": "stacked", "prompt": "Stacked deal: 20% off, then $10 coupon if you spend $50 or more. Cart: $24.93, $20.51, $23.47. About how much do you pay?", "split": "test", "exact_value": 45.13}
{"id": "discounts_000264", "topic": "discounts", "subtopic": "percent", "prompt": "Cart: $39.94, $32.98. A 15% discount applies to everything. About how much do you pay?", "split": "test", "exact_value": 61.98}
{"id": "discounts_000265", "topic": "discounts", "subtopic": "buy_n_get_m", "prompt": "Buy 4 get 2 free on items priced $4.98 each. You take 6 total. About how much do you pay?", "split": "test", "exact_value": 19.92}
{"id": "discounts_000266", "topic": "discounts", "subtopic": "percent", "prompt": "Cart: $47.13, $34.24. A 15% discount applies to everything. About how much do you pay?", "split": "test", "exact_value": 69.16}
{"id": "discounts_000267", "topic": "discounts", "subtopic": "buy_n_get_m", "prompt": "Buy 3 get 2 free on items priced $6.79 each. You take 7 total. About how much do you pay?", "split": "test", "exact_value": 33.95}
{"id": "discounts_000268", "topic": "discounts", "subtopic": "threshold", "prompt": "Threshold coupon applies: $10 off $50+ spend. Cart: $39.09, $17.09. About how much do you pay?", "split": "test", "exact_value": 46.18}
{"id": "discounts_000269", "topic": "discounts", "subtopic": "buy_n_get_m", "prompt": "Buy 3 get 2 free on items priced $4.13 each. You take 7 total. About how much do you pay?", "split": "test", "exact_value": 20.65}
{"id": "discounts_000270", "topic": "discounts", "subtopic": "bogo", "prompt": "BOGO sale (buy one, get one free; free item is the cheaper one in each pair). Items: $23.38, $21.92. About how much do you pay?", "split": "test", "exact_value": 23.38}
{"id": "discounts_000271", "topic": "discounts", "subtopic": "stacked", "prompt": "Stacked deal: 15% off, then $5 coupon if you spend $40 or more. Cart: $16.40, $6.51, $12.77. About how much do you pay?", "split": "test", "exact_value": 30.33}
{"id": "discounts_000272", "topic": "discounts", "subtopic": "bogo", "prompt": "BOGO sale (buy one, get one free; free item is the cheaper one in each pair). Items: $21.26, $20.30, $14.42, $7.99, $6.93, $6.48. About how much do you pay?", "split": "test", "exact_value": 42.61}
{"id": "discounts_000273", "topic": "discounts", "subtopic": "stacked", "prompt": "Stacked deal: 20% off, then $10 coupon if you spend $50 or more. Cart: $33.02, $23.30, $24.35. About how much do you pay?", "split": "test", "exact_value": 54.54}
{"id": "discounts_000274", "topic": "discounts", "subtopic": "stacked", "prompt": "Stacked deal: 10% off, then $10 coupon if you spend $50 or more. Cart: $6.71, $17.93, $37.43, $14.53, $35.47. About how much do you pay?", "split": "test", "exact_value": 90.86}
{"id": "discounts_000275", "topic": "discounts", "subtopic": "buy_n_get_m", "prompt": "Buy 3 get 1 free on items priced $6.31 each. You take 4 total. About how much do you pay?", "split": "test", "exact_value": 18.93}
{"id": "discounts_000276", "topic": "discounts", "subtopic": "stacked", "prompt": "Stacked deal: 15% off, then $5 coupon if you spend $40 or more. Cart: $6.94, $20.64, $20.35. About how much do you pay?", "split": "test", "exact_value": 35.74}
{"id": "discounts_000277", "topic": "discounts", "subtopic": "buy_n_get_m", "prompt": "Buy 5 get 1 free on items priced $2.52 each. You take 6 total. About how much do you pay?", "split": "test", "exact_value": 12.6}
{"id": "discounts_000278", "topic": "discounts", "subtopic": "buy_n_get_m", "prompt": "Buy 5 get 3 free on items priced $2.58 each. You take 9 total. About how much do you pay?", "split": "test", "exact_value": 15.48}
{"id": "discounts_000279", "topic": "discounts", "subtopic": "percent", "prompt": "Cart: $13.26, $36.27, $10.95, $47.98, $43.59. A 30% discount applies to everything. About how much do you pay?", "split": "test", "exact_value": 106.44}
{"id": "discounts_000280", "topic": "discounts", "subtopic": "bogo", "prompt": "BOGO sale (buy one, get one free; free item is the cheaper one in each pair). Items: $20.16, $19.73, $13.78, $7.91, $1.61. About how much do you pay?", "split": "test", "exact_value": 35.55}
{"id": "discounts_000281", "topic": "discounts", "subtopic": "bogo", "prompt": "BOGO sale (buy one, get one free; free item is the cheaper one in each pair). Items: $17.16, $14.36, $6.45, $6.01, $2.89. About how much do you pay?", "split": "test", "exact_value": 26.5}
{"id": "discounts_000282", "topic": "discounts", "subtopic": "stacked", "prompt": "Stacked deal: 10% off, then $5 coupon if you spend $50 or more. Cart: $15.73, $17.96, $24.85, $36.69, $13.63. About how much do you pay?", "split": "test", "exact_value": 92.97}
{"id": "discounts_000283", "topic": "discounts", "subtopic": "threshold", "prompt": "Threshold coupon applies: $15 off $30+ spend. Cart: $27.33, $21.91, $39.19, $18.59. About how much do you pay?", "split": "test", "exact_value": 92.02}
{"id": "discounts_000284", "topic": "discounts", "subtopic": "buy_n_get_m", "prompt": "Buy 5 get 1 free on items priced $5.98 each. You take 12 total. About how much do you pay?", "split": "test", "exact_value": 59.8}
{"id": "discounts_000285", "topic": "discounts", "subtopic": "stacked", "prompt": "Stacked deal: 10% off, then $5 coupon if you spend $30 or more. Cart: $38.78, $12.19, $29.30. About how much do you pay?", "split": "test", "exact_value": 67.24}
{"id": "discounts_000286", "topic": "discounts", "subtopic": "percent", "prompt": "Cart: $9.24, $13.24, $48.08, $30.00, $33.63. A 10% discount applies to everything. About how much do you pay?", "split": "test", "exact_value": 120.77}
{"id": "discounts_000287", "topic": "discounts", "subtopic": "percent", "prompt": "Cart: $8.02, $12.69, $9.78, $37.03, $39.91. A 20% discount applies to everything. About how much do you pay?", "split": "test", "exact_value": 85.94}
{"id": "discounts_000288", "topic": "discounts", "subtopic": "buy_n_get_m", "prompt": "Buy 4 get 3 free on items priced $7.84 each. You take 11 total. About how much do you pay?", "split": "test", "exact_value": 62.72}
{"id": "discounts_000289", "topic": "discounts", "subtopic": "threshold", "prompt": "Threshold coupon applies: $15 off $30+ spend. Cart: $34.87, $9.24, $18.00. About how much do you pay?", "split": "test", "exact_value": 47.11}
{"id": "discounts_000290", "topic": "discounts", "subtopic": "bogo", "prompt": "BOGO sale (buy one, get one free; free item is the cheaper one in each pair). Items: $12.98, $12.38, $7.93, $2.64, $1.56. About how much do you pay?", "split": "test", "exact_value": 22.47}
{"id": "discounts_000291", "topic": "discounts", "subtopic": "percent", "prompt": "Cart: $38.16, $27.63. A 15% discount applies to everything. About how much do you pay?", "split": "test", "exact_value": 55.92}
{"id": "discounts_000292", "topic": "discounts", "subtopic": "threshold", "prompt": "Threshold coupon applies: $5 off $40+ spend. Cart: $35.72, $9.06. About how much do you pay?", "split": "test", "exact_value": 39.78}
{"id": "discounts_000293", "topic": "discounts", "subtopic": "threshold", "prompt": "Threshold coupon applies: $15 off $25+ spend. Cart: $21.03, $31.44. About how much do you pay?", "split": "test", "exact_value": 37.47}
{"id": "discounts_000294", "topic": "discounts", "subtopic": "threshold", "prompt": "Threshold coupon applies: $10 off $50+ spend. Cart: $14.91, $12.07, $11.22, $35.09. About how much do you pay?", "split": "test", "exact_value": 63.29}
{"id": "discounts_000295", "topic": "discounts", "subtopic": "buy_n_get_m", "prompt": "Buy 3 get 2 free on items priced $2.53 each. You take 6 total. About how much do you pay?", "split": "test", "exact_value": 10.12}
{"id": "discounts_000296", "topic": "discounts", "subtopic": "percent", "prompt": "Cart: $33.32, $21.07, $49.36. A 30% discount applies to everything. About how much do you pay?", "split": "test", "exact_value": 72.63}
{"id": "discounts_000297", "topic": "discounts", "subtopic": "stacked", "prompt": "Stacked deal: 15% off, then $10 coupon if you spend $50 or more. Cart: $7.05, $29.68, $22.31, $28.52. About how much do you pay?", "split": "test", "exact_value": 64.43}
{"id": "discounts_000298", "topic": "discounts", "subtopic": "threshold", "prompt": "Threshold coupon applies: $5 off $25+ spend. Cart: $6.26, $38.45. About how much do you pay?", "split": "test", "exact_value": 39.71}
{"id": "discounts_000299", "topic": "discounts", "subtopic": "buy_n_get_m", "prompt": "Buy 3 get 3 free on items priced $3.13 each. You take 10 total. About how much do you pay?", "split": "test", "exact_value": 18.78}
{"id": "discounts_000300", "topic": "discounts", "subtopic": "stacked", "prompt": "Stacked deal: 15% off, then $10 coupon if you spend $50 or more. Cart: $26.21, $39.16, $3.11, $38.46. About how much do you pay?", "split": "test", "exact_value": 80.9}
{"id": "discounts_000301", "topic": "discounts", "subtopic": "stacked", "prompt": "Stacked deal: 15% off, then $10 coupon if you spend $50 or more. Cart: $3.04, $10.15, $7.00, $14.32, $31.26. About how much do you pay?", "split": "test", "exact_value": 45.9}
{"id": "discounts_000302", "topic": "discounts", "subtopic": "stacked", "prompt": "Stacked deal: 15% off, then $10 coupon if you spend $30 or more. Cart: $26.26, $27.77, $38.53, $23.90. About how much do you pay?", "split": "test", "exact_value": 88.99}
{"id": "discounts_000303", "topic": "discounts", "subtopic": "threshold", "prompt": "Threshold coupon applies: $10 off $40+ spend. Cart: $36.04, $15.68, $34.87. About how much do you pay?", "split": "test", "exact_value": 76.59}
{"id": "discounts_000304", "topic": "discounts", "subtopic": "bogo", "prompt": "BOGO sale (buy one, get one free; free item is the cheaper one in each pair). Items: $23.99, $14.77, $9.33, $6.84, $3.28, $1.88. About how much do you pay?", "split": "test", "exact_value": 36.6}
{"id": "discounts_000305", "topic": "discounts", "subtopic": "bogo", "prompt": "BOGO sale (buy one, get one free; free item is the cheaper one in each pair). Items: $12.47, $11.14, $2.52. About how much do you pay?", "split": "test", "exact_value": 14.99}
{"id": "discounts_000306", "topic": "discounts", "subtopic": "stacked", "prompt": "Stacked deal: 20% off, then $5 coupon if you spend $30 or more. Cart: $6.79, $39.61, $23.29. About how much do you pay?", "split": "test", "exact_value": 50.75}
{"id": "discounts_000307", "topic": "discounts", "subtopic": "bogo", "prompt": "BOGO sale (buy one, get one free; free item is the cheaper one in each pair). Items: $10.21, $2.35, $1.76. About how much do you pay?", "split": "test", "exact_value": 11.97}
{"id": "discounts_000308", "topic": "discounts", "subtopic": "stacked", "prompt": "Stacked deal: 10% off, then $5 coupon if you spend $50 or more. Cart: $7.44, $13.37, $24.77, $19.63, $10.73, $15.60. About how much do you pay?", "split": "test", "exact_value": 77.39}
{"id": "discounts_000309", "topic": "discounts", "subtopic": "percent", "prompt": "Cart: $40.17, $28.22, $32.56, $38.75. A 10% discount applies to everything. About how much do you pay?", "split": "test", "exact_value": 125.73}
{"id": "discounts_000310", "topic": "discounts", "subtopic": "threshold", "prompt": "Threshold coupon applies: $5 off $50+ spend. Cart: $23.47, $27.65, $29.04, $4.22. About how much do you pay?", "split": "test", "exact_value": 79.38}
{"id": "discounts_000311", "topic": "discounts", "subtopic": "threshold", "prompt": "Threshold coupon applies: $10 off $25+ spend. Cart: $7.59, $22.12, $12.25, $24.71. About how much do you pay?", "split": "test", "exact_value": 56.67}
{"id": "discounts_000312", "topic": "discounts", "subtopic": "buy_n_get_m", "prompt": "Buy 4 get 3 free on items priced $7.57 each. You take 9 total. About how much do you pay?", "split": "test", "exact_value": 45.42}
{"id": "discounts_000313", "topic": "discounts", "subtopic": "percent", "prompt": "Cart: $49.08, $29.86. A 20% discount applies to everything. About how much do you pay?", "split": "test", "exact_value": 63.15}
{"id": "discounts_000314", "topic": "discounts", "subtopic": "bogo", "prompt": "BOGO sale (buy one, get one free; free item is the cheaper one in each pair). Items: $20.81, $6.99, $2.55. About how much do you pay?", "split": "test", "exact_value": 23.36}
{"id": "discounts_000315", "topic": "discounts", "subtopic": "bogo", "prompt": "BOGO sale (buy one, get one free; free item is the cheaper one in each pair). Items: $20.93, $8.42, $6.13. About how much do you pay?", "split": "test", "exact_value": 27.06}
{"id": "discounts_000316", "topic": "discounts", "subtopic": "percent", "prompt": "Cart: $13.59, $9.31, $8.53, $45.87, $12.59. A 20% discount applies to everything. About how much do you pay?", "split": "test", "exact_value": 71.91}
{"id": "discounts_000317", "topic": "discounts", "subtopic": "threshold", "prompt": "Threshold coupon applies: $5 off $50+ spend. Cart: $28.76, $34.00, $9.72. About how much do you pay?", "split": "test", "exact_value": 67.48}
{"id": "discounts_000318", "topic": "discounts", "subtopic": "bogo", "prompt": "BOGO sale (buy one, get one free; free item is the cheaper one in each pair). Items: $21.30, $11.37, $5.60, $2.32. About how much do you pay?", "split": "test", "exact_value": 26.9}
{"id": "discounts_000319", "topic": "discounts", "subtopic": "percent", "prompt": "Cart: $12.94, $10.22, $8.09. A 15% discount applies to everything. About how much do you pay?", "split": "test", "exact_value": 26.56}
{"id": "discounts_000320", "topic": "discounts", "subtopic": "bogo", "prompt": "BOGO sale (buy one, get one free; free item is the cheaper one in each pair). Items: $22.26, $18.26, $18.26, $13.97. About how much do you pay?", "split": "test", "exact_value": 40.52}
{"id": "discounts_000321", "topic": "discounts", "subtopic": "stacked", "prompt": "Stacked deal: 15% off, then $5 coupon if you spend $40 or more. Cart: $35.79, $8.81, $39.89, $22.71, $23.98. About how much do you pay?", "split": "test", "exact_value": 106.5}
{"id": "discounts_000322", "topic": "discounts", "subtopic": "stacked", "prompt": "Stacked deal: 15% off, then $10 coupon if you spend $40 or more. Cart: $13.32, $12.62, $10.91, $30.13, $31.55, $3.73. About how much do you pay?", "split": "test", "exact_value": 76.92}
{"id": "discounts_000323", "topic": "discounts", "subtopic": "stacked", "prompt": "Stacked deal: 20% off, then $5 coupon if you spend $50 or more. Cart: $37.30, $35.35, $7.26, $28.69, $36.32, $11.49. About how much do you pay?", "split": "test", "exact_value": 120.13}
{"id": "discounts_000324", "topic": "discounts", "subtopic": "stacked", "prompt": "Stacked deal: 10% off, then $5 coupon if you spend $30 or more. Cart: $17.59, $27.03, $29.35, $33.21, $4.94, $9.64. About how much do you pay?", "split": "test", "exact_value": 104.58}
{"id": "discounts_000325", "topic": "discounts", "subtopic": "percent", "prompt": "Cart: $14.34, $28.95. A 20% discount applies to everything. About how much do you pay?", "split": "test", "exact_value": 34.63}
{"id": "discounts_000326", "topic": "discounts", "subtopic": "stacked", "prompt": "Stacked deal: 10% off, then $10 coupon if you spend $30 or more. Cart: $12.60, $15.28, $8.03. About how much do you pay?", "split": "test", "exact_value": 22.32}
{"id": "discounts_000327", "topic": "discounts", "subtopic": "threshold", "prompt": "Threshold coupon applies: $15 off $25+ spend. Cart: $9.02, $32.43, $29.15. About how much do you pay?", "split": "test", "exact_value": 55.6}
{"id": "discounts_000328", "topic": "discounts", "subtopic": "bogo", "prompt": "BOGO sale (buy one, get one free; free item is the cheaper one in each pair). Items: $19.35, $16.39, $12.32, $11.89, $11.41, $3.37. About how much do you pay?", "split": "test", "exact_value": 43.08}
{"id": "discounts_000329", "topic": "discounts", "subtopic": "buy_n_get_m", "prompt": "Buy 4 get 1 free on items priced $7.94 each. You take 5 total. About how much do you pay?", "split": "test", "exact_value": 31.76}
{"id": "discounts_000330", "topic": "discounts", "subtopic": "percent", "prompt": "Cart: $39.43, $35.46. A 10% discount applies to everything. About how much do you pay?", "split": "test", "exact_value": 67.4}
{"id": "discounts_000331", "topic": "discounts", "subtopic": "percent", "prompt": "Cart: $10.74, $37.87, $32.93, $6.80. A 15% discount applies to everything. About how much do you pay?", "split": "test", "exact_value": 75.09}
{"id": "discounts_000332", "topic": "discounts", "subtopic": "threshold", "prompt": "Threshold coupon applies: $5 off $40+ spend. Cart: $19.79, $36.18. About how much do you pay?", "split": "test", "exact_value": 50.97}
{"id": "discounts_000333", "topic": "discounts", "subtopic": "stacked", "prompt": "Stacked deal: 20% off, then $10 coupon if you spend $30 or more. Cart: $29.60, $39.56, $14.57. About how much do you pay?", "split": "test", "exact_value": 56.98}
{"id": "discounts_000334", "topic": "discounts", "subtopic": "buy_n_get_m", "prompt": "Buy 3 get 3 free on items priced $3.19 each. You take 12 total. About how much do you pay?", "split": "test", "exact_value": 19.14}
{"id": "discounts_000335", "topic": "discounts", "subtopic": "bogo", "prompt": "BOGO sale (buy one, get one free; free item is the cheaper one in each pair). Items: $19.54, $17.19, $14.18, $13.76, $8.24, $5.03. About how much do you pay?", "split": "test", "exact_value": 41.96}
{"id": "discounts_000336", "topic": "discounts", "subtopic": "buy_n_get_m", "prompt": "Buy 3 get 2 free on items priced $4.75 each. You take 8 total. About how much do you pay?", "split": "test", "exact_value": 28.5}
{"id": "discounts_000337", "topic": "discounts", "subtopic": "threshold", "prompt": "Threshold coupon applies: $15 off $25+ spend. Cart: $22.25, $20.81. About how much do you pay?", "split": "test", "exact_value": 28.06}
{"id": "discounts_000338", "topic": "discounts", "subtopic": "percent", "prompt": "Cart: $34.11, $44.62. A 25% discount applies to everything. About how much do you pay?", "split": "test", "exact_value": 59.05}
{"id": "discounts_000339", "topic": "discounts", "subtopic": "buy_n_get_m", "prompt": "Buy 3 get 2 free on items priced $5.63 each. You take 10 total. About how much do you pay?", "split": "test", "exact_value": 33.78}
{"id": "discounts_000340", "topic": "discounts", "subtopic": "stacked", "prompt": "Stacked deal: 15% off, then $5 coupon if you spend $50 or more. Cart: $22.60, $17.98, $23.82, $11.71, $8.51. About how much do you pay?", "split": "test", "exact_value": 66.93}
{"id": "discounts_000341", "topic": "discounts", "subtopic": "buy_n_get_m", "prompt": "Buy 3 get 2 free on items priced $3.89 each. You take 7 total. About how much do you pay?", "split": "test", "exact_value": 19.45}
{"id": "discounts_000342", "topic": "discounts", "subtopic": "bogo", "prompt": "BOGO sale (buy one, get one free; free item is the cheaper one in each pair). Items: $18.28, $16.18, $10.31, $6.38, $2.74, $2.47. About how much do you pay?", "split": "test", "exact_value": 31.33}
{"id": "discounts_000343", "topic": "discounts", "subtopic": "threshold", "prompt": "Threshold coupon applies: $5 off $30+ spend. Cart: $26.24, $32.30, $4.60, $26.47, $26.89. About how much do you pay?", "split": "test", "exact_value": 111.5}
{"id": "discounts_000344", "topic": "discounts", "subtopic": "percent", "prompt": "Cart: $15.58, $5.20. A 10% discount applies to everything. About how much do you pay?", "split": "test", "exact_value": 18.7}
{"id": "discounts_000345", "topic": "discounts", "subtopic": "threshold", "prompt": "Threshold coupon applies: $10 off $25+ spend. Cart: $34.05, $8.46, $24.00, $23.04. About how much do you pay?", "split": "test", "exact_value": 79.55}
{"id": "discounts_000346", "topic": "discounts", "subtopic": "buy_n_get_m", "prompt": "Buy 5 get 1 free on items priced $7.74 each. You take 10 total. About how much do you pay?", "split": "test", "exact_value": 69.66}
{"id": "discounts_000347", "topic": "discounts", "subtopic": "threshold", "prompt": "Threshold coupon applies: $10 off $25+ spend. Cart: $35.69, $12.95, $10.97, $29.84, $10.75. About how much do you pay?", "split": "test", "exact_value": 90.2}
{"id": "discounts_000348", "topic": "discounts", "subtopic": "buy_n_get_m", "prompt": "Buy 5 get 1 free on items priced $3.06 each. You take 7 total. About how much do you pay?", "split": "test", "exact_value": 18.36}
{"id": "discounts_000349", "topic": "discounts", "subtopic": "threshold", "prompt": "Threshold coupon applies: $10 off $40+ spend. Cart: $30.13, $22.77, $27.22, $28.00. About how much do you pay?", "split": "test", "exact_value": 98.12}
{"id": "discounts_000350", "topic": "discounts", "subtopic": "buy_n_get_m", "prompt": "Buy 3 get 2 free on items priced $2.52 each. You take 10 total. About how much do you pay?", "split": "test", "exact_value": 15.12}
{"id": "discounts_000351", "topic": "discounts", "subtopic": "bogo", "prompt": "BOGO sale (buy one, get one free; free item is the cheaper one in each pair). Items: $21.35, $18.46, $11.62, $3.94. About how much do you pay?", "split": "test", "exact_value": 32.97}
{"id": "discounts_000352", "topic": "discounts", "subtopic": "buy_n_get_m", "prompt": "Buy 3 get 2 free on items priced $2.02 each. You take 7 total. About how much do you pay?", "split": "test", "exact_value": 10.1}
{"id": "discounts_000353", "topic": "discounts", "subtopic": "threshold", "prompt": "Threshold coupon applies: $5 off $25+ spend. Cart: $16.76, $31.00, $31.27. About how much do you pay?", "split": "test", "exact_value": 74.03}
{"id": "discounts_000354", "topic": "discounts", "subtopic": "threshold", "prompt": "Threshold coupon applies: $10 off $30+ spend. Cart: $29.95, $17.28, $23.55. About how much do you pay?", "split": "test", "exact_value": 60.78}
{"id": "discounts_000355", "topic": "discounts", "subtopic": "bogo", "prompt": "BOGO sale (buy one, get one free; free item is the cheaper one in each pair). Items: $17.20, $12.53. About how much do you pay?", "split": "test", "exact_value": 17.2}
{"id": "discounts_000356", "topic": "discounts", "subtopic": "buy_n_get_m", "prompt": "Buy 4 get 2 free on items priced $4.16 each. You take 10 total. About how much do you pay?", "split": "test", "exact_value": 33.28}
{"id": "discounts_000357", "topic": "discounts", "subtopic": "stacked", "prompt": "Stacked deal: 20% off, then $5 coupon if you spend $50 or more. Cart: $31.56, $30.03, $16.62. About how much do you pay?", "split": "test", "exact_value": 57.57}
{"id": "discounts_000358", "topic": "discounts", "subtopic": "buy_n_get_m", "prompt": "Buy 3 get 2 free on items priced $3.65 each. You take 9 total. About how much do you pay?", "split": "test", "exact_value": 21.9}
{"id": "discounts_000359", "topic": "discounts", "subtopic": "percent", "prompt": "Cart: $4.75, $35.27, $5.69, $43.08. A 15% discount applies to everything. About how much do you pay?", "split": "test", "exact_value": 75.47}
{"id": "discounts_000360", "topic": "discounts", "subtopic": "bogo", "prompt": "BOGO sale (buy one, get one free; free item is the cheaper one in each pair). Items: $19.47, $9.83, $6.40. About how much do you pay?", "split": "test", "exact_value": 25.87}
{"id": "discounts_000361", "topic": "discounts", "subtopic": "stacked", "prompt": "Stacked deal: 10% off, then $5 coupon if you spend $30 or more. Cart: $24.71, $35.68, $7.51, $29.94, $32.84. About how much do you pay?", "split": "test", "exact_value": 112.61}
{"id": "discounts_000362", "topic": "discounts", "subtopic": "stacked", "prompt": "Stacked deal: 20% off, then $5 coupon if you spend $30 or more. Cart: $22.46, $29.68, $32.12, $23.13, $25.43, $10.34. About how much do you pay?", "split": "test", "exact_value": 109.53}
{"id": "discounts_000363", "topic": "discounts", "subtopic": "threshold", "prompt": "Threshold coupon applies: $10 off $25+ spend. Cart: $8.84, $27.18, $39.97. About how much do you pay?", "split": "test", "exact_value": 65.99}
{"id": "discounts_000364", "topic": "discounts", "subtopic": "percent", "prompt": "Cart: $47.93, $46.14. A 30% discount applies to everything. About how much do you pay?", "split": "test", "exact_value": 65.85}
{"id": "discounts_000365", "topic": "discounts", "subtopic": "stacked", "prompt": "Stacked deal: 20% off, then $5 coupon if you spend $50 or more. Cart: $31.05, $15.11, $17.40, $20.07, $21.52, $18.06. About how much do you pay?", "split": "test", "exact_value": 93.57}
{"id": "discounts_000366", "topic": "discounts", "subtopic": "percent", "prompt": "Cart: $12.80, $4.24, $41.09. A 30% discount applies to everything. About how much do you pay?", "split": "test", "exact_value": 40.69}
{"id": "discounts_000367", "topic": "discounts", "subtopic": "percent", "prompt": "Cart: $39.59, $8.25, $9.00, $31.06. A 10% discount applies to everything. About how much do you pay?", "split": "test", "exact_value": 79.11}
{"id": "discounts_000368", "topic": "discounts", "subtopic": "bogo", "prompt": "BOGO sale (buy one, get one free; free item is the cheaper one in each pair). Items: $20.83, $18.63, $16.46, $13.18, $9.34. About how much do you pay?", "split": "test", "exact_value": 46.63}
{"id": "discounts_000369", "topic": "discounts", "subtopic": "stacked", "prompt": "Stacked deal: 20% off, then $5 coupon if you spend $50 or more. Cart: $38.52, $36.58, $36.91. About how much do you pay?", "split": "test", "exact_value": 84.61}
{"id": "discounts_000370", "topic": "discounts", "subtopic": "threshold", "prompt": "Threshold coupon applies: $5 off $25+ spend. Cart: $25.94, $16.44, $35.88, $6.74. About how much do you pay?", "split": "test", "exact_value": 80.0}
{"id": "discounts_000371", "topic": "discounts", "subtopic": "stacked", "prompt": "Stacked deal: 10% off, then $5 coupon if you spend $50 or more. Cart: $7.02, $13.80, $11.55, $22.60, $15.68. About how much do you pay?", "split": "test", "exact_value": 58.59}
{"id": "discounts_000372", "topic": "discounts", "subtopic": "threshold", "prompt": "Threshold coupon applies: $5 off $30+ spend. Cart: $10.13, $30.02, $37.89. About how much do you pay?", "split": "test", "exact_value": 73.04}
{"id": "discounts_000373", "topic": "discounts", "subtopic": "bogo", "prompt": "BOGO sale (buy one, get one free; free item is the cheaper one in each pair). Items: $9.43, $7.95, $7.49, $3.29, $2.35. About how much do you pay?", "split": "test", "exact_value": 19.27}
{"id": "discounts_000374", "topic": "discounts", "subtopic": "buy_n_get_m", "prompt": "Buy 5 get 2 free on items priced $2.34 each. You take 7 total. About how much do you pay?", "split": "test", "exact_value": 11.7}
{"id": "discounts_000375", "topic": "discounts", "subtopic": "buy_n_get_m", "prompt": "Buy 4 get 1 free on items priced $5.59 each. You take 8 total. About how much do you pay?", "split": "test", "exact_value": 39.13}
{"id": "discounts_000376", "topic": "discounts", "subtopic": "threshold", "prompt": "Threshold coupon applies: $10 off $30+ spend. Cart: $19.66, $32.46, $5.66, $28.96, $8.18. About how much do you pay?", "split": "test", "exact_value": 84.92}
{"id": "discounts_000377", "topic": "discounts", "subtopic": "percent", "prompt": "Cart: $47.35, $44.11. A 10% discount applies to everything. About how much do you pay?", "split": "test", "exact_value": 82.31}
{"id": "discounts_000378", "topic": "discounts", "subtopic": "stacked", "prompt": "Stacked deal: 10% off, then $5 coupon if you spend $40 or more. Cart: $16.36, $17.71, $25.46, $33.26. About how much do you pay?", "split": "test", "exact_value": 78.51}
{"id": "discounts_000379", "topic": "discounts", "subtopic": "threshold", "prompt": "Threshold coupon applies: $5 off $25+ spend. Cart: $15.52, $30.82. About how much do you pay?", "split": "test", "exact_value": 41.34}
{"id": "discounts_000380", "topic": "discounts", "subtopic": "bogo", "prompt": "BOGO sale (buy one, get one free; free item is the cheaper one in each pair). Items: $22.58, $20.70, $13.45, $9.85. About how much do you pay?", "split": "test", "exact_value": 36.03}
{"id": "discounts_000381", "topic": "discounts", "subtopic": "bogo", "prompt": "BOGO sale (buy one, get one free; free item is the cheaper one in each pair). Items: $21.40, $14.93, $14.68, $12.90, $11.47. About how much do you pay?", "split": "test", "exact_value": 47.55}
{"id": "discounts_000382", "topic": "discounts", "subtopic": "bogo", "prompt": "BOGO sale (buy one, get one free; free item is the cheaper one in each pair). Items: $19.11, $13.82, $7.69, $7.18, $6.45, $2.44. About how much do you pay?", "split": "test", "exact_value": 33.25}
{"id": "discounts_000383", "topic": "discounts", "subtopic": "stacked", "prompt": "Stacked deal: 15% off, then $5 coupon if you spend $40 or more. Cart: $32.36, $39.44, $31.86. About how much do you pay?", "split": "test", "exact_value": 83.11}
{"id": "discounts_000384", "topic": "discounts", "subtopic": "threshold", "prompt": "Threshold coupon applies: $5 off $25+ spend. Cart: $18.66, $11.62, $27.21. About how much do you pay?", "split": "test", "exact_value": 52.49}
{"id": "discounts_000385", "topic": "discounts", "subtopic": "percent", "prompt": "Cart: $24.21, $35.61, $31.46, $5.22. A 20% discount applies to everything. About how much do you pay?", "split": "test", "exact_value": 77.2}
{"id": "discounts_000386", "topic": "discounts", "subtopic": "stacked", "prompt": "Stacked deal: 10% off, then $10 coupon if you spend $50 or more. Cart: $32.71, $13.56, $9.72. About how much do you pay?", "split": "test", "exact_value": 40.39}
{"id": "discounts_000387", "topic": "discounts", "subtopic": "buy_n_get_m", "prompt": "Buy 3 get 2 free on items priced $5.28 each. You take 9 total. About how much do you pay?", "split": "test", "exact_value": 31.68}
{"id": "discounts_000388", "topic": "discounts", "subtopic": "stacked", "prompt": "Stacked deal: 20% off, then $10 coupon if you spend $50 or more. Cart: $31.36, $24.18, $16.90, $31.87, $13.96, $23.44. About how much do you pay?", "split": "test", "exact_value": 103.37}
{"id": "discounts_000389", "topic": "discounts", "subtopic": "percent", "prompt": "Cart: $9.81, $39.82, $30.22, $32.92. A 30% discount applies to everything. About how much do you pay?", "split": "test", "exact_value": 78.94}
{"id": "discounts_000390", "topic": "discounts", "subtopic": "bogo", "prompt": "BOGO sale (buy one, get one free; free item is the cheaper one in each pair). Items: $9.25, $3.91, $1.99. About how much do you pay?", "split": "test", "exact_value": 11.24}
{"id": "discounts_000391", "topic": "discounts", "subtopic": "stacked", "prompt": "Stacked deal: 10% off, then $5 coupon if you spend $30 or more. Cart: $24.06, $32.31, $34.69, $38.26, $35.94. About how much do you pay?", "split": "test", "exact_value": 143.73}
{"id": "discounts_000392", "topic": "discounts", "subtopic": "buy_n_get_m", "prompt": "Buy 4 get 2 free on items priced $6.56 each. You take 10 total. About how much do you pay?", "split": "test", "exact_value": 52.48}
{"id": "discounts_000393", "topic": "discounts", "subtopic": "stacked", "prompt": "Stacked deal: 15% off, then $10 coupon if you spend $30 or more. Cart: $18.08, $28.88, $39.62. About how much do you pay?", "split": "test", "exact_value": 63.59}
{"id": "discounts_000394", "topic": "discounts", "subtopic": "percent", "prompt": "Cart: $38.89, $48.69, $4.42, $23.76, $38.21. A 20% discount applies to everything. About how much do you pay?", "split": "test", "exact_value": 123.18}
{"id": "discounts_000395", "topic": "discounts", "subtopic": "stacked", "prompt": "Stacked deal: 15% off, then $5 coupon if you spend $50 or more. Cart: $22.23, $11.14, $27.79, $25.28. About how much do you pay?", "split": "test", "exact_value": 68.47}
{"id": "discounts_000396", "topic": "discounts", "subtopic": "stacked", "prompt": "Stacked deal: 15% off, then $10 coupon if you spend $30 or more. Cart: $27.31, $23.75, $3.64, $33.28. About how much do you pay?", "split": "test", "exact_value": 64.78}
{"id": "discounts_000397", "topic": "discounts", "subtopic": "threshold", "prompt": "Threshold coupon applies: $10 off $50+ spend. Cart: $39.33, $36.47. About how much do you pay?", "split": "test", "exact_value": 65.8}
{"id": "discounts_000398", "topic": "discounts", "subtopic": "percent", "prompt": "Cart: $22.08, $38.86, $28.58. A 15% discount applies to everything. About how much do you pay?", "split": "test", "exact_value": 76.09}
{"id": "discounts_000399", "topic": "discounts", "subtopic": "threshold", "prompt": "Threshold coupon applies: $5 off $25+ spend. Cart: $7.36, $23.81, $24.61, $16.40. About how much do you pay?", "split": "test", "exact_value": 67.18}
{"id": "discounts_000400", "topic": "discounts", "subtopic": "percent", "prompt": "Cart: $41.00, $7.61, $42.03, $44.46, $39.02. A 30% discount applies to everything. About how much do you pay?", "split": "test", "exact_value": 121.88}
{"id": "discounts_000401", "topic": "discounts", "subtopic": "buy_n_get_m", "prompt": "Buy 3 get 2 free on items priced $5.20 each. You take 6 total. About how much do you pay?", "split": "test", "exact_value": 20.8}
{"id": "discounts_000402", "topic": "discounts", "subtopic": "buy_n_get_m", "prompt": "Buy 3 get 1 free on items priced $4.08 each. You take 8 total. About how much do you pay?", "split": "test", "exact_value": 24.48}
{"id": "discounts_000403", "topic": "discounts", "subtopic": "buy_n_get_m", "prompt": "Buy 4 get 3 free on items priced $7.01 each. You take 7 total. About how much do you pay?", "split": "test", "exact_value": 28.04}
{"id": "discounts_000404", "topic": "discounts", "subtopic": "percent", "prompt": "Cart: $25.48, $13.51, $3.30. A 30% discount applies to everything. About how much do you pay?", "split": "test", "exact_value": 29.6}
{"id": "discounts_000405", "topic": "discounts", "subtopic": "threshold", "prompt": "Threshold coupon applies: $15 off $50+ spend. Cart: $36.65, $18.00, $39.93, $8.19, $39.26. About how much do you pay?", "split": "test", "exact_value": 127.03}
{"id": "discounts_000406", "topic": "discounts", "subtopic": "bogo", "prompt": "BOGO sale (buy one, get one free; free item is the cheaper one in each pair). Items: $6.03, $3.40. About how much do you pay?", "split": "test", "exact_value": 6.03}
{"id": "discounts_000407", "topic": "discounts", "subtopic": "stacked", "prompt": "Stacked deal: 10% off, then $10 coupon if you spend $50 or more. Cart: $33.46, $33.45, $3.93, $37.97, $16.87. About how much do you pay?", "split": "test", "exact_value": 103.11}
{"id": "discounts_000408", "topic": "discounts", "subtopic": "percent", "prompt": "Cart: $32.59, $6.43, $37.66, $5.54. A 25% discount applies to everything. About how much do you pay?", "split": "test", "exact_value": 61.67}
{"id": "discounts_000409", "topic": "discounts", "subtopic": "bogo", "prompt": "BOGO sale (buy one, get one free; free item is the cheaper one in each pair). Items: $18.64, $15.18, $11.91, $11.15, $6.09, $4.87. About how much do you pay?", "split": "test", "exact_value": 36.64}
{"id": "discounts_000410", "topic": "discounts", "subtopic": "bogo", "prompt": "BOGO sale (buy one, get one free; free item is the cheaper one in each pair). Items: $22.54, $15.56, $11.85, $7.84. About how much do you pay?", "split": "test", "exact_value": 34.39}
{"id": "discounts_000411", "topic": "discounts", "subtopic": "threshold", "prompt": "Threshold coupon applies: $10 off $50+ spend. Cart: $6.08, $37.94, $35.87. About how much do you pay?", "split": "test", "exact_value": 69.89}
{"id": "discounts_000412", "topic": "discounts", "subtopic": "bogo", "prompt": "BOGO sale (buy one, get one free; free item is the cheaper one in each pair). Items: $20.26, $19.02, $16.19, $13.05, $4.71, $1.95. About how much do you pay?", "split": "test", "exact_value": 41.16}
{"id": "discounts_000413", "topic": "discounts", "subtopic": "threshold", "prompt": "Threshold coupon applies: $5 off $40+ spend. Cart: $37.22, $39.34, $24.35, $37.56, $6.39. About how much do you pay?", "split": "test", "exact_value": 139.86}
{"id": "discounts_000414", "topic": "discounts", "subtopic": "threshold", "prompt": "Threshold coupon applies: $10 off $30+ spend. Cart: $6.41, $11.02, $11.29, $12.35. About how much do you pay?", "split": "test", "exact_value": 31.07}
{"id": "discounts_000415", "topic": "discounts", "subtopic": "buy_n_get_m", "prompt": "Buy 3 get 1 free on items priced $6.14 each. You take 6 total. About how much do you pay?", "split": "test", "exact_value": 30.7}
{"id": "discounts_000416", "topic": "discounts", "subtopic": "threshold", "prompt": "Threshold coupon applies: $5 off $50+ spend. Cart: $20.81, $37.37. About how much do you pay?", "split": "test", "exact_value": 53.18}
{"id": "discounts_000417", "topic": "discounts", "subtopic": "bogo", "prompt": "BOGO sale (buy one, get one free; free item is the cheaper one in each pair). Items: $17.42, $5.33, $3.34. About how much do you pay?", "split": "test", "exact_value": 20.76}
{"id": "discounts_000418", "topic": "discounts", "subtopic": "threshold", "prompt": "Threshold coupon applies: $5 off $40+ spend. Cart: $11.87, $19.18. About how much do you pay?", "split": "test", "exact_value": 31.05}
{"id": "discounts_000419", "topic": "discounts", "subtopic": "threshold", "prompt": "Threshold coupon applies: $10 off $40+ spend. Cart: $23.65, $39.14, $17.53, $10.84, $20.10. About how much do you pay?", "split": "test", "exact_value": 101.26}
{"id": "discounts_000420", "topic": "discounts", "subtopic": "buy_n_get_m", "prompt": "Buy 5 get 1 free on items priced $5.34 each. You take 12 total. About how much do you pay?", "split": "test", "exact_value": 53.4}
{"id": "discounts_000421", "topic": "discounts", "subtopic": "stacked", "prompt": "Stacked deal: 15% off, then $10 coupon if you spend $40 or more. Cart: $4.76, $34.96, $13.87, $4.58, $33.24. About how much do you pay?", "split": "test", "exact_value": 67.7}
{"id": "discounts_000422", "topic": "discounts", "subtopic": "percent", "prompt": "Cart: $24.22, $35.05, $42.09. A 25% discount applies to everything. About how much do you pay?", "split": "test", "exact_value": 76.02}
{"id": "discounts_000423", "topic": "discounts", "subtopic": "threshold", "prompt": "Threshold coupon applies: $15 off $50+ spend. Cart: $37.39, $36.57. About how much do you pay?", "split": "test", "exact_value": 58.96}
{"id": "discounts_000424", "topic": "discounts", "subtopic": "stacked", "prompt": "Stacked deal: 15% off, then $5 coupon if you spend $50 or more. Cart: $36.85, $5.77, $33.85, $26.64. About how much do you pay?", "split": "test", "exact_value": 82.64}
{"id": "discounts_000425", "topic": "discounts", "subtopic": "percent", "prompt": "Cart: $15.26, $46.73, $22.72. A 30% discount applies to everything. About how much do you pay?", "split": "test", "exact_value": 59.3}
{"id": "discounts_000426", "topic": "discounts", "subtopic": "stacked", "prompt": "Stacked deal: 15% off, then $5 coupon if you spend $30 or more. Cart: $30.17, $21.17, $30.05, $25.43, $11.64. About how much do you pay?", "split": "test", "exact_value": 95.69}
{"id": "discounts_000427", "topic": "discounts", "subtopic": "percent", "prompt": "Cart: $28.54, $49.80, $22.19. A 20% discount applies to everything. About how much do you pay?", "split": "test", "exact_value": 80.42}
{"id": "discounts_000428", "topic": "discounts", "subtopic": "bogo", "prompt": "BOGO sale (buy one, get one free; free item is the cheaper one in each pair). Items: $24.04, $19.95, $19.12, $18.39, $15.32, $2.03. About how much do you pay?", "split": "test", "exact_value": 58.48}
{"id": "discounts_000429", "topic": "discounts", "subtopic": "threshold", "prompt": "Threshold coupon applies: $5 off $50+ spend. Cart: $28.50, $39.79, $20.32, $29.19, $18.49. About how much do you pay?", "split": "test", "exact_value": 131.29}
{"id": "discounts_000430", "topic": "discounts", "subtopic": "threshold", "prompt": "Threshold coupon applies: $15 off $50+ spend. Cart: $34.95, $4.55, $31.51. About how much do you pay?", "split": "test", "exact_value": 56.01}
{"id": "discounts_000431", "topic": "discounts", "subtopic": "bogo", "prompt": "BOGO sale (buy one, get one free; free item is the cheaper one in each pair). Items: $16.97, $5.51. About how much do you pay?", "split": "test", "exact_value": 16.97}
{"id": "discounts_000432", "topic": "discounts", "subtopic": "bogo", "prompt": "BOGO sale (buy one, get one free; free item is the cheaper one in each pair). Items: $24.81, $17.44, $9.20, $5.23. About how much do you pay?", "split": "test", "exact_value": 34.01}
{"id": "discounts_000433", "topic": "discounts", "subtopic": "buy_n_get_m", "prompt": "Buy 4 get 3 free on items priced $1.59 each. You take 14 total. About how much do you pay?", "split": "test", "exact_value": 12.72}
{"id": "discounts_000434", "topic": "discounts", "subtopic": "percent", "prompt": "Cart: $22.02, $10.06, $6.41, $33.60. A 15% discount applies to everything. About how much do you pay?", "split": "test", "exact_value": 61.28}
{"id": "discounts_000435", "topic": "discounts", "subtopic": "percent", "prompt": "Cart: $18.38, $21.69, $24.46. A 30% discount applies to everything. About how much do you pay?", "split": "test", "exact_value": 45.17}
{"id": "discounts_000436", "topic": "discounts", "subtopic": "percent", "prompt": "Cart: $14.05, $32.29, $28.46, $39.81. A 10% discount applies to everything. About how much do you pay?", "split": "test", "exact_value": 103.15}
{"id": "discounts_000437", "topic": "discounts", "subtopic": "bogo", "prompt": "BOGO sale (buy one, get one free; free item is the cheaper one in each pair). Items: $22.46, $9.27, $2.38. About how much do you pay?", "split": "test", "exact_value": 24.84}
{"id": "discounts_000438", "topic": "discounts", "subtopic": "percent", "prompt": "Cart: $34.12, $28.48, $48.82. A 30% discount applies to everything. About how much do you pay?", "split": "test", "exact_value": 77.99}
{"id": "discounts_000439", "topic": "discounts", "subtopic": "buy_n_get_m", "prompt": "Buy 4 get 3 free on items priced $4.79 each. You take 9 total. About how much do you pay?", "split": "test", "exact_value": 28.74}
{"id": "discounts_000440", "topic": "discounts", "subtopic": "buy_n_get_m", "prompt": "Buy 4 get 3 free on items priced $7.23 each. You take 8 total. About how much do you pay?", "split": "test", "exact_value": 36.15}
{"id": "discounts_000441", "topic": "discounts", "subtopic": "percent", "prompt": "Cart: $19.29, $32.42, $26.84, $48.22. A 10% discount applies to everything. About how much do you pay?", "split": "test", "exact_value": 114.09}
{"id": "discounts_000442", "topic": "discounts", "subtopic": "threshold", "prompt": "Threshold coupon applies: $10 off $50+ spend. Cart: $16.84, $10.44. About how much do you pay?", "split": "test", "exact_value": 27.28}
{"id": "discounts_000443", "topic": "discounts", "subtopic": "threshold", "prompt": "Threshold coupon applies: $10 off $40+ spend. Cart: $11.05, $31.68, $27.63, $4.93, $26.15. About how much do you pay?", "split": "test", "exact_value": 91.44}
{"id": "discounts_000444", "topic": "discounts", "subtopic": "percent", "prompt": "Cart: $36.80, $34.18. A 25% discount applies to everything. About how much do you pay?", "split": "test", "exact_value": 53.24}
{"id": "discounts_000445", "topic": "discounts", "subtopic": "threshold", "prompt": "Threshold coupon applies: $5 off $30+ spend. Cart: $17.83, $9.39, $26.44, $36.94, $22.20. About how much do you pay?", "split": "test", "exact_value": 107.8}
{"id": "discounts_000446", "topic": "discounts", "subtopic": "buy_n_get_m", "prompt": "Buy 3 get 2 free on items priced $4.84 each. You take 10 total. About how much do you pay?", "split": "test", "exact_value": 29.04}
{"id": "discounts_000447", "topic": "discounts", "subtopic": "percent", "prompt": "Cart: $35.02, $3.02, $33.24, $35.06. A 15% discount applies to everything. About how much do you pay?", "split": "test", "exact_value": 90.39}
{"id": "discounts_000448", "topic": "discounts", "subtopic": "buy_n_get_m", "prompt": "Buy 4 get 1 free on items priced $1.83 each. You take 10 total. About how much do you pay?", "split": "test", "exact_value": 14.64}
{"id": "discounts_000449", "topic": "discounts", "subtopic": "buy_n_get_m", "prompt": "Buy 4 get 2 free on items priced $6.40 each. You take 11 total. About how much do you pay?", "split": "test", "exact_value": 51.2}
{"id": "discounts_000450", "topic": "discounts", "subtopic": "stacked", "prompt": "Stacked deal: 20% off, then $10 coupon if you spend $30 or more. Cart: $28.36, $24.05, $4.12, $7.61, $13.34. About how much do you pay?", "split": "test", "exact_value": 51.98}
{"id": "discounts_000451", "topic": "discounts", "subtopic": "buy_n_get_m", "prompt": "Buy 3 get 3 free on items priced $3.23 each. You take 9 total. About how much do you pay?", "split": "test", "exact_value": 19.38}
{"id": "discounts_000452", "topic": "discounts", "subtopic": "threshold", "prompt": "Threshold coupon applies: $15 off $30+ spend. Cart: $11.05, $16.70, $33.34, $14.58, $26.97. About how much do you pay?", "split": "test", "exact_value": 87.64}
{"id": "discounts_000453", "topic": "discounts", "subtopic": "stacked", "prompt": "Stacked deal: 20% off, then $10 coupon if you spend $30 or more. Cart: $32.20, $33.71, $11.21, $37.79, $23.20. About how much do you pay?", "split": "test", "exact_value": 100.49}
{"id": "discounts_000454", "topic": "discounts", "subtopic": "threshold", "prompt": "Threshold coupon applies: $15 off $30+ spend. Cart: $13.38, $28.63, $36.97. About how much do you pay?", "split": "test", "exact_value": 63.98}
{"id": "discounts_000455", "topic": "discounts", "subtopic": "buy_n_get_m", "prompt": "Buy 4 get 1 free on items priced $6.19 each. You take 7 total. About how much do you pay?", "split": "test", "exact_value": 37.14}
{"id": "discounts_000456", "topic": "discounts", "subtopic": "threshold", "prompt": "Threshold coupon applies: $15 off $30+ spend. Cart: $38.86, $10.18, $38.05. About how much do you pay?", "split": "test", "exact_value": 72.09}
{"id": "discounts_000457", "topic": "discounts", "subtopic": "bogo", "prompt": "BOGO sale (buy one, get one free; free item is the cheaper one in each pair). Items: $19.86, $13.94, $10.19, $6.74. About how much do you pay?", "split": "test", "exact_value": 30.05}
{"id": "discounts_000458", "topic": "discounts", "subtopic": "stacked", "prompt": "Stacked deal: 20% off, then $10 coupon if you spend $40 or more. Cart: $23.71, $17.47, $16.52. About how much do you pay?", "split": "test", "exact_value": 36.16}
{"id": "discounts_000459", "topic": "discounts", "subtopic": "threshold", "prompt": "Threshold coupon applies: $5 off $40+ spend. Cart: $4.55, $15.53, $21.55, $28.47. About how much do you pay?", "split": "test", "exact_value": 65.1}
{"id": "discounts_000460", "topic": "discounts", "subtopic": "percent", "prompt": "Cart: $17.40, $32.28, $44.24. A 30% discount applies to everything. About how much do you pay?", "split": "test", "exact_value": 65.74}
{"id": "discounts_000461", "topic": "discounts", "subtopic": "stacked", "prompt": "Stacked deal: 15% off, then $5 coupon if you spend $30 or more. Cart: $37.26, $7.18, $20.80. About how much do you pay?", "split": "test", "exact_value": 50.45}
{"id": "discounts_000462", "topic": "discounts", "subtopic": "bogo", "prompt": "BOGO sale (buy one, get one free; free item is the cheaper one in each pair). Items: $21.07, $20.14, $10.05, $9.33, $7.04, $3.51. About how much do you pay?", "split": "test", "exact_value": 38.16}
{"id": "discounts_000463", "topic": "discounts", "subtopic": "threshold", "prompt": "Threshold coupon applies: $5 off $30+ spend. Cart: $7.17, $14.56, $7.86, $33.78. About how much do you pay?", "split": "test", "exact_value": 58.37}
{"id": "discounts_000464", "topic": "discounts", "subtopic": "bogo", "prompt": "BOGO sale (buy one, get one free; free item is the cheaper one in each pair). Items: $22.31, $20.70, $10.09. About how much do you pay?", "split": "test", "exact_value": 32.4}
{"id": "discounts_000465", "topic": "discounts", "subtopic": "threshold", "prompt": "Threshold coupon applies: $5 off $40+ spend. Cart: $12.56, $19.34. About how much do you pay?", "split": "test", "exact_value": 31.9}
{"id": "discounts_000466", "topic": "discounts", "subtopic": "percent", "prompt": "Cart: $47.77, $10.03, $43.61, $40.70. A 20% discount applies to everything. About how much do you pay?", "split": "test", "exact_value": 113.69}
{"id": "discounts_000467", "topic": "discounts", "subtopic": "percent", "prompt": "Cart: $39.48, $11.32. A 25% discount applies to everything. About how much do you pay?", "split": "test", "exact_value": 38.1}
{"id": "discounts_000468", "topic": "discounts", "subtopic": "stacked", "prompt": "Stacked deal: 20% off, then $5 coupon if you spend $50 or more. Cart: $28.74, $22.37, $23.76. About how much do you pay?", "split": "test", "exact_value": 54.9}
{"id": "discounts_000469", "topic": "discounts", "subtopic": "threshold", "prompt": "Threshold coupon applies: $10 off $40+ spend. Cart: $13.77, $8.66. About how much do you pay?", "split": "test", "exact_value": 22.43}
{"id": "discounts_000470", "topic": "discounts", "subtopic": "bogo", "prompt": "BOGO sale (buy one, get one free; free item is the cheaper one in each pair). Items: $23.47, $22.94, $14.59. About how much do you pay?", "split": "test", "exact_value": 38.06}
{"id": "discounts_000471", "topic": "discounts", "subtopic": "threshold", "prompt": "Threshold coupon applies: $15 off $50+ spend. Cart: $6.09, $15.67, $31.82, $22.22, $32.51. About how much do you pay?", "split": "test", "exact_value": 93.31}
{"id": "discounts_000472", "topic": "discounts", "subtopic": "threshold", "prompt": "Threshold coupon applies: $15 off $40+ spend. Cart: $14.74, $10.02, $21.73, $16.15. About how much do you pay?", "split": "test", "exact_value": 47.64}
{"id": "discounts_000473", "topic": "discounts", "subtopic": "buy_n_get_m", "prompt": "Buy 4 get 3 free on items priced $5.01 each. You take 13 total. About how much do you pay?", "split": "test", "exact_value": 40.08}
{"id": "discounts_000474", "topic": "discounts", "subtopic": "buy_n_get_m", "prompt": "Buy 4 get 3 free on items priced $6.67 each. You take 11 total. About how much do you pay?", "split": "test", "exact_value": 53.36}
{"id": "discounts_000475", "topic": "discounts", "subtopic": "bogo", "prompt": "BOGO sale (buy one, get one free; free item is the cheaper one in each pair). Items: $24.23, $24.00, $22.89, $20.58, $11.55, $4.52. About how much do you pay?", "split": "test", "exact_value": 58.67}
{"id": "discounts_000476", "topic": "discounts", "subtopic": "buy_n_get_m", "prompt": "Buy 3 get 1 free on items priced $1.66 each. You take 4 total. About how much do you pay?", "split": "test", "exact_value": 4.98}
{"id": "discounts_000477", "topic": "discounts", "subtopic": "bogo", "prompt": "BOGO sale (buy one, get one free; free item is the cheaper one in each pair). Items: $16.70, $10.24, $6.94, $6.88. About how much do you pay?", "split": "test", "exact_value": 23.64}
{"id": "discounts_000478", "topic": "discounts", "subtopic": "bogo", "prompt": "BOGO sale (buy one, get one free; free item is the cheaper one in each pair). Items: $24.78, $20.90, $16.59. About how much do you pay?", "split": "test", "exact_value": 41.37}
{"id": "discounts_000479", "topic": "discounts", "subtopic": "percent", "prompt": "Cart: $43.81, $6.24, $3.25, $18.97. A 10% discount applies to everything. About how much do you pay?", "split": "test", "exact_value": 65.04}
{"id": "discounts_000480", "topic": "discounts", "subtopic": "stacked", "prompt": "Stacked deal: 15% off, then $10 coupon if you spend $40 or more. Cart: $26.43, $18.74, $30.30, $28.22. About how much do you pay?", "split": "test", "exact_value": 78.14}
{"id": "discounts_000481", "topic": "discounts", "subtopic": "stacked", "prompt": "Stacked deal: 10% off, then $10 coupon if you spend $40 or more. Cart: $17.27, $25.93, $29.51, $8.32, $38.62, $28.53. About how much do you pay?", "split": "test", "exact_value": 123.36}
{"id": "discounts_000482", "topic": "discounts", "subtopic": "threshold", "prompt": "Threshold coupon applies: $10 off $30+ spend. Cart: $27.14, $9.38, $4.22, $17.18. About how much do you pay?", "split": "test", "exact_value": 47.92}
{"id": "discounts_000483", "topic": "discounts", "subtopic": "buy_n_get_m", "prompt": "Buy 3 get 3 free on items priced $2.85 each. You take 7 total. About how much do you pay?", "split": "test", "exact_value": 11.4}
{"id": "discounts_000484", "topic": "discounts", "subtopic": "bogo", "prompt": "BOGO sale (buy one, get one free; free item is the cheaper one in each pair). Items: $21.14, $20.47, $15.74, $4.63, $4.46, $3.98. About how much do you pay?", "split": "test", "exact_value": 41.34}
{"id": "discounts_000485", "topic": "discounts", "subtopic": "percent", "prompt": "Cart: $32.32, $5.76, $37.69, $44.61. A 30% discount applies to everything. About how much do you pay?", "split": "test", "exact_value": 84.27}
{"id": "discounts_000486", "topic": "discounts", "subtopic": "bogo", "prompt": "BOGO sale (buy one, get one free; free item is the cheaper one in each pair). Items: $18.35, $12.37, $7.66, $5.25, $2.06. About how much do you pay?", "split": "test", "exact_value": 28.07}
{"id": "discounts_000487", "topic": "discounts", "subtopic": "bogo", "prompt": "BOGO sale (buy one, get one free; free item is the cheaper one in each pair). Items: $18.08, $17.12, $10.98, $5.74, $5.65. About how much do you pay?", "split": "test", "exact_value": 34.71}
{"id": "discounts_000488", "topic": "discounts", "subtopic": "buy_n_get_m", "prompt": "Buy 4 get 2 free on items priced $4.61 each. You take 11 total. About how much do you pay?", "split": "test", "exact_value": 36.88}
{"id": "discounts_000489", "topic": "discounts", "subtopic": "buy_n_get_m", "prompt": "Buy 4 get 2 free on items priced $5.14 each. You take 7 total. About how much do you pay?", "split": "test", "exact_value": 25.7}
{"id": "discounts_000490", "topic": "discounts", "subtopic": "threshold", "prompt": "Threshold coupon applies: $15 off $25+ spend. Cart: $35.05, $37.91, $15.71. About how much do you pay?", "split": "test", "exact_value": 73.67}
{"id": "discounts_000491", "topic": "discounts", "subtopic": "threshold", "prompt": "Threshold coupon applies: $15 off $30+ spend. Cart: $36.38, $23.93, $30.25, $18.12, $23.77. About how much do you pay?", "split": "test", "exact_value": 117.45}
{"id": "discounts_000492", "topic": "discounts", "subtopic": "threshold", "prompt": "Threshold coupon applies: $15 off $50+ spend. Cart: $27.23, $10.31. About how much do you pay?", "split": "test", "exact_value": 37.54}
{"id": "discounts_000493", "topic": "discounts", "subtopic": "bogo", "prompt": "BOGO sale (buy one, get one free; free item is the cheaper one in each pair). Items: $18.34, $11.90, $6.60. About how much do you pay?", "split": "test", "exact_value": 24.94}
{"id": "discounts_000494", "topic": "discounts", "subtopic": "stacked", "prompt": "Stacked deal: 20% off, then $5 coupon if you spend $50 or more. Cart: $38.39, $37.26, $15.05, $9.37. About how much do you pay?", "split": "test", "exact_value": 75.06}
{"id": "discounts_000495", "topic": "discounts", "subtopic": "threshold", "prompt": "Threshold coupon applies: $15 off $25+ spend. Cart: $38.38, $30.37, $32.77. About how much do you pay?", "split": "test", "exact_value": 86.52}
{"id": "discounts_000496", "topic": "discounts", "subtopic": "buy_n_get_m", "prompt": "Buy 5 get 1 free on items priced $3.03 each. You take 7 total. About how much do you pay?", "split": "test", "exact_value": 18.18}
{"id": "discounts_000497", "topic": "discounts", "subtopic": "bogo", "prompt": "BOGO sale (buy one, get one free; free item is the cheaper one in each pair). Items: $18.00, $16.84, $15.06, $7.24. About how much do you pay?", "split": "test", "exact_value": 33.06}
{"id": "discounts_000498", "topic": "discounts", "subtopic": "stacked", "prompt": "Stacked deal: 20% off, then $10 coupon if you spend $50 or more. Cart: $14.84, $37.76, $12.86, $7.51. About how much do you pay?", "split": "test", "exact_value": 48.38}
{"id": "discounts_000499", "topic": "discounts", "subtopic": "threshold", "prompt": "Threshold coupon applies: $15 off $25+ spend. Cart: $9.81, $18.14, $12.89. About how much do you pay?", "split": "test", "exact_value": 25.84}
{"id": "discounts_000500", "topic": "discounts", "subtopic": "buy_n_get_m", "prompt": "Buy 4 get 3 free on items priced $3.19 each. You take 14 total. About how much do you pay?", "split": "test", "exact_value": 25.52}
{"id": "discounts_000501", "topic": "discounts", "subtopic": "stacked", "prompt": "Stacked deal: 20% off, then $5 coupon if you spend $40 or more. Cart: $9.67, $19.52, $33.51. About how much do you pay?", "split": "test", "exact_value": 45.16}
{"id": "discounts_000502", "topic": "discounts", "subtopic": "bogo", "prompt": "BOGO sale (buy one, get one free; free item is the cheaper one in each pair). Items: $22.67, $12.50, $7.28, $5.59, $3.13, $2.79. About how much do you pay?", "split": "test", "exact_value": 33.08}
{"id": "discounts_000503", "topic": "discounts", "subtopic": "stacked", "prompt": "Stacked deal: 20% off, then $5 coupon if you spend $30 or more. Cart: $29.58, $10.92, $29.18, $33.24, $8.11, $38.19. About how much do you pay?", "split": "test", "exact_value": 114.38}
{"id": "discounts_000504", "topic": "discounts", "subtopic": "bogo", "prompt": "BOGO sale (buy one, get one free; free item is the cheaper one in each pair). Items: $20.58, $19.18. About how much do you pay?", "split": "test", "exact_value": 20.58}
{"id": "discounts_000505", "topic": "discounts", "subtopic": "percent", "prompt": "Cart: $40.27, $21.66, $40.15. A 10% discount applies to everything. About how much do you pay?", "split": "test", "exact_value": 91.87}
{"id": "discounts_000506", "topic": "discounts", "subtopic": "stacked", "prompt": "Stacked deal: 20% off, then $10 coupon if you spend $50 or more. Cart: $9.40, $35.67, $12.81, $23.50. About how much do you pay?", "split": "test", "exact_value": 55.1}
{"id": "discounts_000507", "topic": "discounts", "subtopic": "stacked", "prompt": "Stacked deal: 10% off, then $10 coupon if you spend $30 or more. Cart: $15.91, $10.78, $30.37, $29.07, $16.76, $22.02. About how much do you pay?", "split": "test", "exact_value": 102.42}
{"id": "discounts_000508", "topic": "discounts", "subtopic": "percent", "prompt": "Cart: $12.48, $16.06. A 20% discount applies to everything. About how much do you pay?", "split": "test", "exact_value": 22.83}
{"id": "discounts_000509", "topic": "discounts", "subtopic": "bogo", "prompt": "BOGO sale (buy one, get one free; free item is the cheaper one in each pair). Items: $21.59, $20.63, $16.66, $14.98, $4.06. About how much do you pay?", "split": "test", "exact_value": 42.31}
{"id": "discounts_000510", "topic": "discounts", "subtopic": "percent", "prompt": "Cart: $42.24, $10.65, $12.86, $37.20. A 10% discount applies to everything. About how much do you pay?", "split": "test", "exact_value": 92.66}
{"id": "discounts_000511", "topic": "discounts", "subtopic": "percent", "prompt": "Cart: $33.21, $10.86, $46.55. A 30% discount applies to everything. About how much do you pay?", "split": "test", "exact_value": 63.43}
{"id": "discounts_000512", "topic": "discounts", "subtopic": "buy_n_get_m", "prompt": "Buy 3 get 2 free on items priced $5.81 each. You take 6 total. About how much do you pay?", "split": "test", "exact_value": 23.24}
{"id": "discounts_000513", "topic": "discounts", "subtopic": "threshold", "prompt": "Threshold coupon applies: $5 off $30+ spend. Cart: $27.53, $30.45, $10.93, $26.02. About how much do you pay?", "split": "test", "exact_value": 89.93}
{"id": "discounts_000514", "topic": "discounts", "subtopic": "stacked", "prompt": "Stacked deal: 15% off, then $5 coupon if you spend $30 or more. Cart: $39.70, $6.05, $28.40, $21.49, $25.51, $7.25. About how much do you pay?", "split": "test", "exact_value": 104.14}
{"id": "discounts_000515", "topic": "discounts", "subtopic": "bogo", "prompt": "BOGO sale (buy one, get one free; free item is the cheaper one in each pair). Items: $6.36, $4.26. About how much do you pay?", "split": "test", "exact_value": 6.36}
{"id": "discounts_000516", "topic": "discounts", "subtopic": "threshold", "prompt": "Threshold coupon applies: $5 off $25+ spend. Cart: $20.79, $27.76, $5.92, $25.80, $30.85. About how much do you pay?", "split": "test", "exact_value": 106.12}
{"id": "discounts_000517", "topic": "discounts", "subtopic": "percent", "prompt": "Cart: $21.92, $9.08, $11.48, $8.67, $36.91. A 25% discount applies to everything. About how much do you pay?", "split": "test", "exact_value": 66.05}
{"id": "discounts_000518", "topic": "discounts", "subtopic": "bogo", "prompt": "BOGO sale (buy one, get one free; free item is the cheaper one in each pair). Items: $23.40, $23.24, $19.35, $17.04. About how much do you pay?", "split": "test", "exact_value": 42.75}
{"id": "discounts_000519", "topic": "discounts", "subtopic": "bogo", "prompt": "BOGO sale (buy one, get one free; free item is the cheaper one in each pair). Items: $19.04, $10.43, $8.39, $6.52, $6.39, $6.01. About how much do you pay?", "split": "test", "exact_value": 33.82}
{"id": "discounts_000520", "topic": "discounts", "subtopic": "percent", "prompt": "Cart: $24.39, $44.20, $41.12. A 30% discount applies to everything. About how much do you pay?", "split": "test", "exact_value": 76.8}
{"id": "discounts_000521", "topic": "discounts", "subtopic": "percent", "prompt": "Cart: $38.91, $16.25, $7.71. A 20% discount applies to everything. About how much do you pay?", "split": "test", "exact_value": 50.3}
{"id": "discounts_000522", "topic": "discounts", "subtopic": "percent", "prompt": "Cart: $32.38, $9.60, $18.84, $3.40, $34.24. A 15% discount applies to everything. About how much do you pay?", "split": "test", "exact_value": 83.69}
{"id": "discounts_000523", "topic": "discounts", "subtopic": "bogo", "prompt": "BOGO sale (buy one, get one free; free item is the cheaper one in each pair). Items: $21.23, $17.95, $15.39, $10.11, $8.23, $4.52. About how much do you pay?", "split": "test", "exact_value": 44.85}
{"id": "discounts_000524", "topic": "discounts", "subtopic": "buy_n_get_m", "prompt": "Buy 3 get 3 free on items priced $6.18 each. You take 11 total. About how much do you pay?", "split": "test", "exact_value": 37.08}
{"id": "discounts_000525", "topic": "discounts", "subtopic": "percent", "prompt": "Cart: $36.63, $29.73, $19.22. A 30% discount applies to everything. About how much do you pay?", "split": "test", "exact_value": 59.91}
{"id": "discounts_000526", "topic": "discounts", "subtopic": "threshold", "prompt": "Threshold coupon applies: $5 off $50+ spend. Cart: $31.94, $12.23. About how much do you pay?", "split": "test", "exact_value": 44.17}
{"id": "discounts_000527", "topic": "discounts", "subtopic": "bogo", "prompt": "BOGO sale (buy one, get one free; free item is the cheaper one in each pair). Items: $23.47, $14.41, $14.17, $5.97. About how much do you pay?", "split": "test", "exact_value": 37.64}
{"id": "discounts_000528", "topic": "discounts", "subtopic": "threshold", "prompt": "Threshold coupon applies: $15 off $25+ spend. Cart: $31.44, $8.68, $34.46, $13.33. About how much do you pay?", "split": "test", "exact_value": 72.91}
{"id": "discounts_000529", "topic": "discounts", "subtopic": "bogo", "prompt": "BOGO sale (buy one, get one free; free item is the cheaper one in each pair). Items: $12.81, $4.80. About how much do you pay?", "split": "test", "exact_value": 12.81}
{"id": "discounts_000530", "topic": "discounts", "subtopic": "percent", "prompt": "Cart: $8.78, $31.86, $25.52, $29.19, $16.05. A 15% discount applies to everything. About how much do you pay?", "split": "test", "exact_value": 94.69}
{"id": "discounts_000531", "topic": "discounts", "subtopic": "stacked", "prompt": "Stacked deal: 15% off, then $5 coupon if you spend $50 or more. Cart: $19.39, $29.69, $6.15. About how much do you pay?", "split": "test", "exact_value": 46.95}
{"id": "discounts_000532", "topic": "discounts", "subtopic": "threshold", "prompt": "Threshold coupon applies: $10 off $25+ spend. Cart: $8.67, $34.95, $23.11. About how much do you pay?", "split": "test", "exact_value": 56.73}
{"id": "discounts_000533", "topic": "discounts", "subtopic": "buy_n_get_m", "prompt": "Buy 3 get 3 free on items priced $3.19 each. You take 11 total. About how much do you pay?", "split": "test", "exact_value": 19.14}
{"id": "discounts_000534", "topic": "discounts", "subtopic": "percent", "prompt": "Cart: $35.95, $43.71, $4.51. A 10% discount applies to everything. About how much do you pay?", "split": "test", "exact_value": 75.75}
{"id": "discounts_000535", "topic": "discounts", "subtopic": "percent", "prompt": "Cart: $31.95, $45.67. A 25% discount applies to everything. About how much do you pay?", "split": "test", "exact_value": 58.22}
{"id": "discounts_000536", "topic": "discounts", "subtopic": "threshold", "prompt": "Threshold coupon applies: $10 off $40+ spend. Cart: $17.26, $36.14, $15.09, $6.33, $19.93. About how much do you pay?", "split": "test", "exact_value": 84.75}
{"id": "discounts_000537", "topic": "discounts", "subtopic": "buy_n_get_m", "prompt": "Buy 3 get 1 free on items priced $4.25 each. You take 6 total. About how much do you pay?", "split": "test", "exact_value": 21.25}
{"id": "discounts_000538", "topic": "discounts", "subtopic": "threshold", "prompt": "Threshold coupon applies: $10 off $50+ spend. Cart: $8.92, $33.15. About how much do you pay?", "split": "test", "exact_value": 42.07}
{"id": "discounts_000539", "topic": "discounts", "subtopic": "percent", "prompt": "Cart: $5.06, $5.78. A 10% discount applies to everything. About how much do you pay?", "split": "test", "exact_value": 9.76}
{"id": "discounts_000540", "topic": "discounts", "subtopic": "stacked", "prompt": "Stacked deal: 15% off, then $5 coupon if you spend $50 or more. Cart: $4.42, $3.98, $36.71. About how much do you pay?", "split": "test", "exact_value": 38.34}
{"id": "discounts_000541", "topic": "discounts", "subtopic": "percent", "prompt": "Cart: $21.73, $38.87, $7.22, $10.60, $27.26. A 30% discount applies to everything. About how much do you pay?", "split": "test", "exact_value": 73.98}
{"id": "discounts_000542", "topic": "discounts", "subtopic": "percent", "prompt": "Cart: $41.17, $34.49. A 25% discount applies to everything. About how much do you pay?", "split": "test", "exact_value": 56.75}
{"id": "discounts_000543", "topic": "discounts", "subtopic": "percent", "prompt": "Cart: $30.85, $43.81, $8.07. A 20% discount applies to everything. About how much do you pay?", "split": "test", "exact_value": 66.18}
{"id": "discounts_000544", "topic": "discounts", "subtopic": "percent", "prompt": "Cart: $6.96, $26.88, $22.19, $7.77, $5.52. A 15% discount applies to everything. About how much do you pay?", "split": "test", "exact_value": 58.92}
{"id": "discounts_000545", "topic": "discounts", "subtopic": "buy_n_get_m", "prompt": "Buy 3 get 2 free on items priced $2.01 each. You take 7 total. About how much do you pay?", "split": "test", "exact_value": 10.05}
{"id": "discounts_000546", "topic": "discounts", "subtopic": "stacked", "prompt": "Stacked deal: 10% off, then $10 coupon if you spend $50 or more. Cart: $21.20, $10.37, $17.81, $7.22, $10.26. About how much do you pay?", "split": "test", "exact_value": 50.17}
{"id": "discounts_000547", "topic": "discounts", "subtopic": "bogo", "prompt": "BOGO sale (buy one, get one free; free item is the cheaper one in each pair). Items: $13.98, $13.90, $11.50, $9.84. About how much do you pay?", "split": "test", "exact_value": 25.48}
{"id": "discounts_000548", "topic": "discounts", "subtopic": "threshold", "prompt": "Threshold coupon applies: $15 off $30+ spend. Cart: $21.85, $11.35, $24.20, $16.01. About how much do you pay?", "split": "test", "exact_value": 58.41}
{"id": "discounts_000549", "topic": "discounts", "subtopic": "threshold", "prompt": "Threshold coupon applies: $10 off $40+ spend. Cart: $33.60, $37.09, $19.81. About how much do you pay?", "split": "test", "exact_value": 80.5}
{"id": "discounts_000550", "topic": "discounts", "subtopic": "threshold", "prompt": "Threshold coupon applies: $5 off $50+ spend. Cart: $33.62, $6.83, $25.06, $22.88, $33.89. About how much do you pay?", "split": "test", "exact_value": 117.28}
{"id": "discounts_000551", "topic": "discounts", "subtopic": "percent", "prompt": "Cart: $49.04, $21.93. A 25% discount applies to everything. About how much do you pay?", "split": "test", "exact_value": 53.23}
{"id": "discounts_000552", "topic": "discounts", "subtopic": "percent", "prompt": "Cart: $48.35, $32.45, $4.16, $6.18. A 10% discount applies to everything. About how much do you pay?", "split": "test", "exact_value": 82.03}
{"id": "discounts_000553", "topic": "discounts", "subtopic": "percent", "prompt": "Cart: $30.65, $34.32, $8.83, $14.85, $3.91. A 20% discount applies to everything. About how much do you pay?", "split": "test", "exact_value": 74.05}
{"id": "discounts_000554", "topic": "discounts", "subtopic": "stacked", "prompt": "Stacked deal: 20% off, then $10 coupon if you spend $50 or more. Cart: $23.11, $37.82, $5.50, $29.44. About how much do you pay?", "split": "test", "exact_value": 66.7}
{"id": "discounts_000555", "topic": "discounts", "subtopic": "stacked", "prompt": "Stacked deal: 15% off, then $5 coupon if you spend $30 or more. Cart: $14.65, $27.70, $29.18. About how much do you pay?", "split": "test", "exact_value": 55.8}
{"id": "discounts_000556", "topic": "discounts", "subtopic": "buy_n_get_m", "prompt": "Buy 5 get 1 free on items priced $5.46 each. You take 12 total. About how much do you pay?", "split": "test", "exact_value": 54.6}
{"id": "discounts_000557", "topic": "discounts", "subtopic": "stacked", "prompt": "Stacked deal: 20% off, then $5 coupon if you spend $40 or more. Cart: $26.91, $25.11, $21.38, $36.76, $31.97. About how much do you pay?", "split": "test", "exact_value": 108.7}
{"id": "discounts_000558", "topic": "discounts", "subtopic": "percent", "prompt": "Cart: $24.76, $23.62, $8.64. A 25% discount applies to everything. About how much do you pay?", "split": "test", "exact_value": 42.77}
{"id": "discounts_000559", "topic": "discounts", "subtopic": "threshold", "prompt": "Threshold coupon applies: $10 off $50+ spend. Cart: $7.66, $36.68, $38.39, $9.33. About how much do you pay?", "split": "test", "exact_value": 82.06}
{"id": "discounts_000560", "topic": "discounts", "subtopic": "percent", "prompt": "Cart: $25.54, $15.50, $13.96, $11.18, $18.14. A 15% discount applies to everything. About how much do you pay?", "split": "test", "exact_value": 71.67}
{"id": "discounts_000561", "topic": "discounts", "subtopic": "bogo", "prompt": "BOGO sale (buy one, get one free; free item is the cheaper one in each pair). Items: $24.89, $22.92, $17.23, $15.48, $15.19, $11.97. About how much do you pay?", "split": "test", "exact_value": 57.31}
{"id": "discounts_000562", "topic": "discounts", "subtopic": "percent", "prompt": "Cart: $36.43, $45.81. A 15% discount applies to everything. About how much do you pay?", "split": "test", "exact_value": 69.9}
{"id": "discounts_000563", "topic": "discounts", "subtopic": "threshold", "prompt": "Threshold coupon applies: $5 off $30+ spend. Cart: $4.94, $20.81, $22.55. About how much do you pay?", "split": "test", "exact_value": 43.3}
{"id": "discounts_000564", "topic": "discounts", "subtopic": "percent", "prompt": "Cart: $5.57, $10.43, $34.26, $4.28, $40.74. A 20% discount applies to everything. About how much do you pay?", "split": "test", "exact_value": 76.22}
{"id": "discounts_000565", "topic": "discounts", "subtopic": "percent", "prompt": "Cart: $14.04, $35.15. A 30% discount applies to everything. About how much do you pay?", "split": "test", "exact_value": 34.43}
{"id": "discounts_000566", "topic": "discounts", "subtopic": "stacked", "prompt": "Stacked deal: 20% off, then $10 coupon if you spend $50 or more. Cart: $36.32, $36.20, $6.08, $19.43, $3.82, $33.93. About how much do you pay?", "split": "test", "exact_value": 98.62}
{"id": "discounts_000567", "topic": "discounts", "subtopic": "stacked", "prompt": "Stacked deal: 15% off, then $10 coupon if you spend $40 or more. Cart: $33.16, $34.49, $38.90. About how much do you pay?", "split": "test", "exact_value": 80.57}
{"id": "discounts_000568", "topic": "discounts", "subtopic": "stacked", "prompt": "Stacked deal: 20% off, then $5 coupon if you spend $50 or more. Cart: $8.94, $7.44, $38.02, $35.68. About how much do you pay?", "split": "test", "exact_value": 67.06}
{"id": "discounts_000569", "topic": "discounts", "subtopic": "stacked", "prompt": "Stacked deal: 20% off, then $10 coupon if you spend $30 or more. Cart: $38.97, $16.82, $37.49, $22.94, $5.27, $3.94. About how much do you pay?", "split": "test", "exact_value": 90.34}
{"id": "discounts_000570", "topic": "discounts", "subtopic": "threshold", "prompt": "Threshold coupon applies: $15 off $50+ spend. Cart: $21.03, $7.36, $34.32, $34.31. About how much do you pay?", "split": "test", "exact_value": 82.02}
{"id": "discounts_000571", "topic": "discounts", "subtopic": "percent", "prompt": "Cart: $30.99, $7.29, $33.44, $6.94. A 15% discount applies to everything. About how much do you pay?", "split": "test", "exact_value": 66.86}
{"id": "discounts_000572", "topic": "discounts", "subtopic": "stacked", "prompt": "Stacked deal: 10% off, then $10 coupon if you spend $40 or more. Cart: $27.94, $24.84, $32.27, $25.19, $18.66, $36.43. About how much do you pay?", "split": "test", "exact_value": 138.8}
{"id": "discounts_000573", "topic": "discounts", "subtopic": "stacked", "prompt": "Stacked deal: 10% off, then $10 coupon if you spend $50 or more. Cart: $27.58, $4.84, $4.59, $16.11, $29.39, $12.56. About how much do you pay?", "split": "test", "exact_value": 75.56}
{"id": "discounts_000574", "topic": "discounts", "subtopic": "percent", "prompt": "Cart: $23.07, $26.22, $28.93, $14.65. A 25% discount applies to everything. About how much do you pay?", "split": "test", "exact_value": 69.65}
{"id": "discounts_000575", "topic": "discounts", "subtopic": "buy_n_get_m", "prompt": "Buy 5 get 3 free on items priced $5.87 each. You take 16 total. About how much do you pay?", "split": "test", "exact_value": 58.7}
{"id": "discounts_000576", "topic": "discounts", "subtopic": "bogo", "prompt": "BOGO sale (buy one, get one free; free item is the cheaper one in each pair). Items: $19.80, $18.48, $12.31, $9.81. About how much do you pay?", "split": "test", "exact_value": 32.11}
{"id": "discounts_000577", "topic": "discounts", "subtopic": "threshold", "prompt": "Threshold coupon applies: $15 off $50+ spend. Cart: $14.53, $5.62, $25.76. About how much do you pay?", "split": "test", "exact_value": 45.91}
{"id": "discounts_000578", "topic": "discounts", "subtopic": "buy_n_get_m", "prompt": "Buy 4 get 2 free on items priced $6.92 each. You take 10 total. About how much do you pay?", "split": "test", "exact_value": 55.36}
{"id": "discounts_000579", "topic": "discounts", "subtopic": "bogo", "prompt": "BOGO sale (buy one, get one free; free item is the cheaper one in each pair). Items: $23.48, $13.51, $11.58, $7.73. About how much do you pay?", "split": "test", "exact_value": 35.06}
{"id": "discounts_000580", "topic": "discounts", "subtopic": "bogo", "prompt": "BOGO sale (buy one, get one free; free item is the cheaper one in each pair). Items: $11.92, $5.08. About how much do you pay?", "split": "test", "exact_value": 11.92}
{"id": "discounts_000581", "topic": "discounts", "subtopic": "buy_n_get_m", "prompt": "Buy 3 get 1 free on items priced $2.15 each. You take 6 total. About how much do you pay?", "split": "test", "exact_value": 10.75}
{"id": "discounts_000582", "topic": "discounts", "subtopic": "stacked", "prompt": "Stacked deal: 20% off, then $5 coupon if you spend $50 or more. Cart: $33.53, $18.04, $23.07, $7.62. About how much do you pay?", "split": "test", "exact_value": 60.81}
{"id": "discounts_000583", "topic": "discounts", "subtopic": "buy_n_get_m", "prompt": "Buy 5 get 3 free on items priced $4.97 each. You take 16 total. About how much do you pay?", "split": "test", "exact_value": 49.7}
{"id": "discounts_000584", "topic": "discounts", "subtopic": "bogo", "prompt": "BOGO sale (buy one, get one free; free item is the cheaper one in each pair). Items: $24.70, $24.64, $11.73, $10.78, $5.05, $2.46. About how much do you pay?", "split": "test", "exact_value": 41.48}
{"id": "discounts_000585", "topic": "discounts", "subtopic": "stacked", "prompt": "Stacked deal: 10% off, then $5 coupon if you spend $50 or more. Cart: $25.26, $5.51, $3.81, $33.81, $6.29, $5.72. About how much do you pay?", "split": "test", "exact_value": 67.36}
{"id": "discounts_000586", "topic": "discounts", "subtopic": "buy_n_get_m", "prompt": "Buy 5 get 3 free on items priced $5.79 each. You take 10 total. About how much do you pay?", "split": "test", "exact_value": 40.53}
{"id": "discounts_000587", "topic": "discounts", "subtopic": "bogo", "prompt": "BOGO sale (buy one, get one free; free item is the cheaper one in each pair). Items: $22.51, $18.40, $9.52, $6.50, $4.03. About how much do you pay?", "split": "test", "exact_value": 36.06}
{"id": "discounts_000588", "topic": "discounts", "subtopic": "bogo", "prompt": "BOGO sale (buy one, get one free; free item is the cheaper one in each pair). Items: $23.07, $9.04. About how much do you pay?", "split": "test", "exact_value": 23.07}
{"id": "discounts_000589", "topic": "discounts", "subtopic": "stacked", "prompt": "Stacked deal: 10% off, then $10 coupon if you spend $40 or more. Cart: $17.81, $31.84, $28.90. About how much do you pay?", "split": "test", "exact_value": 60.7}
{"id": "discounts_000590", "topic": "discounts", "subtopic": "buy_n_get_m", "prompt": "Buy 4 get 1 free on items priced $4.71 each. You take 9 total. About how much do you pay?", "split": "test", "exact_value": 37.68}
{"id": "discounts_000591", "topic": "discounts", "subtopic": "percent", "prompt": "Cart: $17.93, $4.47, $12.07, $16.58, $4.32. A 30% discount applies to everything. About how much do you pay?", "split": "test", "exact_value": 38.76}
{"id": "discounts_000592", "topic": "discounts", "subtopic": "threshold", "prompt": "Threshold coupon applies: $15 off $25+ spend. Cart: $34.41, $20.91, $30.64, $36.27, $37.52. About how much do you pay?", "split": "test", "exact_value": 144.75}
{"id": "discounts_000593", "topic": "discounts", "subtopic": "bogo", "prompt": "BOGO sale (buy one, get one free; free item is the cheaper one in each pair). Items: $15.46, $14.96, $14.34, $2.47. About how much do you pay?", "split": "test", "exact_value": 29.8}
{"id": "discounts_000594", "topic": "discounts", "subtopic": "stacked", "prompt": "Stacked deal: 10% off, then $5 coupon if you spend $40 or more. Cart: $35.04, $20.07, $23.38. About how much do you pay?", "split": "test", "exact_value": 65.64}
{"id": "discounts_000595", "topic": "discounts", "subtopic": "threshold", "prompt": "Threshold coupon applies: $15 off $40+ spend. Cart: $18.88, $34.51, $7.76, $12.14. About how much do you pay?", "split": "test", "exact_value": 58.29}
{"id": "discounts_000596", "topic": "discounts", "subtopic": "bogo", "prompt": "BOGO sale (buy one, get one free; free item is the cheaper one in each pair). Items: $23.75, $16.21, $15.98, $14.32, $14.14. About how much do you pay?", "split": "test", "exact_value": 53.87}
{"id": "discounts_000597", "topic": "discounts", "subtopic": "bogo", "prompt": "BOGO sale (buy one, get one free; free item is the cheaper one in each pair). Items: $23.35, $16.03, $11.84, $10.79, $10.45, $8.83. About how much do you pay?", "split": "test", "exact_value": 45.64}
{"id": "discounts_000598", "topic": "discounts", "subtopic": "percent", "prompt": "Cart: $18.98, $15.27, $17.73, $34.01. A 10% discount applies to everything. About how much do you pay?", "split": "test", "exact_value": 77.39}
{"id": "discounts_000599", "topic": "discounts", "subtopic": "percent", "prompt": "Cart: $36.94, $34.93, $5.74. A 25% discount applies to everything. About how much do you pay?", "split": "test", "exact_value": 58.21}
{"id": "discounts_000600", "topic": "discounts", "subtopic": "buy_n_get_m", "prompt": "Buy 4 get 3 free on items priced $3.09 each. You take 7 total. About how much do you pay?", "split": "test", "exact_value": 12.36}
{"id": "discounts_000601", "topic": "discounts", "subtopic": "buy_n_get_m", "prompt": "Buy 4 get 1 free on items priced $2.23 each. You take 8 total. About how much do you pay?", "split": "test", "exact_value": 15.61}
{"id": "discounts_000602", "topic": "discounts", "subtopic": "percent", "prompt": "Cart: $42.12, $28.27, $39.24. A 25% discount applies to everything. About how much do you pay?", "split": "test", "exact_value": 82.22}
{"id": "discounts_000603", "topic": "discounts", "subtopic": "bogo", "prompt": "BOGO sale (buy one, get one free; free item is the cheaper one in each pair). Items: $18.16, $13.58, $11.14, $8.88, $4.45. About how much do you pay?", "split": "test", "exact_value": 33.75}
{"id": "discounts_000604", "topic": "discounts", "subtopic": "buy_n_get_m", "prompt": "Buy 5 get 1 free on items priced $3.62 each. You take 9 total. About how much do you pay?", "split": "test", "exact_value": 28.96}
{"id": "discounts_000605", "topic": "discounts", "subtopic": "threshold", "prompt": "Threshold coupon applies: $5 off $40+ spend. Cart: $5.76, $25.38. About how much do you pay?", "split": "test", "exact_value": 31.14}
{"id": "discounts_000606", "topic": "discounts", "subtopic": "buy_n_get_m", "prompt": "Buy 5 get 2 free on items priced $4.94 each. You take 9 total. About how much do you pay?", "split": "test", "exact_value": 34.58}
{"id": "discounts_000607", "topic": "discounts", "subtopic": "percent", "prompt": "Cart: $46.25, $49.93, $35.06, $15.87. A 30% discount applies to everything. About how much do you pay?", "split": "test", "exact_value": 102.98}
{"id": "discounts_000608", "topic": "discounts", "subtopic": "stacked", "prompt": "Stacked deal: 15% off, then $10 coupon if you spend $40 or more. Cart: $18.95, $18.18, $15.08, $19.11, $8.98, $33.34. About how much do you pay?", "split": "test", "exact_value": 86.59}
{"id": "discounts_000609", "topic": "discounts", "subtopic": "buy_n_get_m", "prompt": "Buy 4 get 2 free on items priced $4.68 each. You take 10 total. About how much do you pay?", "split": "test", "exact_value": 37.44}
{"id": "discounts_000610", "topic": "discounts", "subtopic": "percent", "prompt": "Cart: $39.77, $17.49, $17.98, $13.36, $39.71. A 30% discount applies to everything. About how much do you pay?", "split": "test", "exact_value": 89.82}
{"id": "discounts_000611", "topic": "discounts", "subtopic": "percent", "prompt": "Cart: $9.14, $43.27, $20.36, $40.54, $44.16. A 15% discount applies to everything. About how much do you pay?", "split": "test", "exact_value": 133.85}
{"id": "discounts_000612", "topic": "discounts", "subtopic": "bogo", "prompt": "BOGO sale (buy one, get one free; free item is the cheaper one in each pair). Items: $16.36, $15.68, $9.40, $8.29, $4.04. About how much do you pay?", "split": "test", "exact_value": 29.8}
{"id": "discounts_000613", "topic": "discounts", "subtopic": "buy_n_get_m", "prompt": "Buy 3 get 1 free on items priced $2.98 each. You take 7 total. About how much do you pay?", "split": "test", "exact_value": 17.88}
{"id": "discounts_000614", "topic": "discounts", "subtopic": "bogo", "prompt": "BOGO sale (buy one, get one free; free item is the cheaper one in each pair). Items: $5.74, $5.07, $4.27. About how much do you pay?", "split": "test", "exact_value": 10.01}
{"id": "discounts_000615", "topic": "discounts", "subtopic": "threshold", "prompt": "Threshold coupon applies: $15 off $40+ spend. Cart: $38.71, $21.21, $27.63, $15.17, $8.83. About how much do you pay?", "split": "test", "exact_value": 96.55}
{"id": "discounts_000616", "topic": "discounts", "subtopic": "percent", "prompt": "Cart: $4.29, $6.71, $16.19, $49.21, $7.33. A 30% discount applies to everything. About how much do you pay?", "split": "test", "exact_value": 58.61}
{"id": "discounts_000617", "topic": "discounts", "subtopic": "buy_n_get_m", "prompt": "Buy 5 get 3 free on items priced $4.96 each. You take 14 total. About how much do you pay?", "split": "test", "exact_value": 49.6}
{"id": "discounts_000618", "topic": "discounts", "subtopic": "percent", "prompt": "Cart: $38.73, $49.02. A 10% discount applies to everything. About how much do you pay?", "split": "test", "exact_value": 78.98}
{"id": "discounts_000619", "topic": "discounts", "subtopic": "percent", "prompt": "Cart: $30.66, $49.14, $25.61, $26.23, $29.25. A 15% discount applies to everything. About how much do you pay?", "split": "test", "exact_value": 136.76}
{"id": "discounts_000620", "topic": "discounts", "subtopic": "percent", "prompt": "Cart: $30.15, $44.47, $19.83. A 10% discount applies to everything. About how much do you pay?", "split": "test", "exact_value": 85.01}
{"id": "discounts_000621", "topic": "discounts", "subtopic": "buy_n_get_m", "prompt": "Buy 5 get 2 free on items priced $4.39 each. You take 11 total. About how much do you pay?", "split": "test", "exact_value": 39.51}
{"id": "discounts_000622", "topic": "discounts", "subtopic": "bogo", "prompt": "BOGO sale (buy one, get one free; free item is the cheaper one in each pair). Items: $23.10, $18.66, $13.92, $3.28, $2.75. About how much do you pay?", "split": "test", "exact_value": 39.77}
{"id": "discounts_000623", "topic": "discounts", "subtopic": "bogo", "prompt": "BOGO sale (buy one, get one free; free item is the cheaper one in each pair). Items: $21.85, $18.63, $17.86, $11.60, $9.53. About how much do you pay?", "split": "test", "exact_value": 49.24}
{"id": "discounts_000624", "topic": "discounts", "subtopic": "stacked", "prompt": "Stacked deal: 10% off, then $10 coupon if you spend $40 or more. Cart: $20.05, $15.95, $33.29. About how much do you pay?", "split": "test", "exact_value": 52.36}
{"id": "discounts_000625", "topic": "discounts", "subtopic": "stacked", "prompt": "Stacked deal: 20% off, then $10 coupon if you spend $40 or more. Cart: $14.45, $7.56, $23.62, $30.78. About how much do you pay?", "split": "test", "exact_value": 51.13}
{"id": "discounts_000626", "topic": "discounts", "subtopic": "buy_n_get_m", "prompt": "Buy 4 get 1 free on items priced $6.67 each. You take 5 total. About how much do you pay?", "split": "test", "exact_value": 26.68}
{"id": "discounts_000627", "topic": "discounts", "subtopic": "threshold", "prompt": "Threshold coupon applies: $5 off $30+ spend. Cart: $14.99, $17.22, $27.47, $16.18. About how much do you pay?", "split": "test", "exact_value": 70.86}
{"id": "discounts_000628", "topic": "discounts", "subtopic": "percent", "prompt": "Cart: $9.57, $12.09. A 25% discount applies to everything. About how much do you pay?", "split": "test", "exact_value": 16.25}
{"id": "discounts_000629", "topic": "discounts", "subtopic": "buy_n_get_m", "prompt": "Buy 5 get 3 free on items priced $6.49 each. You take 15 total. About how much do you pay?", "split": "test", "exact_value": 64.9}
{"id": "discounts_000630", "topic": "discounts", "subtopic": "stacked", "prompt": "Stacked deal: 10% off, then $10 coupon if you spend $30 or more. Cart: $19.67, $36.33, $17.72. About how much do you pay?", "split": "test", "exact_value": 56.35}
{"id": "discounts_000631", "topic": "discounts", "subtopic": "bogo", "prompt": "BOGO sale (buy one, get one free; free item is the cheaper one in each pair). Items: $21.06, $17.59, $14.15, $5.99, $5.48. About how much do you pay?", "split": "test", "exact_value": 40.69}
{"id": "discounts_000632", "topic": "discounts", "subtopic": "percent", "prompt": "Cart: $19.61, $3.58, $28.51, $40.65, $6.15. A 25% discount applies to everything. About how much do you pay?", "split": "test", "exact_value": 73.88}
{"id": "discounts_000633", "topic": "discounts", "subtopic": "bogo", "prompt": "BOGO sale (buy one, get one free; free item is the cheaper one in each pair). Items: $18.29, $7.48. About how much do you pay?", "split": "test", "exact_value": 18.29}
{"id": "discounts_000634", "topic": "discounts", "subtopic": "bogo", "prompt": "BOGO sale (buy one, get one free; free item is the cheaper one in each pair). Items: $24.86, $10.58. About how much do you pay?", "split": "test", "exact_value": 24.86}
{"id": "discounts_000635", "topic": "discounts", "subtopic": "bogo", "prompt": "BOGO sale (buy one, get one free; free item is the cheaper one in each pair). Items: $18.39, $16.16, $13.31, $4.89. About how much do you pay?", "split": "test", "exact_value": 31.7}
{"id": "discounts_000636", "topic": "discounts", "subtopic": "bogo", "prompt": "BOGO sale (buy one, get one free; free item is the cheaper one in each pair). Items: $22.20, $21.65, $21.41, $1.77. About how much do you pay?", "split": "test", "exact_value": 43.61}
{"id": "discounts_000637", "topic": "discounts", "subtopic": "percent", "prompt": "Cart: $36.60, $21.62. A 25% discount applies to everything. About how much do you pay?", "split": "test", "exact_value": 43.67}
{"id": "discounts_000638", "topic": "discounts", "subtopic": "stacked", "prompt": "Stacked deal: 15% off, then $10 coupon if you spend $50 or more. Cart: $22.01, $5.47, $18.71, $39.58, $13.31. About how much do you pay?", "split": "test", "exact_value": 74.22}
{"id": "discounts_000639", "topic": "discounts", "subtopic": "buy_n_get_m", "prompt": "Buy 3 get 3 free on items priced $3.19 each. You take 7 total. About how much do you pay?", "split": "test", "exact_value": 12.76}
{"id": "discounts_000640", "topic": "discounts", "subtopic": "stacked", "prompt": "Stacked deal: 10% off, then $10 coupon if you spend $30 or more. Cart: $28.46, $20.57, $25.91, $19.65, $32.01. About how much do you pay?", "split": "test", "exact_value": 103.94}
{"id": "discounts_000641", "topic": "discounts", "subtopic": "bogo", "prompt": "BOGO sale (buy one, get one free; free item is the cheaper one in each pair). Items: $24.06, $14.15, $14.10, $13.53, $7.49, $4.39. About how much do you pay?", "split": "test", "exact_value": 45.65}
{"id": "discounts_000642", "topic": "discounts", "subtopic": "threshold", "prompt": "Threshold coupon applies: $10 off $25+ spend. Cart: $39.56, $22.99, $31.94, $35.84, $31.51. About how much do you pay?", "split": "test", "exact_value": 151.84}
{"id": "discounts_000643", "topic": "discounts", "subtopic": "buy_n_get_m", "prompt": "Buy 5 get 1 free on items priced $4.62 each. You take 12 total. About how much do you pay?", "split": "test", "exact_value": 46.2}
{"id": "discounts_000644", "topic": "discounts", "subtopic": "threshold", "prompt": "Threshold coupon applies: $10 off $30+ spend. Cart: $13.86, $20.17. About how much do you pay?", "split": "test", "exact_value": 24.03}
{"id": "discounts_000645", "topic": "discounts", "subtopic": "threshold", "prompt": "Threshold coupon applies: $15 off $50+ spend. Cart: $5.30, $7.21, $30.23. About how much do you pay?", "split": "test", "exact_value": 42.74}
{"id": "discounts_000646", "topic": "discounts", "subtopic": "buy_n_get_m", "prompt": "Buy 3 get 1 free on items priced $2.63 each. You take 8 total. About how much do you pay?", "split": "test", "exact_value": 15.78}
{"id": "discounts_000647", "topic": "discounts", "subtopic": "bogo", "prompt": "BOGO sale (buy one, get one free; free item is the cheaper one in each pair). Items: $20.11, $13.74, $12.05, $7.09, $5.04, $4.14. About how much do you pay?", "split": "test", "exact_value": 37.2}
{"id": "discounts_000648", "topic": "discounts", "subtopic": "stacked", "prompt": "Stacked deal: 20% off, then $5 coupon if you spend $30 or more. Cart: $4.10, $37.03, $8.80, $35.61, $10.76, $9.37. About how much do you pay?", "split": "test", "exact_value": 79.54}
{"id": "discounts_000649", "topic": "discounts", "subtopic": "bogo", "prompt": "BOGO sale (buy one, get one free; free item is the cheaper one in each pair). Items: $20.67, $4.34, $1.84. About how much do you pay?", "split": "test", "exact_value": 22.51}
{"id": "discounts_000650", "topic": "discounts", "subtopic": "bogo", "prompt": "BOGO sale (buy one, get one free; free item is the cheaper one in each pair). Items: $22.38, $17.74, $1.87. About how much do you pay?", "split": "test", "exact_value": 24.25}
{"id": "discounts_000651", "topic": "discounts", "subtopic": "threshold", "prompt": "Threshold coupon applies: $15 off $50+ spend. Cart: $19.61, $8.12, $36.75, $22.28, $26.72. About how much do you pay?", "split": "test", "exact_value": 98.48}
{"id": "discounts_000652", "topic": "discounts", "subtopic": "threshold", "prompt": "Threshold coupon applies: $5 off $40+ spend. Cart: $4.39, $7.00. About how much do you pay?", "split": "test", "exact_value": 11.39}
{"id": "discounts_000653", "topic": "discounts", "subtopic": "buy_n_get_m", "prompt": "Buy 3 get 2 free on items priced $3.98 each. You take 5 total. About how much do you pay?", "split": "test", "exact_value": 11.94}
{"id": "discounts_000654", "topic": "discounts", "subtopic": "bogo", "prompt": "BOGO sale (buy one, get one free; free item is the cheaper one in each pair). Items: $23.66, $19.24, $15.35, $8.99, $8.29, $7.22. About how much do you pay?", "split": "test", "exact_value": 47.3}
{"id": "discounts_000655", "topic": "discounts", "subtopic": "threshold", "prompt": "Threshold coupon applies: $10 off $30+ spend. Cart: $19.15, $31.03, $34.81, $27.08. About how much do you pay?", "split": "test", "exact_value": 102.07}
{"id": "discounts_000656", "topic": "discounts", "subtopic": "buy_n_get_m", "prompt": "Buy 5 get 2 free on items priced $4.15 each. You take 8 total. About how much do you pay?", "split": "test", "exact_value": 24.9}
{"id": "discounts_000657", "topic": "discounts", "subtopic": "percent", "prompt": "Cart: $12.32, $39.33. A 10% discount applies to everything. About how much do you pay?", "split": "test", "exact_value": 46.49}
{"id": "discounts_000658", "topic": "discounts", "subtopic": "threshold", "prompt": "Threshold coupon applies: $10 off $50+ spend. Cart: $36.97, $4.12, $33.42, $14.03, $15.85. About how much do you pay?", "split": "test", "exact_value": 94.39}
{"id": "discounts_000659", "topic": "discounts", "subtopic": "percent", "prompt": "Cart: $3.91, $35.37, $23.48, $48.69. A 25% discount applies to everything. About how much do you pay?", "split": "test", "exact_value": 83.59}
{"id": "discounts_000660", "topic": "discounts", "subtopic": "threshold", "prompt": "Threshold coupon applies: $5 off $40+ spend. Cart: $7.30, $4.46, $27.29, $36.97. About how much do you pay?", "split": "test", "exact_value": 71.02}
{"id": "discounts_000661", "topic": "discounts", "subtopic": "percent", "prompt": "Cart: $49.37, $3.06, $24.00. A 20% discount applies to everything. About how much do you pay?", "split": "test", "exact_value": 61.14}
{"id": "discounts_000662", "topic": "discounts", "subtopic": "percent", "prompt": "Cart: $31.85, $46.34, $30.79, $39.29, $25.05. A 30% discount applies to everything. About how much do you pay?", "split": "test", "exact_value": 121.32}
{"id": "discounts_000663", "topic": "discounts", "subtopic": "stacked", "prompt": "Stacked deal: 15% off, then $5 coupon if you spend $50 or more. Cart: $16.58, $23.77, $10.19. About how much do you pay?", "split": "test", "exact_value": 42.96}
{"id": "discounts_000664", "topic": "discounts", "subtopic": "buy_n_get_m", "prompt": "Buy 4 get 3 free on items priced $5.09 each. You take 13 total. About how much do you pay?", "split": "test", "exact_value": 40.72}
{"id": "discounts_000665", "topic": "discounts", "subtopic": "bogo", "prompt": "BOGO sale (buy one, get one free; free item is the cheaper one in each pair). Items: $19.94, $15.75, $14.60, $14.18, $13.90. About how much do you pay?", "split": "test", "exact_value": 48.44}
{"id": "discounts_000666", "topic": "discounts", "subtopic": "stacked", "prompt": "Stacked deal: 15% off, then $5 coupon if you spend $50 or more. Cart: $20.47, $39.81, $27.43. About how much do you pay?", "split": "test", "exact_value": 69.55}
{"id": "discounts_000667", "topic": "discounts", "subtopic": "buy_n_get_m", "prompt": "Buy 5 get 2 free on items priced $1.69 each. You take 9 total. About how much do you pay?", "split": "test", "exact_value": 11.83}
{"id": "discounts_000668", "topic": "discounts", "subtopic": "buy_n_get_m", "prompt": "Buy 3 get 3 free on items priced $4.44 each. You take 9 total. About how much do you pay?", "split": "test", "exact_value": 26.64}
{"id": "discounts_000669", "topic": "discounts", "subtopic": "threshold", "prompt": "Threshold coupon applies: $5 off $25+ spend. Cart: $28.95, $12.51. About how much do you pay?", "split": "test", "exact_value": 36.46}
{"id": "discounts_000670", "topic": "discounts", "subtopic": "bogo", "prompt": "BOGO sale (buy one, get one free; free item is the cheaper one in each pair). Items: $22.20, $21.45, $19.44, $16.32, $9.91. About how much do you pay?", "split": "test", "exact_value": 51.55}
{"id": "discounts_000671", "topic": "discounts", "subtopic": "stacked", "prompt": "Stacked deal: 20% off, then $5 coupon if you spend $40 or more. Cart: $17.06, $14.19, $5.90, $34.62. About how much do you pay?", "split": "test", "exact_value": 52.42}
{"id": "discounts_000672", "topic": "discounts", "subtopic": "percent", "prompt": "Cart: $19.97, $26.98, $48.65, $8.53, $25.86. A 20% discount applies to everything. About how much do you pay?", "split": "test", "exact_value": 103.99}
{"id": "discounts_000673", "topic": "discounts", "subtopic": "percent", "prompt": "Cart: $25.94, $21.09, $11.68. A 10% discount applies to everything. About how much do you pay?", "split": "test", "exact_value": 52.84}
{"id": "discounts_000674", "topic": "discounts", "subtopic": "percent", "prompt": "Cart: $16.17, $31.59, $30.82. A 15% discount applies to everything. About how much do you pay?", "split": "test", "exact_value": 66.79}
{"id": "discounts_000675", "topic": "discounts", "subtopic": "threshold", "prompt": "Threshold coupon applies: $10 off $25+ spend. Cart: $10.36, $9.06, $37.94, $16.02. About how much do you pay?", "split": "test", "exact_value": 63.38}
{"id": "discounts_000676", "topic": "discounts", "subtopic": "percent", "prompt": "Cart: $36.88, $20.21, $46.05, $7.94. A 30% discount applies to everything. About how much do you pay?", "split": "test", "exact_value": 77.76}
{"id": "discounts_000677", "topic": "discounts", "subtopic": "buy_n_get_m", "prompt": "Buy 4 get 2 free on items priced $5.92 each. You take 12 total. About how much do you pay?", "split": "test", "exact_value": 47.36}
{"id": "discounts_000678", "topic": "discounts", "subtopic": "percent", "prompt": "Cart: $23.44, $26.76, $3.13, $30.15. A 15% discount applies to everything. About how much do you pay?", "split": "test", "exact_value": 70.96}
{"id": "discounts_000679", "topic": "discounts", "subtopic": "buy_n_get_m", "prompt": "Buy 3 get 3 free on items priced $4.72 each. You take 10 total. About how much do you pay?", "split": "test", "exact_value": 28.32}
{"id": "discounts_000680", "topic": "discounts", "subtopic": "percent", "prompt": "Cart: $5.97, $21.76. A 20% discount applies to everything. About how much do you pay?", "split": "test", "exact_value": 22.18}
{"id": "discounts_000681", "topic": "discounts", "subtopic": "threshold", "prompt": "Threshold coupon applies: $5 off $50+ spend. Cart: $38.21, $20.53, $11.60, $8.89. About how much do you pay?", "split": "test", "exact_value": 74.23}
{"id": "discounts_000682", "topic": "discounts", "subtopic": "stacked", "prompt": "Stacked deal: 15% off, then $5 coupon if you spend $30 or more. Cart: $37.01, $25.60, $35.82, $35.75. About how much do you pay?", "split": "test", "exact_value": 109.05}
{"id": "discounts_000683", "topic": "discounts", "subtopic": "percent", "prompt": "Cart: $27.44, $47.42, $41.38, $11.58, $35.37. A 25% discount applies to everything. About how much do you pay?", "split": "test", "exact_value": 122.39}
{"id": "discounts_000684", "topic": "discounts", "subtopic": "bogo", "prompt": "BOGO sale (buy one, get one free; free item is the cheaper one in each pair). Items: $11.35, $4.69. About how much do you pay?", "split": "test", "exact_value": 11.35}
{"id": "discounts_000685", "topic": "discounts", "subtopic": "threshold", "prompt": "Threshold coupon applies: $5 off $25+ spend. Cart: $4.21, $6.36, $32.30, $37.94. About how much do you pay?", "split": "test", "exact_value": 75.81}
{"id": "discounts_000686", "topic": "discounts", "subtopic": "percent", "prompt": "Cart: $48.80, $31.68, $42.65, $44.63. A 10% discount applies to everything. About how much do you pay?", "split": "test", "exact_value": 150.98}
{"id": "discounts_000687", "topic": "discounts", "subtopic": "percent", "prompt": "Cart: $11.73, $6.79, $44.36, $37.95. A 15% discount applies to everything. About how much do you pay?", "split": "test", "exact_value": 85.71}
{"id": "discounts_000688", "topic": "discounts", "subtopic": "threshold", "prompt": "Threshold coupon applies: $5 off $25+ spend. Cart: $33.54, $8.89. About how much do you pay?", "split": "test", "exact_value": 37.43}
{"id": "discounts_000689", "topic": "discounts", "subtopic": "threshold", "prompt": "Threshold coupon applies: $5 off $25+ spend. Cart: $33.14, $25.36. About how much do you pay?", "split": "test", "exact_value": 53.5}
{"id": "discounts_000690", "topic": "discounts", "subtopic": "threshold", "prompt": "Threshold coupon applies: $15 off $40+ spend. Cart: $36.61, $33.87, $27.52, $35.57. About how much do you pay?", "split": "test", "exact_value": 118.57}
{"id": "discounts_000691", "topic": "discounts", "subtopic": "buy_n_get_m", "prompt": "Buy 3 get 3 free on items priced $6.03 each. You take 7 total. About how much do you pay?", "split": "test", "exact_value": 24.12}
{"id": "discounts_000692", "topic": "discounts", "subtopic": "stacked", "prompt": "Stacked deal: 15% off, then $5 coupon if you spend $40 or more. Cart: $18.28, $23.54, $10.88, $34.72, $15.74, $25.01. About how much do you pay?", "split": "test", "exact_value": 103.94}
{"id": "discounts_000693", "topic": "discounts", "subtopic": "threshold", "prompt": "Threshold coupon applies: $10 off $30+ spend. Cart: $38.53, $32.54. About how much do you pay?", "split": "test", "exact_value": 61.07}
{"id": "discounts_000694", "topic": "discounts", "subtopic": "bogo", "prompt": "BOGO sale (buy one, get one free; free item is the cheaper one in each pair). Items: $22.68, $20.55, $18.54, $3.43. About how much do you pay?", "split": "test", "exact_value": 41.22}
{"id": "discounts_000695", "topic": "discounts", "subtopic": "percent", "prompt": "Cart: $15.11, $5.12. A 20% discount applies to everything. About how much do you pay?", "split": "test", "exact_value": 16.18}
{"id": "discounts_000696", "topic": "discounts", "subtopic": "stacked", "prompt": "Stacked deal: 20% off, then $10 coupon if you spend $40 or more. Cart: $11.20, $9.77, $20.32, $13.97, $38.91, $31.99. About how much do you pay?", "split": "test", "exact_value": 90.93}
{"id": "discounts_000697", "topic": "discounts", "subtopic": "buy_n_get_m", "prompt": "Buy 3 get 2 free on items priced $4.90 each. You take 6 total. About how much do you pay?", "split": "test", "exact_value": 19.6}
{"id": "discounts_000698", "topic": "discounts", "subtopic": "threshold", "prompt": "Threshold coupon applies: $5 off $50+ spend. Cart: $18.59, $13.82. About how much do you pay?", "split": "test", "exact_value": 32.41}
{"id": "discounts_000699", "topic": "discounts", "subtopic": "threshold", "prompt": "Threshold coupon applies: $15 off $30+ spend. Cart: $10.97, $23.72, $39.62, $39.86, $36.07. About how much do you pay?", "split": "test", "exact_value": 135.24}
{"id": "discounts_000700", "topic": "discounts", "subtopic": "buy_n_get_m", "prompt": "Buy 4 get 1 free on items priced $7.78 each. You take 8 total. About how much do you pay?", "split": "test", "exact_value": 54.46}
{"id": "discounts_000701", "topic": "discounts", "subtopic": "buy_n_get_m", "prompt": "Buy 3 get 3 free on items priced $4.13 each. You take 6 total. About how much do you pay?", "split": "test", "exact_value": 12.39}
{"id": "discounts_000702", "topic": "discounts", "subtopic": "buy_n_get_m", "prompt": "Buy 4 get 2 free on items priced $3.66 each. You take 8 total. About how much do you pay?", "split": "test", "exact_value": 21.96}
{"id": "discounts_000703", "topic": "discounts", "subtopic": "percent", "prompt": "Cart: $19.91, $32.12, $19.55, $20.11, $21.65. A 15% discount applies to everything. About how much do you pay?", "split": "test", "exact_value": 96.34}
{"id": "discounts_000704", "topic": "discounts", "subtopic": "stacked", "prompt": "Stacked deal: 15% off, then $5 coupon if you spend $30 or more. Cart: $29.97, $3.35, $4.25, $37.66. About how much do you pay?", "split": "test", "exact_value": 58.95}
{"id": "discounts_000705", "topic": "discounts", "subtopic": "threshold", "prompt": "Threshold coupon applies: $5 off $25+ spend. Cart: $30.29, $27.97, $25.59, $36.01. About how much do you pay?", "split": "test", "exact_value": 114.86}
{"id": "discounts_000706", "topic": "discounts", "subtopic": "percent", "prompt": "Cart: $39.60, $47.24, $7.44, $49.35, $3.89. A 20% discount applies to everything. About how much do you pay?", "split": "test", "exact_value": 118.02}
{"id": "discounts_000707", "topic": "discounts", "subtopic": "buy_n_get_m", "prompt": "Buy 4 get 3 free on items priced $6.07 each. You take 13 total. About how much do you pay?", "split": "test", "exact_value": 48.56}
{"id": "discounts_000708", "topic": "discounts", "subtopic": "percent", "prompt": "Cart: $10.89, $4.11, $36.69. A 20% discount applies to everything. About how much do you pay?", "split": "test", "exact_value": 41.35}
{"id": "discounts_000709", "topic": "discounts", "subtopic": "bogo", "prompt": "BOGO sale (buy one, get one free; free item is the cheaper one in each pair). Items: $23.40, $20.70, $17.91, $3.44. About how much do you pay?", "split": "test", "exact_value": 41.31}
{"id": "discounts_000710", "topic": "discounts", "subtopic": "bogo", "prompt": "BOGO sale (buy one, get one free; free item is the cheaper one in each pair). Items: $22.47, $17.16. About how much do you pay?", "split": "test", "exact_value": 22.47}
{"id": "discounts_000711", "topic": "discounts", "subtopic": "bogo", "prompt": "BOGO sale (buy one, get one free; free item is the cheaper one in each pair). Items: $24.10, $22.67, $22.64, $19.94, $9.89. About how much do you pay?", "split": "test", "exact_value": 56.63}
{"id": "discounts_000712", "topic": "discounts", "subtopic": "percent", "prompt": "Cart: $43.41, $38.69, $35.87. A 10% discount applies to everything. About how much do you pay?", "split": "test", "exact_value": 106.17}
{"id": "discounts_000713", "topic": "discounts", "subtopic": "percent", "prompt": "Cart: $8.21, $13.08, $36.81, $11.60. A 20% discount applies to everything. About how much do you pay?", "split": "test", "exact_value": 55.76}
{"id": "discounts_000714", "topic": "discounts", "subtopic": "stacked", "prompt": "Stacked deal: 15% off, then $10 coupon if you spend $30 or more. Cart: $19.28, $35.94, $15.56, $19.20, $4.61. About how much do you pay?", "split": "test", "exact_value": 70.4}
{"id": "discounts_000715", "topic": "discounts", "subtopic": "bogo", "prompt": "BOGO sale (buy one, get one free; free item is the cheaper one in each pair). Items: $23.36, $14.43, $12.39. About how much do you pay?", "split": "test", "exact_value": 35.75}
{"id": "discounts_000716", "topic": "discounts", "subtopic": "stacked", "prompt": "Stacked deal: 15% off, then $5 coupon if you spend $40 or more. Cart: $26.81, $36.79, $27.65, $33.67, $4.77. About how much do you pay?", "split": "test", "exact_value": 105.24}
{"id": "discounts_000717", "topic": "discounts", "subtopic": "buy_n_get_m", "prompt": "Buy 3 get 1 free on items priced $6.51 each. You take 8 total. About how much do you pay?", "split": "test", "exact_value": 39.06}
{"id": "discounts_000718", "topic": "discounts", "subtopic": "percent", "prompt": "Cart: $16.03, $8.91. A 10% discount applies to everything. About how much do you pay?", "split": "test", "exact_value": 22.45}
{"id": "discounts_000719", "topic": "discounts", "subtopic": "bogo", "prompt": "BOGO sale (buy one, get one free; free item is the cheaper one in each pair). Items: $24.34, $15.86, $8.17, $3.18, $2.56. About how much do you pay?", "split": "test", "exact_value": 35.07}
{"id": "discounts_000720", "topic": "discounts", "subtopic": "buy_n_get_m", "prompt": "Buy 3 get 1 free on items priced $5.56 each. You take 6 total. About how much do you pay?", "split": "test", "exact_value": 27.8}
{"id": "discounts_000721", "topic": "discounts", "subtopic": "stacked", "prompt": "Stacked deal: 15% off, then $10 coupon if you spend $50 or more. Cart: $38.50, $16.28, $31.11, $12.00. About how much do you pay?", "split": "test", "exact_value": 73.21}
{"id": "discounts_000722", "topic": "discounts", "subtopic": "bogo", "prompt": "BOGO sale (buy one, get one free; free item is the cheaper one in each pair). Items: $9.98, $3.15. About how much do you pay?", "split": "test", "exact_value": 9.98}
{"id": "discounts_000723", "topic": "discounts", "subtopic": "percent", "prompt": "Cart: $48.29, $29.75, $30.14, $33.26, $21.69. A 25% discount applies to everything. About how much do you pay?", "split": "test", "exact_value": 122.35}
{"id": "discounts_000724", "topic": "discounts", "subtopic": "stacked", "prompt": "Stacked deal: 15% off, then $5 coupon if you spend $30 or more. Cart: $5.72, $17.30, $19.24. About how much do you pay?", "split": "test", "exact_value": 30.92}
{"id": "discounts_000725", "topic": "discounts", "subtopic": "threshold", "prompt": "Threshold coupon applies: $15 off $30+ spend. Cart: $28.99, $8.50, $36.02, $11.83. About how much do you pay?", "split": "test", "exact_value": 70.34}
{"id": "discounts_000726", "topic": "discounts", "subtopic": "buy_n_get_m", "prompt": "Buy 5 get 2 free on items priced $3.48 each. You take 10 total. About how much do you pay?", "split": "test", "exact_value": 27.84}
{"id": "discounts_000727", "topic": "discounts", "subtopic": "percent", "prompt": "Cart: $21.44, $24.54. A 15% discount applies to everything. About how much do you pay?", "split": "test", "exact_value": 39.08}
{"id": "discounts_000728", "topic": "discounts", "subtopic": "buy_n_get_m", "prompt": "Buy 3 get 1 free on items priced $3.62 each. You take 6 total. About how much do you pay?", "split": "test", "exact_value": 18.1}
{"id": "discounts_000729", "topic": "discounts", "subtopic": "percent", "prompt": "Cart: $26.17, $49.30. A 20% discount applies to everything. About how much do you pay?", "split": "test", "exact_value": 60.38}
{"id": "discounts_000730", "topic": "discounts", "subtopic": "buy_n_get_m", "prompt": "Buy 4 get 1 free on items priced $2.34 each. You take 7 total. About how much do you pay?", "split": "test", "exact_value": 14.04}
{"id": "discounts_000731", "topic": "discounts", "subtopic": "percent", "prompt": "Cart: $28.24, $11.63, $5.86, $11.77, $47.50. A 15% discount applies to everything. About how much do you pay?", "split": "test", "exact_value": 89.25}
{"id": "discounts_000732", "topic": "discounts", "subtopic": "bogo", "prompt": "BOGO sale (buy one, get one free; free item is the cheaper one in each pair). Items: $21.61, $8.72, $3.13. About how much do you pay?", "split": "test", "exact_value": 24.74}
{"id": "discounts_000733", "topic": "discounts", "subtopic": "percent", "prompt": "Cart: $33.22, $44.93. A 10% discount applies to everything. About how much do you pay?", "split": "test", "exact_value": 70.34}
{"id": "discounts_000734", "topic": "discounts", "subtopic": "buy_n_get_m", "prompt": "Buy 5 get 3 free on items priced $3.08 each. You take 16 total. About how much do you pay?", "split": "test", "exact_value": 30.8}
{"id": "discounts_000735", "topic": "discounts", "subtopic": "threshold", "prompt": "Threshold coupon applies: $10 off $50+ spend. Cart: $12.74, $9.44, $36.49, $7.17. About how much do you pay?", "split": "test", "exact_value": 55.84}
{"id": "discounts_000736", "topic": "discounts", "subtopic": "bogo", "prompt": "BOGO sale (buy one, get one free; free item is the cheaper one in each pair). Items: $22.56, $15.97, $1.64. About how much do you pay?", "split": "test", "exact_value": 24.2}
{"id": "discounts_000737", "topic": "discounts", "subtopic": "buy_n_get_m", "prompt": "Buy 4 get 2 free on items priced $7.71 each. You take 12 total. About how much do you pay?", "split": "test", "exact_value": 61.68}
{"id": "discounts_000738", "topic": "discounts", "subtopic": "stacked", "prompt": "Stacked deal: 15% off, then $10 coupon if you spend $30 or more. Cart: $14.95, $23.92, $9.87, $9.32, $30.26, $31.52. About how much do you pay?", "split": "test", "exact_value": 91.86}
{"id": "discounts_000739", "topic": "discounts", "subtopic": "percent", "prompt": "Cart: $47.79, $14.28, $34.53. A 15% discount applies to everything. About how much do you pay?", "split": "test", "exact_value": 82.11}
{"id": "discounts_000740", "topic": "discounts", "subtopic": "percent", "prompt": "Cart: $24.50, $19.61, $11.76. A 20% discount applies to everything. About how much do you pay?", "split": "test", "exact_value": 44.7}
{"id": "discounts_000741", "topic": "discounts", "subtopic": "threshold", "prompt": "Threshold coupon applies: $5 off $40+ spend. Cart: $36.03, $29.01, $8.53, $36.65, $8.11. About how much do you pay?", "split": "test", "exact_value": 113.33}
{"id": "discounts_000742", "topic": "discounts", "subtopic": "bogo", "prompt": "BOGO sale (buy one, get one free; free item is the cheaper one in each pair). Items: $17.95, $16.70, $15.78, $5.93, $5.44, $1.63. About how much do you pay?", "split": "test", "exact_value": 39.17}
{"id": "discounts_000743", "topic": "discounts", "subtopic": "bogo", "prompt": "BOGO sale (buy one, get one free; free item is the cheaper one in each pair). Items: $22.88, $9.78. About how much do you pay?", "split": "test", "exact_value": 22.88}
{"id": "discounts_000744", "topic": "discounts", "subtopic": "percent", "prompt": "Cart: $36.96, $35.25, $29.57, $23.38, $39.31. A 30% discount applies to everything. About how much do you pay?", "split": "test", "exact_value": 115.13}
{"id": "discounts_000745", "topic": "discounts", "subtopic": "threshold", "prompt": "Threshold coupon applies: $15 off $40+ spend. Cart: $23.27, $15.95, $23.81. About how much do you pay?", "split": "test", "exact_value": 48.03}
{"id": "discounts_000746", "topic": "discounts", "subtopic": "threshold", "prompt": "Threshold coupon applies: $5 off $40+ spend. Cart: $10.02, $28.86, $17.73, $22.59, $29.51. About how much do you pay?", "split": "test", "exact_value": 103.71}
{"id": "discounts_000747", "topic": "discounts", "subtopic": "threshold", "prompt": "Threshold coupon applies: $15 off $30+ spend. Cart: $6.41, $39.24, $25.90. About how much do you pay?", "split": "test", "exact_value": 56.55}
{"id": "discounts_000748", "topic": "discounts", "subtopic": "stacked", "prompt": "Stacked deal: 10% off, then $5 coupon if you spend $50 or more. Cart: $36.26, $32.73, $13.21, $38.56, $14.50, $4.97. About how much do you pay?", "split": "test", "exact_value": 121.21}
{"id": "discounts_000749", "topic": "discounts", "subtopic": "bogo", "prompt": "BOGO sale (buy one, get one free; free item is the cheaper one in each pair). Items: $15.94, $14.44, $14.10, $5.31, $2.76. About how much do you pay?", "split": "test", "exact_value": 32.8}
{"id": "discounts_000750", "topic": "discounts", "subtopic": "bogo", "prompt": "BOGO sale (buy one, get one free; free item is the cheaper one in each pair). Items: $17.06, $7.41, $5.14. About how much do you pay?", "split": "test", "exact_value": 22.2}
{"id": "discounts_000751", "topic": "discounts", "subtopic": "buy_n_get_m", "prompt": "Buy 4 get 3 free on items priced $3.30 each. You take 10 total. About how much do you pay?", "split": "test", "exact_value": 23.1}
{"id": "discounts_000752", "topic": "discounts", "subtopic": "bogo", "prompt": "BOGO sale (buy one, get one free; free item is the cheaper one in each pair). Items: $24.38, $23.97, $19.06, $18.19, $15.06, $3.04. About how much do you pay?", "split": "test", "exact_value": 58.5}
{"id": "discounts_000753", "topic": "discounts", "subtopic": "percent", "prompt": "Cart: $37.57, $37.52, $8.99. A 15% discount applies to everything. About how much do you pay?", "split": "test", "exact_value": 71.47}
{"id": "discounts_000754", "topic": "discounts", "subtopic": "percent", "prompt": "Cart: $47.03, $35.70, $13.28, $9.16. A 25% discount applies to everything. About how much do you pay?", "split": "test", "exact_value": 78.88}
{"id": "discounts_000755", "topic": "discounts", "subtopic": "threshold", "prompt": "Threshold coupon applies: $5 off $30+ spend. Cart: $34.61, $8.57, $35.52, $12.76. About how much do you pay?", "split": "test", "exact_value": 86.46}
{"id": "discounts_000756", "topic": "discounts", "subtopic": "bogo", "prompt": "BOGO sale (buy one, get one free; free item is the cheaper one in each pair). Items: $17.52, $9.37, $7.45, $6.12, $3.69, $2.60. About how much do you pay?", "split": "test", "exact_value": 28.66}
{"id": "discounts_000757", "topic": "discounts", "subtopic": "percent", "prompt": "Cart: $36.61, $30.95, $46.93, $23.67. A 25% discount applies to everything. About how much do you pay?", "split": "test", "exact_value": 103.62}
{"id": "discounts_000758", "topic": "discounts", "subtopic": "buy_n_get_m", "prompt": "Buy 5 get 1 free on items priced $4.08 each. You take 10 total. About how much do you pay?", "split": "test", "exact_value": 36.72}
{"id": "discounts_000759", "topic": "discounts", "subtopic": "stacked", "prompt": "Stacked deal: 20% off, then $10 coupon if you spend $30 or more. Cart: $7.87, $5.62, $3.84, $8.98. About how much do you pay?", "split": "test", "exact_value": 21.05}
{"id": "discounts_000760", "topic": "discounts", "subtopic": "percent", "prompt": "Cart: $17.02, $43.65, $4.91, $47.40, $30.35. A 30% discount applies to everything. About how much do you pay?", "split": "test", "exact_value": 100.33}
{"id": "discounts_000761", "topic": "discounts", "subtopic": "bogo", "prompt": "BOGO sale (buy one, get one free; free item is the cheaper one in each pair). Items: $23.68, $2.18. About how much do you pay?", "split": "test", "exact_value": 23.68}
{"id": "discounts_000762", "topic": "discounts", "subtopic": "bogo", "prompt": "BOGO sale (buy one, get one free; free item is the cheaper one in each pair). Items: $20.79, $20.32, $14.83, $10.59, $5.30, $3.06. About how much do you pay?", "split": "test", "exact_value": 40.92}
{"id": "discounts_000763", "topic": "discounts", "subtopic": "bogo", "prompt": "BOGO sale (buy one, get one free; free item is the cheaper one in each pair). Items: $11.36, $1.82. About how much do you pay?", "split": "test", "exact_value": 11.36}
{"id": "discounts_000764", "topic": "discounts", "subtopic": "percent", "prompt": "Cart: $22.07, $44.58, $48.53, $22.62. A 25% discount applies to everything. About how much do you pay?", "split": "test", "exact_value": 103.35}
{"id": "discounts_000765", "topic": "discounts", "subtopic": "threshold", "prompt": "Threshold coupon applies: $5 off $30+ spend. Cart: $17.78, $29.21. About how much do you pay?", "split": "test", "exact_value": 41.99}
{"id": "discounts_000766", "topic": "discounts", "subtopic": "stacked", "prompt": "Stacked deal: 10% off, then $10 coupon if you spend $40 or more. Cart: $16.39, $5.23, $24.49, $31.81, $31.97, $14.11. About how much do you pay?", "split": "test", "exact_value": 101.6}
{"id": "discounts_000767", "topic": "discounts", "subtopic": "threshold", "prompt": "Threshold coupon applies: $15 off $30+ spend. Cart: $28.64, $25.76, $10.78. About how much do you pay?", "split": "test", "exact_value": 50.18}
{"id": "discounts_000768", "topic": "discounts", "subtopic": "threshold", "prompt": "Threshold coupon applies: $5 off $30+ spend. Cart: $4.30, $27.29, $17.56, $20.32. About how much do you pay?", "split": "test", "exact_value": 64.47}
{"id": "discounts_000769", "topic": "discounts", "subtopic": "threshold", "prompt": "Threshold coupon applies: $10 off $30+ spend. Cart: $19.61, $34.01, $7.17. About how much do you pay?", "split": "test", "exact_value": 50.79}
{"id": "discounts_000770", "topic": "discounts", "subtopic": "bogo", "prompt": "BOGO sale (buy one, get one free; free item is the cheaper one in each pair). Items: $23.60, $23.10, $18.85, $17.13, $14.53. About how much do you pay?", "split": "test", "exact_value": 56.98}
{"id": "discounts_000771", "topic": "discounts", "subtopic": "buy_n_get_m", "prompt": "Buy 3 get 1 free on items priced $3.22 each. You take 8 total. About how much do you pay?", "split": "test", "exact_value": 19.32}
{"id": "discounts_000772", "topic": "discounts", "subtopic": "stacked", "prompt": "Stacked deal: 20% off, then $5 coupon if you spend $50 or more. Cart: $22.74, $21.23, $39.48. About how much do you pay?", "split": "test", "exact_value": 61.76}
{"id": "discounts_000773", "topic": "discounts", "subtopic": "stacked", "prompt": "Stacked deal: 20% off, then $10 coupon if you spend $40 or more. Cart: $8.45, $11.87, $14.50, $33.35, $6.12, $25.22. About how much do you pay?", "split": "test", "exact_value": 69.61}
{"id": "discounts_000774", "topic": "discounts", "subtopic": "bogo", "prompt": "BOGO sale (buy one, get one free; free item is the cheaper one in each pair). Items: $22.34, $20.41, $14.64. About how much do you pay?", "split": "test", "exact_value": 36.98}
{"id": "discounts_000775", "topic": "discounts", "subtopic": "buy_n_get_m", "prompt": "Buy 3 get 2 free on items priced $7.65 each. You take 10 total. About how much do you pay?", "split": "test", "exact_value": 45.9}
{"id": "discounts_000776", "topic": "discounts", "subtopic": "percent", "prompt": "Cart: $27.98, $13.56, $15.24, $12.50. A 10% discount applies to everything. About how much do you pay?", "split": "test", "exact_value": 62.35}
{"id": "discounts_000777", "topic": "discounts", "subtopic": "bogo", "prompt": "BOGO sale (buy one, get one free; free item is the cheaper one in each pair). Items: $21.10, $3.34. About how much do you pay?", "split": "test", "exact_value": 21.1}
{"id": "discounts_000778", "topic": "discounts", "subtopic": "stacked", "prompt": "Stacked deal: 20% off, then $10 coupon if you spend $50 or more. Cart: $18.00, $16.82, $29.58, $16.67, $20.27, $29.92. About how much do you pay?", "split": "test", "exact_value": 95.01}
{"id": "discounts_000779", "topic": "discounts", "subtopic": "threshold", "prompt": "Threshold coupon applies: $15 off $40+ spend. Cart: $32.65, $18.44, $29.63, $29.93. About how much do you pay?", "split": "test", "exact_value": 95.65}
{"id": "discounts_000780", "topic": "discounts", "subtopic": "buy_n_get_m", "prompt": "Buy 4 get 1 free on items priced $7.65 each. You take 8 total. About how much do you pay?", "split": "test", "exact_value": 53.55}
{"id": "discounts_000781", "topic": "discounts", "subtopic": "buy_n_get_m", "prompt": "Buy 4 get 2 free on items priced $5.16 each. You take 9 total. About how much do you pay?", "split": "test", "exact_value": 36.12}
{"id": "discounts_000782", "topic": "discounts", "subtopic": "stacked", "prompt": "Stacked deal: 15% off, then $5 coupon if you spend $30 or more. Cart: $38.59, $5.34, $10.71, $13.36, $5.92, $15.69. About how much do you pay?", "split": "test", "exact_value": 71.17}
{"id": "discounts_000783", "topic": "discounts", "subtopic": "stacked", "prompt": "Stacked deal: 15% off, then $10 coupon if you spend $30 or more. Cart: $37.23, $37.65, $36.92, $14.32, $6.23. About how much do you pay?", "split": "test", "exact_value": 102.5}
{"id": "discounts_000784", "topic": "discounts", "subtopic": "stacked", "prompt": "Stacked deal: 15% off, then $5 coupon if you spend $30 or more. Cart: $14.94, $37.77, $24.29, $17.68. About how much do you pay?", "split": "test", "exact_value": 75.48}
{"id": "discounts_000785", "topic": "discounts", "subtopic": "bogo", "prompt": "BOGO sale (buy one, get one free; free item is the cheaper one in each pair). Items: $24.54, $12.14. About how much do you pay?", "split": "test", "exact_value": 24.54}
{"id": "discounts_000786", "topic": "discounts", "subtopic": "bogo", "prompt": "BOGO sale (buy one, get one free; free item is the cheaper one in each pair). Items: $24.69, $18.35, $10.14. About how much do you pay?", "split": "test", "exact_value": 34.83}
{"id": "discounts_000787", "topic": "discounts", "subtopic": "buy_n_get_m", "prompt": "Buy 3 get 2 free on items priced $2.67 each. You take 5 total. About how much do you pay?", "split": "test", "exact_value": 8.01}
{"id": "discounts_000788", "topic": "discounts", "subtopic": "buy_n_get_m", "prompt": "Buy 5 get 1 free on items priced $5.72 each. You take 7 total. About how much do you pay?", "split": "test", "exact_value": 34.32}
{"id": "discounts_000789", "topic": "discounts", "subtopic": "bogo", "prompt": "BOGO sale (buy one, get one free; free item is the cheaper one in each pair). Items: $20.68, $18.37, $8.93, $8.75, $8.56. About how much do you pay?", "split": "test", "exact_value": 38.17}
{"id": "discounts_000790", "topic": "discounts", "subtopic": "percent", "prompt": "Cart: $29.62, $13.33, $39.20, $13.61, $48.16. A 10% discount applies to everything. About how much do you pay?", "split": "test", "exact_value": 129.53}
{"id": "discounts_000791", "topic": "discounts", "subtopic": "percent", "prompt": "Cart: $26.29, $27.94. A 20% discount applies to everything. About how much do you pay?", "split": "test", "exact_value": 43.38}
{"id": "discounts_000792", "topic": "discounts", "subtopic": "bogo", "prompt": "BOGO sale (buy one, get one free; free item is the cheaper one in each pair). Items: $23.39, $18.64, $3.36. About how much do you pay?", "split": "test", "exact_value": 26.75}
{"id": "discounts_000793", "topic": "discounts", "subtopic": "threshold", "prompt": "Threshold coupon applies: $5 off $40+ spend. Cart: $36.97, $24.04. About how much do you pay?", "split": "test", "exact_value": 56.01}
{"id": "discounts_000794", "topic": "discounts", "subtopic": "bogo", "prompt": "BOGO sale (buy one, get one free; free item is the cheaper one in each pair). Items: $20.66, $18.86, $16.95, $5.63. About how much do you pay?", "split": "test", "exact_value": 37.61}
{"id": "discounts_000795", "topic": "discounts", "subtopic": "stacked", "prompt": "Stacked deal: 20% off, then $5 coupon if you spend $30 or more. Cart: $12.60, $34.22, $27.06, $28.10, $4.79, $21.39. About how much do you pay?", "split": "test", "exact_value": 97.53}
{"id": "discounts_000796", "topic": "discounts", "subtopic": "stacked", "prompt": "Stacked deal: 20% off, then $10 coupon if you spend $40 or more. Cart: $32.47, $35.38, $33.34, $11.22, $19.44, $19.75. About how much do you pay?", "split": "test", "exact_value": 111.28}
{"id": "discounts_000797", "topic": "discounts", "subtopic": "buy_n_get_m", "prompt": "Buy 3 get 2 free on items priced $4.13 each. You take 5 total. About how much do you pay?", "split": "test", "exact_value": 12.39}
{"id": "discounts_000798", "topic": "discounts", "subtopic": "percent", "prompt": "Cart: $45.81, $33.34, $5.18, $38.86. A 20% discount applies to everything. About how much do you pay?", "split": "test", "exact_value": 98.55}
{"id": "discounts_000799", "topic": "discounts", "subtopic": "bogo", "prompt": "BOGO sale (buy one, get one free; free item is the cheaper one in each pair). Items: $23.40, $23.29, $16.74, $10.13, $2.97. About how much do you pay?", "split": "test", "exact_value": 43.11}
{"id": "discounts_000800", "topic": "discounts", "subtopic": "percent", "prompt": "Cart: $4.18, $10.13. A 15% discount applies to everything. About how much do you pay?", "split": "test", "exact_value": 12.16}
{"id": "discounts_000801", "topic": "discounts", "subtopic": "bogo", "prompt": "BOGO sale (buy one, get one free; free item is the cheaper one in each pair). Items: $9.01, $8.76. About how much do you pay?", "split": "test", "exact_value": 9.01}
{"id": "discounts_000802", "topic": "discounts", "subtopic": "bogo", "prompt": "BOGO sale (buy one, get one free; free item is the cheaper one in each pair). Items: $15.69, $11.49. About how much do you pay?", "split": "test", "exact_value": 15.69}
{"id": "discounts_000803", "topic": "discounts", "subtopic": "bogo", "prompt": "BOGO sale (buy one, get one free; free item is the cheaper one in each pair). Items: $23.07, $19.42, $17.76, $16.24, $13.92, $4.39. About how much do you pay?", "split": "test", "exact_value": 54.75}
{"id": "discounts_000804", "topic": "discounts", "subtopic": "percent", "prompt": "Cart: $49.68, $45.69, $12.32, $12.30, $32.24. A 20% discount applies to everything. About how much do you pay?", "split": "test", "exact_value": 121.78}
{"id": "discounts_000805", "topic": "discounts", "subtopic": "bogo", "prompt": "BOGO sale (buy one, get one free; free item is the cheaper one in each pair). Items: $19.72, $18.56, $18.43, $15.61, $5.87, $5.63. About how much do you pay?", "split": "test", "exact_value": 44.02}
{"id": "discounts_000806", "topic": "discounts", "subtopic": "threshold", "prompt": "Threshold coupon applies: $15 off $40+ spend. Cart: $16.37, $29.88, $38.78. About how much do you pay?", "split": "test", "exact_value": 70.03}
{"id": "discounts_000807", "topic": "discounts", "subtopic": "bogo", "prompt": "BOGO sale (buy one, get one free; free item is the cheaper one in each pair). Items: $17.78, $5.03, $4.98. About how much do you pay?", "split": "test", "exact_value": 22.76}
{"id": "discounts_000808", "topic": "discounts", "subtopic": "threshold", "prompt": "Threshold coupon applies: $5 off $30+ spend. Cart: $29.17, $10.83, $22.79. About how much do you pay?", "split": "test", "exact_value": 57.79}
{"id": "discounts_000809", "topic": "discounts", "subtopic": "buy_n_get_m", "prompt": "Buy 4 get 3 free on items priced $3.85 each. You take 10 total. About how much do you pay?", "split": "test", "exact_value": 26.95}
{"id": "discounts_000810", "topic": "discounts", "subtopic": "buy_n_get_m", "prompt": "Buy 3 get 2 free on items priced $2.96 each. You take 8 total. About how much do you pay?", "split": "test", "exact_value": 17.76}
{"id": "discounts_000811", "topic": "discounts", "subtopic": "percent", "prompt": "Cart: $48.67, $25.06, $7.30, $5.29. A 25% discount applies to everything. About how much do you pay?", "split": "test", "exact_value": 64.74}
{"id": "discounts_000812", "topic": "discounts", "subtopic": "percent", "prompt": "Cart: $21.28, $26.39, $48.09. A 30% discount applies to everything. About how much do you pay?", "split": "test", "exact_value": 67.03}
{"id": "discounts_000813", "topic": "discounts", "subtopic": "bogo", "prompt": "BOGO sale (buy one, get one free; free item is the cheaper one in each pair). Items: $13.04, $10.45, $3.81. About how much do you pay?", "split": "test", "exact_value": 16.85}
{"id": "discounts_000814", "topic": "discounts", "subtopic": "bogo", "prompt": "BOGO sale (buy one, get one free; free item is the cheaper one in each pair). Items: $24.53, $23.87, $16.64, $6.71, $3.83. About how much do you pay?", "split": "test", "exact_value": 45.0}
{"id": "discounts_000815", "topic": "discounts", "subtopic": "stacked", "prompt": "Stacked deal: 20% off, then $10 coupon if you spend $40 or more. Cart: $29.12, $38.65, $21.23, $32.36. About how much do you pay?", "split": "test", "exact_value": 87.09}
{"id": "discounts_000816", "topic": "discounts", "subtopic": "stacked", "prompt": "Stacked deal: 10% off, then $5 coupon if you spend $30 or more. Cart: $31.83, $20.69, $14.99, $30.88, $7.84. About how much do you pay?", "split": "test", "exact_value": 90.61}
{"id": "discounts_000817", "topic": "discounts", "subtopic": "bogo", "prompt": "BOGO sale (buy one, get one free; free item is the cheaper one in each pair). Items: $23.10, $16.41, $13.44. About how much do you pay?", "split": "test", "exact_value": 36.54}
{"id": "discounts_000818", "topic": "discounts", "subtopic": "stacked", "prompt": "Stacked deal: 10% off, then $5 coupon if you spend $50 or more. Cart: $12.38, $8.69, $23.72, $27.79, $30.39. About how much do you pay?", "split": "test", "exact_value": 87.67}
{"id": "discounts_000819", "topic": "discounts", "subtopic": "bogo", "prompt": "BOGO sale (buy one, get one free; free item is the cheaper one in each pair). Items: $20.78, $16.01, $11.01, $10.35. About how much do you pay?", "split": "test", "exact_value": 31.79}
{"id": "discounts_000820", "topic": "discounts", "subtopic": "buy_n_get_m", "prompt": "Buy 5 get 1 free on items priced $2.86 each. You take 9 total. About how much do you pay?", "split": "test", "exact_value": 22.88}
{"id": "discounts_000821", "topic": "discounts", "subtopic": "bogo", "prompt": "BOGO sale (buy one, get one free; free item is the cheaper one in each pair). Items: $21.81, $21.58, $7.24, $4.19, $2.79. About how much do you pay?", "split": "test", "exact_value": 31.84}
{"id": "discounts_000822", "topic": "discounts", "subtopic": "threshold", "prompt": "Threshold coupon applies: $5 off $40+ spend. Cart: $13.92, $33.79, $4.22, $28.07, $12.24. About how much do you pay?", "split": "test", "exact_value": 87.24}
{"id": "discounts_000823", "topic": "discounts", "subtopic": "stacked", "prompt": "Stacked deal: 20% off, then $10 coupon if you spend $30 or more. Cart: $8.48, $35.86, $5.64, $31.66, $9.45. About how much do you pay?", "split": "test", "exact_value": 62.87}
{"id": "discounts_000824", "topic": "discounts", "subtopic": "threshold", "prompt": "Threshold coupon applies: $5 off $50+ spend. Cart: $24.54, $29.91, $27.64. About how much do you pay?", "split": "test", "exact_value": 77.09}
{"id": "discounts_000825", "topic": "discounts", "subtopic": "buy_n_get_m", "prompt": "Buy 4 get 1 free on items priced $6.24 each. You take 7 total. About how much do you pay?", "split": "test", "exact_value": 37.44}
{"id": "discounts_000826", "topic": "discounts", "subtopic": "buy_n_get_m", "prompt": "Buy 3 get 1 free on items priced $3.12 each. You take 4 total. About how much do you pay?", "split": "test", "exact_value": 9.36}
{"id": "discounts_000827", "topic": "discounts", "subtopic": "buy_n_get_m", "prompt": "Buy 5 get 2 free on items priced $2.05 each. You take 8 total. About how much do you pay?", "split": "test", "exact_value": 12.3}
{"id": "discounts_000828", "topic": "discounts", "subtopic": "percent", "prompt": "Cart: $18.50, $15.76, $29.76, $34.50. A 30% discount applies to everything. About how much do you pay?", "split": "test", "exact_value": 68.96}
{"id": "discounts_000829", "topic": "discounts", "subtopic": "threshold", "prompt": "Threshold coupon applies: $5 off $30+ spend. Cart: $25.26, $20.22, $21.87. About how much do you pay?", "split": "test", "exact_value": 62.35}
{"id": "discounts_000830", "topic": "discounts", "subtopic": "threshold", "prompt": "Threshold coupon applies: $10 off $30+ spend. Cart: $33.19, $4.64. About how much do you pay?", "split": "test", "exact_value": 27.83}
{"id": "discounts_000831", "topic": "discounts", "subtopic": "bogo", "prompt": "BOGO sale (buy one, get one free; free item is the cheaper one in each pair). Items: $21.86, $3.16. About how much do you pay?", "split": "test", "exact_value": 21.86}
{"id": "discounts_000832", "topic": "discounts", "subtopic": "threshold", "prompt": "Threshold coupon applies: $10 off $30+ spend. Cart: $8.88, $27.81. About how much do you pay?", "split": "test", "exact_value": 26.69}
{"id": "discounts_000833", "topic": "discounts", "subtopic": "percent", "prompt": "Cart: $29.85, $38.33, $23.20. A 30% discount applies to everything. About how much do you pay?", "split": "test", "exact_value": 63.97}
{"id": "discounts_000834", "topic": "discounts", "subtopic": "threshold", "prompt": "Threshold coupon applies: $5 off $30+ spend. Cart: $23.14, $27.29, $18.61, $24.38, $22.83. About how much do you pay?", "split": "test", "exact_value": 111.25}
{"id": "discounts_000835", "topic": "discounts", "subtopic": "bogo", "prompt": "BOGO sale (buy one, get one free; free item is the cheaper one in each pair). Items: $19.60, $15.64, $13.02, $12.86, $3.37. About how much do you pay?", "split": "test", "exact_value": 35.99}
{"id": "discounts_000836", "topic": "discounts", "subtopic": "bogo", "prompt": "BOGO sale (buy one, get one free; free item is the cheaper one in each pair). Items: $24.03, $17.83, $17.35, $16.81, $2.16. About how much do you pay?", "split": "test", "exact_value": 43.54}
{"id": "discounts_000837", "topic": "discounts", "subtopic": "stacked", "prompt": "Stacked deal: 20% off, then $10 coupon if you spend $50 or more. Cart: $26.99, $18.54, $11.77, $26.57, $10.69, $26.34. About how much do you pay?", "split": "test", "exact_value": 86.72}
{"id": "discounts_000838", "topic": "discounts", "subtopic": "bogo", "prompt": "BOGO sale (buy one, get one free; free item is the cheaper one in each pair). Items: $16.29, $15.65. About how much do you pay?", "split": "test", "exact_value": 16.29}
{"id": "discounts_000839", "topic": "discounts", "subtopic": "threshold", "prompt": "Threshold coupon applies: $5 off $40+ spend. Cart: $15.11, $5.10, $22.44, $30.09. About how much do you pay?", "split": "test", "exact_value": 67.74}
{"id": "discounts_000840", "topic": "discounts", "subtopic": "bogo", "prompt": "BOGO sale (buy one, get one free; free item is the cheaper one in each pair). Items: $5.22, $4.89. About how much do you pay?", "split": "test", "exact_value": 5.22}
{"id": "discounts_000841", "topic": "discounts", "subtopic": "stacked", "prompt": "Stacked deal: 15% off, then $10 coupon if you spend $40 or more. Cart: $16.01, $3.86, $15.91. About how much do you pay?", "split": "test", "exact_value": 30.41}
{"id": "discounts_000842", "topic": "discounts", "subtopic": "stacked", "prompt": "Stacked deal: 15% off, then $10 coupon if you spend $40 or more. Cart: $32.57, $13.50, $3.24, $4.84, $8.18, $38.81. About how much do you pay?", "split": "test", "exact_value": 75.97}
{"id": "discounts_000843", "topic": "discounts", "subtopic": "buy_n_get_m", "prompt": "Buy 4 get 2 free on items priced $5.03 each. You take 9 total. About how much do you pay?", "split": "test", "exact_value": 35.21}
{"id": "discounts_000844", "topic": "discounts", "subtopic": "buy_n_get_m", "prompt": "Buy 5 get 2 free on items priced $5.21 each. You take 11 total. About how much do you pay?", "split": "test", "exact_value": 46.89}
{"id": "discounts_000845", "topic": "discounts", "subtopic": "percent", "prompt": "Cart: $41.35, $21.12, $19.33, $35.45, $4.58. A 20% discount applies to everything. About how much do you pay?", "split": "test", "exact_value": 97.46}
{"id": "discounts_000846", "topic": "discounts", "subtopic": "percent", "prompt": "Cart: $22.11, $19.58. A 15% discount applies to everything. About how much do you pay?", "split": "test", "exact_value": 35.44}
{"id": "discounts_000847", "topic": "discounts", "subtopic": "threshold", "prompt": "Threshold coupon applies: $15 off $50+ spend. Cart: $5.34, $30.60, $39.09. About how much do you pay?", "split": "test", "exact_value": 60.03}
{"id": "discounts_000848", "topic": "discounts", "subtopic": "bogo", "prompt": "BOGO sale (buy one, get one free; free item is the cheaper one in each pair). Items: $16.77, $16.41, $11.86, $4.72, $4.07. About how much do you pay?", "split": "test", "exact_value": 32.7}
{"id": "discounts_000849", "topic": "discounts", "subtopic": "threshold", "prompt": "Threshold coupon applies: $15 off $50+ spend. Cart: $15.55, $5.77, $17.34. About how much do you pay?", "split": "test", "exact_value": 38.66}
{"id": "discounts_000850", "topic": "discounts", "subtopic": "percent", "prompt": "Cart: $20.29, $8.17, $27.85. A 25% discount applies to everything. About how much do you pay?", "split": "test", "exact_value": 42.23}
{"id": "discounts_000851", "topic": "discounts", "subtopic": "threshold", "prompt": "Threshold coupon applies: $15 off $40+ spend. Cart: $19.35, $12.44, $6.81. About how much do you pay?", "split": "test", "exact_value": 38.6}
{"id": "discounts_000852", "topic": "discounts", "subtopic": "buy_n_get_m", "prompt": "Buy 5 get 3 free on items priced $7.45 each. You take 13 total. About how much do you pay?", "split": "test", "exact_value": 74.5}
{"id": "discounts_000853", "topic": "discounts", "subtopic": "stacked", "prompt": "Stacked deal: 15% off, then $5 coupon if you spend $50 or more. Cart: $15.89, $13.41, $27.32, $12.17, $38.97, $30.88. About how much do you pay?", "split": "test", "exact_value": 112.84}
{"id": "discounts_000854", "topic": "discounts", "subtopic": "buy_n_get_m", "prompt": "Buy 3 get 2 free on items priced $6.10 each. You take 9 total. About how much do you pay?", "split": "test", "exact_value": 36.6}
{"id": "discounts_000855", "topic": "discounts", "subtopic": "percent", "prompt": "Cart: $29.75, $31.35, $14.49, $31.54, $42.18. A 20% discount applies to everything. About how much do you pay?", "split": "test", "exact_value": 119.45}
{"id": "discounts_000856", "topic": "discounts", "subtopic": "buy_n_get_m", "prompt": "Buy 4 get 1 free on items priced $5.25 each. You take 9 total. About how much do you pay?", "split": "test", "exact_value": 42.0}
{"id": "discounts_000857", "topic": "discounts", "subtopic": "buy_n_get_m", "prompt": "Buy 4 get 1 free on items priced $7.19 each. You take 9 total. About how much do you pay?", "split": "test", "exact_value": 57.52}
{"id": "discounts_000858", "topic": "discounts", "subtopic": "stacked", "prompt": "Stacked deal: 20% off, then $10 coupon if you spend $50 or more. Cart: $8.40, $4.76, $15.13, $18.53. About how much do you pay?", "split": "test", "exact_value": 37.46}
{"id": "discounts_000859", "topic": "discounts", "subtopic": "bogo", "prompt": "BOGO sale (buy one, get one free; free item is the cheaper one in each pair). Items: $21.66, $19.60, $17.21, $14.02, $13.77, $7.83. About how much do you pay?", "split": "test", "exact_value": 52.64}
{"id": "discounts_000860", "topic": "discounts", "subtopic": "bogo", "prompt": "BOGO sale (buy one, get one free; free item is the cheaper one in each pair). Items: $22.50, $3.92, $1.68. About how much do you pay?", "split": "test", "exact_value": 24.18}
{"id": "discounts_000861", "topic": "discounts", "subtopic": "stacked", "prompt": "Stacked deal: 20% off, then $5 coupon if you spend $40 or more. Cart: $7.77, $28.57, $7.25, $20.70, $4.59, $15.08. About how much do you pay?", "split": "test", "exact_value": 62.17}
{"id": "discounts_000862", "topic": "discounts", "subtopic": "buy_n_get_m", "prompt": "Buy 4 get 2 free on items priced $5.59 each. You take 8 total. About how much do you pay?", "split": "test", "exact_value": 33.54}
{"id": "discounts_000863", "topic": "discounts", "subtopic": "threshold", "prompt": "Threshold coupon applies: $10 off $25+ spend. Cart: $34.92, $8.51, $12.79. About how much do you pay?", "split": "test", "exact_value": 46.22}
{"id": "discounts_000864", "topic": "discounts", "subtopic": "buy_n_get_m", "prompt": "Buy 4 get 2 free on items priced $5.17 each. You take 6 total. About how much do you pay?", "split": "test", "exact_value": 20.68}
{"id": "discounts_000865", "topic": "discounts", "subtopic": "bogo", "prompt": "BOGO sale (buy one, get one free; free item is the cheaper one in each pair). Items: $22.58, $22.04, $6.74, $4.00, $2.77, $2.13. About how much do you pay?", "split": "test", "exact_value": 32.09}
{"id": "discounts_000866", "topic": "discounts", "subtopic": "percent", "prompt": "Cart: $37.48, $24.68, $43.34. A 20% discount applies to everything. About how much do you pay?", "split": "test", "exact_value": 84.4}
{"id": "discounts_000867", "topic": "discounts", "subtopic": "stacked", "prompt": "Stacked deal: 15% off, then $5 coupon if you spend $30 or more. Cart: $10.03, $24.54, $26.23, $34.05, $38.65, $23.54. About how much do you pay?", "split": "test", "exact_value": 128.48}
{"id": "discounts_000868", "topic": "discounts", "subtopic": "percent", "prompt": "Cart: $36.16, $28.96, $11.88, $35.69. A 25% discount applies to everything. About how much do you pay?", "split": "test", "exact_value": 84.52}
{"id": "discounts_000869", "topic": "discounts", "subtopic": "threshold", "prompt": "Threshold coupon applies: $5 off $40+ spend. Cart: $7.04, $12.01, $23.50. About how much do you pay?", "split": "test", "exact_value": 37.55}
{"id": "discounts_000870", "topic": "discounts", "subtopic": "bogo", "prompt": "BOGO sale (buy one, get one free; free item is the cheaper one in each pair). Items: $23.41, $22.41, $11.06, $5.97. About how much do you pay?", "split": "test", "exact_value": 34.47}
{"id": "discounts_000871", "topic": "discounts", "subtopic": "bogo", "prompt": "BOGO sale (buy one, get one free; free item is the cheaper one in each pair). Items: $21.65, $6.07. About how much do you pay?", "split": "test", "exact_value": 21.65}
{"id": "discounts_000872", "topic": "discounts", "subtopic": "threshold", "prompt": "Threshold coupon applies: $15 off $30+ spend. Cart: $10.58, $18.63, $27.61, $4.66. About how much do you pay?", "split": "test", "exact_value": 46.48}
{"id": "discounts_000873", "topic": "discounts", "subtopic": "threshold", "prompt": "Threshold coupon applies: $5 off $25+ spend. Cart: $22.15, $28.94, $32.83, $18.25, $33.57. About how much do you pay?", "split": "test", "exact_value": 130.74}
{"id": "discounts_000874", "topic": "discounts", "subtopic": "stacked", "prompt": "Stacked deal: 10% off, then $5 coupon if you spend $30 or more. Cart: $29.29, $36.19, $24.05, $13.37, $30.86. About how much do you pay?", "split": "test", "exact_value": 115.38}
{"id": "discounts_000875", "topic": "discounts", "subtopic": "threshold", "prompt": "Threshold coupon applies: $5 off $40+ spend. Cart: $36.00, $6.31, $13.48, $39.76, $14.87. About how much do you pay?", "split": "test", "exact_value": 105.42}
{"id": "discounts_000876", "topic": "discounts", "subtopic": "bogo", "prompt": "BOGO sale (buy one, get one free; free item is the cheaper one in each pair). Items: $20.09, $14.10, $10.11. About how much do you pay?", "split": "test", "exact_value": 30.2}
{"id": "discounts_000877", "topic": "discounts", "subtopic": "percent", "prompt": "Cart: $10.60, $29.27, $47.37. A 25% discount applies to everything. About how much do you pay?", "split": "test", "exact_value": 65.43}
{"id": "discounts_000878", "topic": "discounts", "subtopic": "threshold", "prompt": "Threshold coupon applies: $5 off $30+ spend. Cart: $10.51, $31.05, $30.26, $31.13. About how much do you pay?", "split": "test", "exact_value": 97.95}
{"id": "discounts_000879", "topic": "discounts", "subtopic": "bogo", "prompt": "BOGO sale (buy one, get one free; free item is the cheaper one in each pair). Items: $20.13, $13.72, $5.09. About how much do you pay?", "split": "test", "exact_value": 25.22}
{"id": "discounts_000880", "topic": "discounts", "subtopic": "percent", "prompt": "Cart: $3.75, $18.51, $29.95. A 10% discount applies to everything. About how much do you pay?", "split": "test", "exact_value": 46.99}
{"id": "discounts_000881", "topic": "discounts", "subtopic": "bogo", "prompt": "BOGO sale (buy one, get one free; free item is the cheaper one in each pair). Items: $22.12, $6.89, $6.65. About how much do you pay?", "split": "test", "exact_value": 28.77}
{"id": "discounts_000882", "topic": "discounts", "subtopic": "buy_n_get_m", "prompt": "Buy 4 get 1 free on items priced $4.14 each. You take 10 total. About how much do you pay?", "split": "test", "exact_value": 33.12}
{"id": "discounts_000883", "topic": "discounts", "subtopic": "percent", "prompt": "Cart: $39.81, $20.15, $41.33, $23.55, $23.05. A 25% discount applies to everything. About how much do you pay?", "split": "test", "exact_value": 110.92}
{"id": "discounts_000884", "topic": "discounts", "subtopic": "stacked", "prompt": "Stacked deal: 15% off, then $5 coupon if you spend $30 or more. Cart: $30.77, $14.65, $36.24, $5.09, $13.28. About how much do you pay?", "split": "test", "exact_value": 80.03}
{"id": "discounts_000885", "topic": "discounts", "subtopic": "percent", "prompt": "Cart: $45.77, $37.52, $29.13. A 20% discount applies to everything. About how much do you pay?", "split": "test", "exact_value": 89.94}
{"id": "discounts_000886", "topic": "discounts", "subtopic": "threshold", "prompt": "Threshold coupon applies: $5 off $30+ spend. Cart: $12.45, $11.79, $29.79. About how much do you pay?", "split": "test", "exact_value": 49.03}
{"id": "discounts_000887", "topic": "discounts", "subtopic": "bogo", "prompt": "BOGO sale (buy one, get one free; free item is the cheaper one in each pair). Items: $24.98, $24.34, $18.91, $15.16, $8.45, $3.09. About how much do you pay?", "split": "test", "exact_value": 52.34}
{"id": "discounts_000888", "topic": "discounts", "subtopic": "percent", "prompt": "Cart: $24.34, $10.65. A 15% discount applies to everything. About how much do you pay?", "split": "test", "exact_value": 29.74}
{"id": "discounts_000889", "topic": "discounts", "subtopic": "bogo", "prompt": "BOGO sale (buy one, get one free; free item is the cheaper one in each pair). Items: $22.14, $11.81, $10.26, $2.71. About how much do you pay?", "split": "test", "exact_value": 32.4}
{"id": "discounts_000890", "topic": "discounts", "subtopic": "threshold", "prompt": "Threshold coupon applies: $15 off $50+ spend. Cart: $27.77, $23.66, $30.26, $38.49. About how much do you pay?", "split": "test", "exact_value": 105.18}
{"id": "discounts_000891", "topic": "discounts", "subtopic": "threshold", "prompt": "Threshold coupon applies: $10 off $30+ spend. Cart: $33.68, $18.89, $26.39, $33.96. About how much do you pay?", "split": "test", "exact_value": 102.92}
{"id": "discounts_000892", "topic": "discounts", "subtopic": "percent", "prompt": "Cart: $19.90, $28.45, $28.22, $46.25, $10.23. A 25% discount applies to everything. About how much do you pay?", "split": "test", "exact_value": 99.79}
{"id": "discounts_000893", "topic": "discounts", "subtopic": "bogo", "prompt": "BOGO sale (buy one, get one free; free item is the cheaper one in each pair). Items: $23.37, $13.38, $8.93, $5.72. About how much do you pay?", "split": "test", "exact_value": 32.3}
{"id": "discounts_000894", "topic": "discounts", "subtopic": "percent", "prompt": "Cart: $21.10, $38.63, $16.23, $14.96. A 30% discount applies to everything. About how much do you pay?", "split": "test", "exact_value": 63.64}
{"id": "discounts_000895", "topic": "discounts", "subtopic": "bogo", "prompt": "BOGO sale (buy one, get one free; free item is the cheaper one in each pair). Items: $16.23, $12.90, $12.10. About how much do you pay?", "split": "test", "exact_value": 28.33}
{"id": "discounts_000896", "topic": "discounts", "subtopic": "percent", "prompt": "Cart: $7.68, $6.96, $49.02. A 10% discount applies to everything. About how much do you pay?", "split": "test", "exact_value": 57.29}
{"id": "discounts_000897", "topic": "discounts", "subtopic": "stacked", "prompt": "Stacked deal: 20% off, then $5 coupon if you spend $50 or more. Cart: $38.73, $4.54, $28.77, $39.34, $23.44, $32.86. About how much do you pay?", "split": "test", "exact_value": 129.14}
{"id": "discounts_000898", "topic": "discounts", "subtopic": "percent", "prompt": "Cart: $43.18, $43.55, $25.77, $35.59, $40.49. A 15% discount applies to everything. About how much do you pay?", "split": "test", "exact_value": 160.29}
{"id": "discounts_000899", "topic": "discounts", "subtopic": "stacked", "prompt": "Stacked deal: 15% off, then $10 coupon if you spend $30 or more. Cart: $16.03, $24.74, $25.91, $12.31. About how much do you pay?", "split": "test", "exact_value": 57.14}
{"id": "discounts_000900", "topic": "discounts", "subtopic": "percent", "prompt": "Cart: $7.79, $11.24, $45.54, $47.42, $38.17. A 15% discount applies to everything. About how much do you pay?", "split": "test", "exact_value": 127.64}
{"id": "discounts_000901", "topic": "discounts", "subtopic": "bogo", "prompt": "BOGO sale (buy one, get one free; free item is the cheaper one in each pair). Items: $12.17, $10.32, $9.97, $8.29, $5.33, $4.88. About how much do you pay?", "split": "test", "exact_value": 27.47}
{"id": "discounts_000902", "topic": "discounts", "subtopic": "threshold", "prompt": "Threshold coupon applies: $5 off $30+ spend. Cart: $28.65, $13.37, $35.64, $17.76. About how much do you pay?", "split": "test", "exact_value": 90.42}
{"id": "discounts_000903", "topic": "discounts", "subtopic": "percent", "prompt": "Cart: $12.50, $16.62, $17.19. A 10% discount applies to everything. About how much do you pay?", "split": "test", "exact_value": 41.68}
{"id": "discounts_000904", "topic": "discounts", "subtopic": "buy_n_get_m", "prompt": "Buy 5 get 2 free on items priced $4.75 each. You take 12 total. About how much do you pay?", "split": "test", "exact_value": 47.5}
{"id": "discounts_000905", "topic": "discounts", "subtopic": "percent", "prompt": "Cart: $24.83, $40.80, $3.48, $20.58. A 25% discount applies to everything. About how much do you pay?", "split": "test", "exact_value": 67.27}
{"id": "discounts_000906", "topic": "discounts", "subtopic": "stacked", "prompt": "Stacked deal: 15% off, then $5 coupon if you spend $50 or more. Cart: $5.63, $31.34, $14.58, $32.15, $19.57. About how much do you pay?", "split": "test", "exact_value": 82.78}
{"id": "discounts_000907", "topic": "discounts", "subtopic": "threshold", "prompt": "Threshold coupon applies: $10 off $30+ spend. Cart: $26.84, $11.52, $38.10, $25.51, $15.39. About how much do you pay?", "split": "test", "exact_value": 107.36}
{"id": "discounts_000908", "topic": "discounts", "subtopic": "bogo", "prompt": "BOGO sale (buy one, get one free; free item is the cheaper one in each pair). Items: $23.14, $20.17, $12.63, $9.92, $5.25. About how much do you pay?", "split": "test", "exact_value": 41.02}
{"id": "discounts_000909", "topic": "discounts", "subtopic": "bogo", "prompt": "BOGO sale (buy one, get one free; free item is the cheaper one in each pair). Items: $22.31, $11.32. About how much do you pay?", "split": "test", "exact_value": 22.31}
{"id": "discounts_000910", "topic": "discounts", "subtopic": "buy_n_get_m", "prompt": "Buy 3 get 3 free on items priced $5.02 each. You take 7 total. About how much do you pay?", "split": "test", "exact_value": 20.08}
{"id": "discounts_000911", "topic": "discounts", "subtopic": "percent", "prompt": "Cart: $29.91, $46.58, $10.08, $16.42. A 10% discount applies to everything. About how much do you pay?", "split": "test", "exact_value": 92.69}
{"id": "discounts_000912", "topic": "discounts", "subtopic": "buy_n_get_m", "prompt": "Buy 4 get 1 free on items priced $7.50 each. You take 5 total. About how much do you pay?", "split": "test", "exact_value": 30.0}
{"id": "discounts_000913", "topic": "discounts", "subtopic": "bogo", "prompt": "BOGO sale (buy one, get one free; free item is the cheaper one in each pair). Items: $19.29, $17.97, $12.38, $11.73, $10.94, $8.96. About how much do you pay?", "split": "test", "exact_value": 42.61}
{"id": "discounts_000914", "topic": "discounts", "subtopic": "bogo", "prompt": "BOGO sale (buy one, get one free; free item is the cheaper one in each pair). Items: $19.44, $16.12, $8.46, $5.72, $5.54. About how much do you pay?", "split": "test", "exact_value": 33.44}
{"id": "discounts_000915", "topic": "discounts", "subtopic": "threshold", "prompt": "Threshold coupon applies: $5 off $40+ spend. Cart: $6.73, $27.87, $26.44, $4.96, $28.07. About how much do you pay?", "split": "test", "exact_value": 89.07}
{"id": "discounts_000916", "topic": "discounts", "subtopic": "bogo", "prompt": "BOGO sale (buy one, get one free; free item is the cheaper one in each pair). Items: $18.50, $14.14, $6.73. About how much do you pay?", "split": "test", "exact_value": 25.23}
{"id": "discounts_000917", "topic": "discounts", "subtopic": "percent", "prompt": "Cart: $15.80, $28.11. A 15% discount applies to everything. About how much do you pay?", "split": "test", "exact_value": 37.32}
{"id": "discounts_000918", "topic": "discounts", "subtopic": "bogo", "prompt": "BOGO sale (buy one, get one free; free item is the cheaper one in each pair). Items: $20.73, $3.46. About how much do you pay?", "split": "test", "exact_value": 20.73}
{"id": "discounts_000919", "topic": "discounts", "subtopic": "bogo", "prompt": "BOGO sale (buy one, get one free; free item is the cheaper one in each pair). Items: $23.81, $5.55. About how much do you pay?", "split": "test", "exact_value": 23.81}
{"id": "discounts_000920", "topic": "discounts", "subtopic": "percent", "prompt": "Cart: $38.20, $27.02, $45.84, $8.28. A 20% discount applies to everything. About how much do you pay?", "split": "test", "exact_value": 95.47}
{"id": "discounts_000921", "topic": "discounts", "subtopic": "stacked", "prompt": "Stacked deal: 15% off, then $5 coupon if you spend $30 or more. Cart: $35.17, $23.10, $22.81, $39.67. About how much do you pay?", "split": "test", "exact_value": 97.64}
{"id": "discounts_000922", "topic": "discounts", "subtopic": "stacked", "prompt": "Stacked deal: 15% off, then $10 coupon if you spend $40 or more. Cart: $22.63, $12.69, $22.87. About how much do you pay?", "split": "test", "exact_value": 39.46}
{"id": "discounts_000923", "topic": "discounts", "subtopic": "bogo", "prompt": "BOGO sale (buy one, get one free; free item is the cheaper one in each pair). Items: $10.61, $2.49. About how much do you pay?", "split": "test", "exact_value": 10.61}
{"id": "discounts_000924", "topic": "discounts", "subtopic": "stacked", "prompt": "Stacked deal: 15% off, then $10 coupon if you spend $50 or more. Cart: $19.35, $22.39, $12.04, $14.60, $15.10, $30.25. About how much do you pay?", "split": "test", "exact_value": 86.67}
{"id": "discounts_000925", "topic": "discounts", "subtopic": "buy_n_get_m", "prompt": "Buy 4 get 3 free on items priced $7.64 each. You take 11 total. About how much do you pay?", "split": "test", "exact_value": 61.12}
{"id": "discounts_000926", "topic": "discounts", "subtopic": "percent", "prompt": "Cart: $37.03, $13.22, $33.94, $8.24, $9.61. A 25% discount applies to everything. About how much do you pay?", "split": "test", "exact_value": 76.53}
{"id": "discounts_000927", "topic": "discounts", "subtopic": "bogo", "prompt": "BOGO sale (buy one, get one free; free item is the cheaper one in each pair). Items: $8.67, $5.79, $3.25. About how much do you pay?", "split": "test", "exact_value": 11.92}
{"id": "discounts_000928", "topic": "discounts", "subtopic": "percent", "prompt": "Cart: $16.35, $31.74. A 30% discount applies to everything. About how much do you pay?", "split": "test", "exact_value": 33.66}
{"id": "discounts_000929", "topic": "discounts", "subtopic": "bogo", "prompt": "BOGO sale (buy one, get one free; free item is the cheaper one in each pair). Items: $12.90, $8.10. About how much do you pay?", "split": "test", "exact_value": 12.9}
{"id": "discounts_000930", "topic": "discounts", "subtopic": "stacked", "prompt": "Stacked deal: 15% off, then $10 coupon if you spend $50 or more. Cart: $6.32, $34.91, $19.51. About how much do you pay?", "split": "test", "exact_value": 41.63}
{"id": "discounts_000931", "topic": "discounts", "subtopic": "stacked", "prompt": "Stacked deal: 20% off, then $5 coupon if you spend $50 or more. Cart: $27.10, $22.00, $10.36. About how much do you pay?", "split": "test", "exact_value": 47.57}
{"id": "discounts_000932", "topic": "discounts", "subtopic": "percent", "prompt": "Cart: $44.12, $22.84, $3.97. A 15% discount applies to everything. About how much do you pay?", "split": "test", "exact_value": 60.29}
{"id": "discounts_000933", "topic": "discounts", "subtopic": "percent", "prompt": "Cart: $3.24, $46.99. A 15% discount applies to everything. About how much do you pay?", "split": "test", "exact_value": 42.7}
{"id": "discounts_000934", "topic": "discounts", "subtopic": "stacked", "prompt": "Stacked deal: 15% off, then $10 coupon if you spend $30 or more. Cart: $10.15, $17.64, $35.29, $3.13, $26.37. About how much do you pay?", "split": "test", "exact_value": 68.69}
{"id": "discounts_000935", "topic": "discounts", "subtopic": "bogo", "prompt": "BOGO sale (buy one, get one free; free item is the cheaper one in each pair). Items: $23.23, $22.62, $17.68, $14.41, $9.84, $1.53. About how much do you pay?", "split": "test", "exact_value": 50.75}
{"id": "discounts_000936", "topic": "discounts", "subtopic": "stacked", "prompt": "Stacked deal: 15% off, then $10 coupon if you spend $50 or more. Cart: $27.41, $23.88, $25.61, $5.20. About how much do you pay?", "split": "test", "exact_value": 59.79}
{"id": "discounts_000937", "topic": "discounts", "subtopic": "bogo", "prompt": "BOGO sale (buy one, get one free; free item is the cheaper one in each pair). Items: $23.43, $21.65, $19.26, $14.55, $5.66. About how much do you pay?", "split": "test", "exact_value": 48.35}
{"id": "discounts_000938", "topic": "discounts", "subtopic": "bogo", "prompt": "BOGO sale (buy one, get one free; free item is the cheaper one in each pair). Items: $24.04, $20.05, $15.81, $12.86, $10.55, $6.53. About how much do you pay?", "split": "test", "exact_value": 50.4}
{"id": "discounts_000939", "topic": "discounts", "subtopic": "percent", "prompt": "Cart: $32.83, $44.50, $48.27, $45.90. A 25% discount applies to everything. About how much do you pay?", "split": "test", "exact_value": 128.63}
{"id": "discounts_000940", "topic": "discounts", "subtopic": "bogo", "prompt": "BOGO sale (buy one, get one free; free item is the cheaper one in each pair). Items: $24.17, $14.47, $12.18, $7.31, $4.04. About how much do you pay?", "split": "test", "exact_value": 40.39}
{"id": "discounts_000941", "topic": "discounts", "subtopic": "percent", "prompt": "Cart: $10.28, $26.76, $10.36. A 15% discount applies to everything. About how much do you pay?", "split": "test", "exact_value": 40.29}
{"id": "discounts_000942", "topic": "discounts", "subtopic": "stacked", "prompt": "Stacked deal: 15% off, then $10 coupon if you spend $30 or more. Cart: $6.66, $22.99, $21.79, $38.91. About how much do you pay?", "split": "test", "exact_value": 66.8}
{"id": "discounts_000943", "topic": "discounts", "subtopic": "stacked", "prompt": "Stacked deal: 20% off, then $5 coupon if you spend $50 or more. Cart: $22.54, $15.03, $37.69. About how much do you pay?", "split": "test", "exact_value": 55.21}
{"id": "discounts_000944", "topic": "discounts", "subtopic": "threshold", "prompt": "Threshold coupon applies: $5 off $30+ spend. Cart: $21.74, $7.41, $5.55, $31.19, $30.03. About how much do you pay?", "split": "test", "exact_value": 90.92}
{"id": "discounts_000945", "topic": "discounts", "subtopic": "stacked", "prompt": "Stacked deal: 10% off, then $5 coupon if you spend $50 or more. Cart: $34.67, $33.08, $12.14. About how much do you pay?", "split": "test", "exact_value": 66.9}
{"id": "discounts_000946", "topic": "discounts", "subtopic": "threshold", "prompt": "Threshold coupon applies: $15 off $50+ spend. Cart: $38.42, $8.19, $37.05, $29.00, $16.67. About how much do you pay?", "split": "test", "exact_value": 114.33}
{"id": "discounts_000947", "topic": "discounts", "subtopic": "stacked", "prompt": "Stacked deal: 20% off, then $5 coupon if you spend $30 or more. Cart: $23.01, $14.05, $27.44, $9.58. About how much do you pay?", "split": "test", "exact_value": 54.26}
{"id": "discounts_000948", "topic": "discounts", "subtopic": "threshold", "prompt": "Threshold coupon applies: $15 off $40+ spend. Cart: $17.26, $38.31, $18.36, $17.83, $10.14. About how much do you pay?", "split": "test", "exact_value": 86.9}
{"id": "discounts_000949", "topic": "discounts", "subtopic": "percent", "prompt": "Cart: $18.20, $12.58, $31.98. A 30% discount applies to everything. About how much do you pay?", "split": "test", "exact_value": 43.93}
{"id": "discounts_000950", "topic": "discounts", "subtopic": "stacked", "prompt": "Stacked deal: 20% off, then $10 coupon if you spend $30 or more. Cart: $15.70, $11.26, $13.08, $19.09. About how much do you pay?", "split": "test", "exact_value": 37.3}
{"id": "discounts_000951", "topic": "discounts", "subtopic": "buy_n_get_m", "prompt": "Buy 5 get 3 free on items priced $7.25 each. You take 8 total. About how much do you pay?", "split": "test", "exact_value": 36.25}
{"id": "discounts_000952", "topic": "discounts", "subtopic": "threshold", "prompt": "Threshold coupon applies: $5 off $40+ spend. Cart: $26.58, $9.13, $26.21, $19.22. About how much do you pay?", "split": "test", "exact_value": 76.14}
{"id": "discounts_000953", "topic": "discounts", "subtopic": "threshold", "prompt": "Threshold coupon applies: $10 off $50+ spend. Cart: $21.43, $24.24, $23.91, $25.42, $15.04. About how much do you pay?", "split": "test", "exact_value": 100.04}
{"id": "discounts_000954", "topic": "discounts", "subtopic": "stacked", "prompt": "Stacked deal: 10% off, then $10 coupon if you spend $50 or more. Cart: $28.36, $34.46, $13.51, $13.19, $38.27. About how much do you pay?", "split": "test", "exact_value": 105.01}
{"id": "discounts_000955", "topic": "discounts", "subtopic": "percent", "prompt": "Cart: $24.71, $16.57, $24.53, $47.35, $19.13. A 25% discount applies to everything. About how much do you pay?", "split": "test", "exact_value": 99.22}
{"id": "discounts_000956", "topic": "discounts", "subtopic": "stacked", "prompt": "Stacked deal: 10% off, then $10 coupon if you spend $40 or more. Cart: $39.89, $13.83, $24.61. About how much do you pay?", "split": "test", "exact_value": 60.5}
{"id": "discounts_000957", "topic": "discounts", "subtopic": "buy_n_get_m", "prompt": "Buy 5 get 1 free on items priced $1.55 each. You take 11 total. About how much do you pay?", "split": "test", "exact_value": 15.5}
{"id": "discounts_000958", "topic": "discounts", "subtopic": "stacked", "prompt": "Stacked deal: 10% off, then $5 coupon if you spend $40 or more. Cart: $35.40, $15.08, $9.31, $33.91, $39.49, $9.06. About how much do you pay?", "split": "test", "exact_value": 123.03}
{"id": "discounts_000959", "topic": "discounts", "subtopic": "threshold", "prompt": "Threshold coupon applies: $10 off $40+ spend. Cart: $14.43, $25.66, $6.19, $34.23, $10.44. About how much do you pay?", "split": "test", "exact_value": 80.95}
{"id": "discounts_000960", "topic": "discounts", "subtopic": "stacked", "prompt": "Stacked deal: 20% off, then $5 coupon if you spend $50 or more. Cart: $31.49, $3.01, $35.45. About how much do you pay?", "split": "test", "exact_value": 50.96}
{"id": "discounts_000961", "topic": "discounts", "subtopic": "percent", "prompt": "Cart: $25.67, $34.33, $28.41, $14.13. A 30% discount applies to everything. About how much do you pay?", "split": "test", "exact_value": 71.78}
{"id": "discounts_000962", "topic": "discounts", "subtopic": "threshold", "prompt": "Threshold coupon applies: $5 off $30+ spend. Cart: $33.99, $30.76, $7.81, $16.50. About how much do you pay?", "split": "test", "exact_value": 84.06}
{"id": "discounts_000963", "topic": "discounts", "subtopic": "bogo", "prompt": "BOGO sale (buy one, get one free; free item is the cheaper one in each pair). Items: $23.00, $20.02, $17.46, $6.49, $2.60. About how much do you pay?", "split": "test", "exact_value": 43.06}
{"id": "discounts_000964", "topic": "discounts", "subtopic": "threshold", "prompt": "Threshold coupon applies: $10 off $40+ spend. Cart: $7.66, $35.98, $32.02, $16.80, $11.31. About how much do you pay?", "split": "test", "exact_value": 93.77}
{"id": "discounts_000965", "topic": "discounts", "subtopic": "buy_n_get_m", "prompt": "Buy 4 get 3 free on items priced $2.12 each. You take 10 total. About how much do you pay?", "split": "test", "exact_value": 14.84}
{"id": "discounts_000966", "topic": "discounts", "subtopic": "threshold", "prompt": "Threshold coupon applies: $15 off $25+ spend. Cart: $19.54, $24.49, $22.09, $21.26. About how much do you pay?", "split": "test", "exact_value": 72.38}
{"id": "discounts_000967", "topic": "discounts", "subtopic": "percent", "prompt": "Cart: $10.60, $44.26, $40.76, $4.46, $32.65. A 15% discount applies to everything. About how much do you pay?", "split": "test", "exact_value": 112.82}
{"id": "discounts_000968", "topic": "discounts", "subtopic": "threshold", "prompt": "Threshold coupon applies: $10 off $40+ spend. Cart: $35.98, $8.41, $12.30, $37.07. About how much do you pay?", "split": "test", "exact_value": 83.76}
{"id": "discounts_000969", "topic": "discounts", "subtopic": "bogo", "prompt": "BOGO sale (buy one, get one free; free item is the cheaper one in each pair). Items: $23.93, $17.12, $15.48, $14.62, $12.86, $2.51. About how much do you pay?", "split": "test", "exact_value": 52.27}
{"id": "discounts_000970", "topic": "discounts", "subtopic": "threshold", "prompt": "Threshold coupon applies: $5 off $30+ spend. Cart: $9.92, $37.83, $17.59, $32.34. About how much do you pay?", "split": "test", "exact_value": 92.68}
{"id": "discounts_000971", "topic": "discounts", "subtopic": "buy_n_get_m", "prompt": "Buy 5 get 3 free on items priced $7.41 each. You take 14 total. About how much do you pay?", "split": "test", "exact_value": 74.1}
{"id": "discounts_000972", "topic": "discounts", "subtopic": "threshold", "prompt": "Threshold coupon applies: $5 off $30+ spend. Cart: $15.35, $19.31, $10.41. About how much do you pay?", "split": "test", "exact_value": 40.07}
{"id": "discounts_000973", "topic": "discounts", "subtopic": "stacked", "prompt": "Stacked deal: 20% off, then $10 coupon if you spend $40 or more. Cart: $15.27, $10.96, $26.49. About how much do you pay?", "split": "test", "exact_value": 32.18}
{"id": "discounts_000974", "topic": "discounts", "subtopic": "percent", "prompt": "Cart: $26.44, $25.57, $21.26, $28.43. A 20% discount applies to everything. About how much do you pay?", "split": "test", "exact_value": 81.36}
{"id": "discounts_000975", "topic": "discounts", "subtopic": "buy_n_get_m", "prompt": "Buy 5 get 2 free on items priced $5.37 each. You take 12 total. About how much do you pay?", "split": "test", "exact_value": 53.7}
{"id": "discounts_000976", "topic": "discounts", "subtopic": "bogo", "prompt": "BOGO sale (buy one, get one free; free item is the cheaper one in each pair). Items: $21.42, $20.71. About how much do you pay?", "split": "test", "exact_value": 21.42}
{"id": "discounts_000977", "topic": "discounts", "subtopic": "stacked", "prompt": "Stacked deal: 15% off, then $10 coupon if you spend $50 or more. Cart: $14.55, $21.09, $6.02, $8.07. About how much do you pay?", "split": "test", "exact_value": 42.27}
{"id": "discounts_000978", "topic": "discounts", "subtopic": "bogo", "prompt": "BOGO sale (buy one, get one free; free item is the cheaper one in each pair). Items: $20.97, $5.40. About how much do you pay?", "split": "test", "exact_value": 20.97}
{"id": "discounts_000979", "topic": "discounts", "subtopic": "stacked", "prompt": "Stacked deal: 10% off, then $5 coupon if you spend $30 or more. Cart: $3.11, $12.21, $7.72. About how much do you pay?", "split": "test", "exact_value": 20.74}
{"id": "discounts_000980", "topic": "discounts", "subtopic": "threshold", "prompt": "Threshold coupon applies: $10 off $50+ spend. Cart: $37.22, $27.03, $26.79. About how much do you pay?", "split": "test", "exact_value": 81.04}
{"id": "discounts_000981", "topic": "discounts", "subtopic": "bogo", "prompt": "BOGO sale (buy one, get one free; free item is the cheaper one in each pair). Items: $19.64, $14.31, $14.09, $9.63, $7.28. About how much do you pay?", "split": "test", "exact_value": 41.01}
{"id": "discounts_000982", "topic": "discounts", "subtopic": "buy_n_get_m", "prompt": "Buy 4 get 3 free on items priced $6.12 each. You take 12 total. About how much do you pay?", "split": "test", "exact_value": 48.96}
{"id": "discounts_000983", "topic": "discounts", "subtopic": "bogo", "prompt": "BOGO sale (buy one, get one free; free item is the cheaper one in each pair). Items: $17.50, $15.22, $8.66. About how much do you pay?", "split": "test", "exact_value": 26.16}
{"id": "discounts_000984", "topic": "discounts", "subtopic": "buy_n_get_m", "prompt": "Buy 4 get 1 free on items priced $2.40 each. You take 8 total. About how much do you pay?", "split": "test", "exact_value": 16.8}
{"id": "discounts_000985", "topic": "discounts", "subtopic": "percent", "prompt": "Cart: $25.98, $31.89, $24.08, $5.56. A 10% discount applies to everything. About how much do you pay?", "split": "test", "exact_value": 78.76}
{"id": "discounts_000986", "topic": "discounts", "subtopic": "stacked", "prompt": "Stacked deal: 15% off, then $10 coupon if you spend $40 or more. Cart: $16.43, $25.16, $12.55. About how much do you pay?", "split": "test", "exact_value": 36.02}
{"id": "discounts_000987", "topic": "discounts", "subtopic": "threshold", "prompt": "Threshold coupon applies: $10 off $30+ spend. Cart: $31.52, $26.98, $16.83. About how much do you pay?", "split": "test", "exact_value": 65.33}
{"id": "discounts_000988", "topic": "discounts", "subtopic": "threshold", "prompt": "Threshold coupon applies: $15 off $40+ spend. Cart: $8.03, $32.41, $20.59, $16.82. About how much do you pay?", "split": "test", "exact_value": 62.85}
{"id": "discounts_000989", "topic": "discounts", "subtopic": "stacked", "prompt": "Stacked deal: 20% off, then $5 coupon if you spend $30 or more. Cart: $10.37, $13.70, $36.34, $10.51, $15.32, $21.06. About how much do you pay?", "split": "test", "exact_value": 80.84}
{"id": "discounts_000990", "topic": "discounts", "subtopic": "bogo", "prompt": "BOGO sale (buy one, get one free; free item is the cheaper one in each pair). Items: $13.94, $11.39. About how much do you pay?", "split": "test", "exact_value": 13.94}
{"id": "discounts_000991", "topic": "discounts", "subtopic": "percent", "prompt": "Cart: $14.25, $33.27, $46.16. A 15% discount applies to everything. About how much do you pay?", "split": "test", "exact_value": 79.63}
{"id": "discounts_000992", "topic": "discounts", "subtopic": "threshold", "prompt": "Threshold coupon applies: $15 off $30+ spend. Cart: $22.46, $22.21. About how much do you pay?", "split": "test", "exact_value": 29.67}
{"id": "discounts_000993", "topic": "discounts", "subtopic": "percent", "prompt": "Cart: $40.33, $25.55, $25.33, $3.44. A 30% discount applies to everything. About how much do you pay?", "split": "test", "exact_value": 66.26}
{"id": "discounts_000994", "topic": "discounts", "subtopic": "threshold", "prompt": "Threshold coupon applies: $15 off $50+ spend. Cart: $15.36, $6.24, $10.53. About how much do you pay?", "split": "test", "exact_value": 32.13}
{"id": "discounts_000995", "topic": "discounts", "subtopic": "buy_n_get_m", "prompt": "Buy 5 get 1 free on items priced $4.15 each. You take 8 total. About how much do you pay?", "split": "test", "exact_value": 29.05}
{"id": "discounts_000996", "topic": "discounts", "subtopic": "bogo", "prompt": "BOGO sale (buy one, get one free; free item is the cheaper one in each pair). Items: $21.78, $20.58, $19.92, $13.52, $2.67. About how much do you pay?", "split": "test", "exact_value": 44.37}
{"id": "discounts_000997", "topic": "discounts", "subtopic": "buy_n_get_m", "prompt": "Buy 4 get 1 free on items priced $4.25 each. You take 7 total. About how much do you pay?", "split": "test", "exact_value": 25.5}
{"id": "discounts_000998", "topic": "discounts", "subtopic": "buy_n_get_m", "prompt": "Buy 4 get 1 free on items priced $7.14 each. You take 10 total. About how much do you pay?", "split": "test", "exact_value": 57.12}
{"id": "discounts_000999", "topic": "discounts", "subtopic": "threshold", "prompt": "Threshold coupon applies: $5 off $40+ spend. Cart: $30.71, $37.60, $25.32, $18.30, $37.55. About how much do you pay?", "split": "test", "exact_value": 144.48}
{"id": "discounts_001000", "topic": "discounts", "subtopic": "bogo", "prompt": "BOGO sale (buy one, get one free; free item is the cheaper one in each pair). Items: $20.15, $15.70, $10.33, $7.53, $4.70. About how much do you pay?", "split": "test", "exact_value": 35.18}
{"id": "discounts_001001", "topic": "discounts", "subtopic": "buy_n_get_m", "prompt": "Buy 4 get 1 free on items priced $7.81 each. You take 9 total. About how much do you pay?", "split": "test", "exact_value": 62.48}
{"id": "discounts_001002", "topic": "discounts", "subtopic": "stacked", "prompt": "Stacked deal: 20% off, then $10 coupon if you spend $40 or more. Cart: $28.50, $7.14, $22.68. About how much do you pay?", "split": "test", "exact_value": 36.66}
{"id": "discounts_001003", "topic": "discounts", "subtopic": "bogo", "prompt": "BOGO sale (buy one, get one free; free item is the cheaper one in each pair). Items: $22.78, $21.06, $17.56, $9.49, $3.73, $1.89. About how much do you pay?", "split": "test", "exact_value": 44.07}
{"id": "discounts_001004", "topic": "discounts", "subtopic": "percent", "prompt": "Cart: $34.18, $16.64, $16.50, $33.57, $21.31. A 30% discount applies to everything. About how much do you pay?", "split": "test", "exact_value": 85.54}
{"id": "discounts_001005", "topic": "discounts", "subtopic": "stacked", "prompt": "Stacked deal: 15% off, then $5 coupon if you spend $40 or more. Cart: $25.90, $37.74, $34.05, $25.75, $19.93. About how much do you pay?", "split": "test", "exact_value": 116.86}
{"id": "discounts_001006", "topic": "discounts", "subtopic": "stacked", "prompt": "Stacked deal: 20% off, then $5 coupon if you spend $30 or more. Cart: $33.47, $35.91, $15.15, $29.26, $15.89. About how much do you pay?", "split": "test", "exact_value": 98.74}
{"id": "discounts_001007", "topic": "discounts", "subtopic": "stacked", "prompt": "Stacked deal: 15% off, then $5 coupon if you spend $50 or more. Cart: $9.62, $5.63, $30.56. About how much do you pay?", "split": "test", "exact_value": 38.94}
{"id": "discounts_001008", "topic": "discounts", "subtopic": "bogo", "prompt": "BOGO sale (buy one, get one free; free item is the cheaper one in each pair). Items: $21.70, $15.79, $13.92, $5.90. About how much do you pay?", "split": "test", "exact_value": 35.62}
{"id": "discounts_001009", "topic": "discounts", "subtopic": "percent", "prompt": "Cart: $3.67, $18.41, $30.28, $17.05, $48.37. A 20% discount applies to everything. About how much do you pay?", "split": "test", "exact_value": 94.22}
{"id": "discounts_001010", "topic": "discounts", "subtopic": "percent", "prompt": "Cart: $40.35, $12.68, $26.32, $44.06. A 30% discount applies to everything. About how much do you pay?", "split": "test", "exact_value": 86.39}
{"id": "discounts_001011", "topic": "discounts", "subtopic": "threshold", "prompt": "Threshold coupon applies: $5 off $25+ spend. Cart: $6.98, $30.13. About how much do you pay?", "split": "test", "exact_value": 32.11}
{"id": "discounts_001012", "topic": "discounts", "subtopic": "stacked", "prompt": "Stacked deal: 15% off, then $5 coupon if you spend $50 or more. Cart: $30.81, $34.40, $7.21, $6.02, $12.08. About how much do you pay?", "split": "test", "exact_value": 71.94}
{"id": "discounts_001013", "topic": "discounts", "subtopic": "buy_n_get_m", "prompt": "Buy 4 get 3 free on items priced $7.63 each. You take 7 total. About how much do you pay?", "split": "test", "exact_value": 30.52}
{"id": "discounts_001014", "topic": "discounts", "subtopic": "percent", "prompt": "Cart: $42.16, $23.92, $30.11. A 20% discount applies to everything. About how much do you pay?", "split": "test", "exact_value": 76.95}
{"id": "discounts_001015", "topic": "discounts", "subtopic": "buy_n_get_m", "prompt": "Buy 4 get 2 free on items priced $2.45 each. You take 10 total. About how much do you pay?", "split": "test", "exact_value": 19.6}
{"id": "discounts_001016", "topic": "discounts", "subtopic": "bogo", "prompt": "BOGO sale (buy one, get one free; free item is the cheaper one in each pair). Items: $20.83, $16.25, $10.27. About how much do you pay?", "split": "test", "exact_value": 31.1}
{"id": "discounts_001017", "topic": "discounts", "subtopic": "buy_n_get_m", "prompt": "Buy 5 get 1 free on items priced $6.33 each. You take 12 total. About how much do you pay?", "split": "test", "exact_value": 63.3}
{"id": "discounts_001018", "topic": "discounts", "subtopic": "threshold", "prompt": "Threshold coupon applies: $5 off $30+ spend. Cart: $31.67, $28.07. About how much do you pay?", "split": "test", "exact_value": 54.74}
{"id": "discounts_001019", "topic": "discounts", "subtopic": "threshold", "prompt": "Threshold coupon applies: $15 off $30+ spend. Cart: $30.85, $8.37. About how much do you pay?", "split": "test", "exact_value": 24.22}
{"id": "discounts_001020", "topic": "discounts", "subtopic": "percent", "prompt": "Cart: $14.68, $43.30. A 15% discount applies to everything. About how much do you pay?", "split": "test", "exact_value": 49.28}
{"id": "discounts_001021", "topic": "discounts", "subtopic": "stacked", "prompt": "Stacked deal: 10% off, then $10 coupon if you spend $50 or more. Cart: $14.36, $26.90, $14.65, $7.48, $29.76, $4.55. About how much do you pay?", "split": "test", "exact_value": 77.93}
{"id": "discounts_001022", "topic": "discounts", "subtopic": "stacked", "prompt": "Stacked deal: 15% off, then $5 coupon if you spend $30 or more. Cart: $34.65, $29.53, $4.57. About how much do you pay?", "split": "test", "exact_value": 53.44}
{"id": "discounts_001023", "topic": "discounts", "subtopic": "buy_n_get_m", "prompt": "Buy 4 get 1 free on items priced $2.87 each. You take 8 total. About how much do you pay?", "split": "test", "exact_value": 20.09}
{"id": "discounts_001024", "topic": "discounts", "subtopic": "percent", "prompt": "Cart: $46.83, $40.36, $27.94, $12.66. A 25% discount applies to everything. About how much do you pay?", "split": "test", "exact_value": 95.84}
{"id": "discounts_001025", "topic": "discounts", "subtopic": "bogo", "prompt": "BOGO sale (buy one, get one free; free item is the cheaper one in each pair). Items: $17.71, $15.58, $14.85, $13.47, $3.34. About how much do you pay?", "split": "test", "exact_value": 35.9}
{"id": "discounts_001026", "topic": "discounts", "subtopic": "bogo", "prompt": "BOGO sale (buy one, get one free; free item is the cheaper one in each pair). Items: $18.04, $16.22, $16.03, $7.18. About how much do you pay?", "split": "test", "exact_value": 34.07}
{"id": "discounts_001027", "topic": "discounts", "subtopic": "stacked", "prompt": "Stacked deal: 15% off, then $5 coupon if you spend $40 or more. Cart: $39.08, $39.12, $34.13, $18.91, $16.56. About how much do you pay?", "split": "test", "exact_value": 120.63}
{"id": "discounts_001028", "topic": "discounts", "subtopic": "percent", "prompt": "Cart: $43.45, $41.55, $14.24, $25.90. A 15% discount applies to everything. About how much do you pay?", "split": "test", "exact_value": 106.37}
{"id": "discounts_001029", "topic": "discounts", "subtopic": "buy_n_get_m", "prompt": "Buy 3 get 1 free on items priced $3.74 each. You take 7 total. About how much do you pay?", "split": "test", "exact_value": 22.44}
{"id": "discounts_001030", "topic": "discounts", "subtopic": "buy_n_get_m", "prompt": "Buy 5 get 3 free on items priced $3.09 each. You take 8 total. About how much do you pay?", "split": "test", "exact_value": 15.45}
{"id": "discounts_001031", "topic": "discounts", "subtopic": "bogo", "prompt": "BOGO sale (buy one, get one free; free item is the cheaper one in each pair). Items: $22.90, $15.46, $12.57, $5.76, $5.21, $2.15. About how much do you pay?", "split": "test", "exact_value": 40.68}
{"id": "discounts_001032", "topic": "discounts", "subtopic": "threshold", "prompt": "Threshold coupon applies: $10 off $40+ spend. Cart: $4.16, $36.90, $14.61, $22.75, $17.59. About how much do you pay?", "split": "test", "exact_value": 86.01}
{"id": "discounts_001033", "topic": "discounts", "subtopic": "percent", "prompt": "Cart: $6.59, $44.98, $32.29, $35.73, $48.06. A 20% discount applies to everything. About how much do you pay?", "split": "test", "exact_value": 134.12}
{"id": "discounts_001034", "topic": "discounts", "subtopic": "bogo", "prompt": "BOGO sale (buy one, get one free; free item is the cheaper one in each pair). Items: $23.09, $20.72, $14.07, $11.12. About how much do you pay?", "split": "test", "exact_value": 37.16}
{"id": "discounts_001035", "topic": "discounts", "subtopic": "buy_n_get_m", "prompt": "Buy 4 get 1 free on items priced $1.77 each. You take 5 total. About how much do you pay?", "split": "test", "exact_value": 7.08}
{"id": "discounts_001036", "topic": "discounts", "subtopic": "bogo", "prompt": "BOGO sale (buy one, get one free; free item is the cheaper one in each pair). Items: $24.52, $14.34, $11.35, $4.84, $4.67, $1.68. About how much do you pay?", "split": "test", "exact_value": 40.54}
{"id": "discounts_001037", "topic": "discounts", "subtopic": "threshold", "prompt": "Threshold coupon applies: $15 off $40+ spend. Cart: $37.60, $22.32, $7.68. About how much do you pay?", "split": "test", "exact_value": 52.6}
{"id": "discounts_001038", "topic": "discounts", "subtopic": "buy_n_get_m", "prompt": "Buy 5 get 3 free on items priced $4.44 each. You take 11 total. About how much do you pay?", "split": "test", "exact_value": 35.52}
{"id": "discounts_001039", "topic": "discounts", "subtopic": "stacked", "prompt": "Stacked deal: 15% off, then $10 coupon if you spend $40 or more. Cart: $32.38, $37.27, $24.28, $24.27, $4.65. About how much do you pay?", "split": "test", "exact_value": 94.42}
{"id": "discounts_001040", "topic": "discounts", "subtopic": "stacked", "prompt": "Stacked deal: 15% off, then $10 coupon if you spend $50 or more. Cart: $24.07, $9.40, $22.84. About how much do you pay?", "split": "test", "exact_value": 47.86}
{"id": "discounts_001041", "topic": "discounts", "subtopic": "buy_n_get_m", "prompt": "Buy 4 get 1 free on items priced $7.15 each. You take 10 total. About how much do you pay?", "split": "test", "exact_value": 57.2}
{"id": "discounts_001042", "topic": "discounts", "subtopic": "bogo", "prompt": "BOGO sale (buy one, get one free; free item is the cheaper one in each pair). Items: $22.47, $14.12, $13.03, $4.68. About how much do you pay?", "split": "test", "exact_value": 35.5}
{"id": "discounts_001043", "topic": "discounts", "subtopic": "threshold", "prompt": "Threshold coupon applies: $5 off $25+ spend. Cart: $35.97, $4.76, $38.83, $33.01. About how much do you pay?", "split": "test", "exact_value": 107.57}
{"id": "discounts_001044", "topic": "discounts", "subtopic": "threshold", "prompt": "Threshold coupon applies: $15 off $30+ spend. Cart: $31.91, $31.55, $5.25, $14.97. About how much do you pay?", "split": "test", "exact_value": 68.68}
{"id": "discounts_001045", "topic": "discounts", "subtopic": "stacked", "prompt": "Stacked deal: 20% off, then $10 coupon if you spend $50 or more. Cart: $21.76, $10.60, $20.38. About how much do you pay?", "split": "test", "exact_value": 42.19}
{"id": "discounts_001046", "topic": "discounts", "subtopic": "stacked", "prompt": "Stacked deal: 10% off, then $5 coupon if you spend $40 or more. Cart: $30.09, $10.92, $13.50, $20.56. About how much do you pay?", "split": "test", "exact_value": 62.56}
{"id": "discounts_001047", "topic": "discounts", "subtopic": "bogo", "prompt": "BOGO sale (buy one, get one free; free item is the cheaper one in each pair). Items: $16.12, $15.71. About how much do you pay?", "split": "test", "exact_value": 16.12}
{"id": "discounts_001048", "topic": "discounts", "subtopic": "percent", "prompt": "Cart: $12.06, $41.81, $44.04, $48.55. A 15% discount applies to everything. About how much do you pay?", "split": "test", "exact_value": 124.49}
{"id": "discounts_001049", "topic": "discounts", "subtopic": "stacked", "prompt": "Stacked deal: 15% off, then $5 coupon if you spend $30 or more. Cart: $17.64, $15.89, $32.13, $38.88. About how much do you pay?", "split": "test", "exact_value": 83.86}
{"id": "discounts_001050", "topic": "discounts", "subtopic": "bogo", "prompt": "BOGO sale (buy one, get one free; free item is the cheaper one in each pair). Items: $18.51, $15.85. About how much do you pay?", "split": "test", "exact_value": 18.51}
{"id": "discounts_001051", "topic": "discounts", "subtopic": "buy_n_get_m", "prompt": "Buy 3 get 1 free on items priced $4.42 each. You take 6 total. About how much do you pay?", "split": "test", "exact_value": 22.1}
{"id": "discounts_001052", "topic": "discounts", "subtopic": "buy_n_get_m", "prompt": "Buy 3 get 3 free on items priced $1.92 each. You take 11 total. About how much do you pay?", "split": "test", "exact_value": 11.52}
{"id": "discounts_001053", "topic": "discounts", "subtopic": "threshold", "prompt": "Threshold coupon applies: $15 off $30+ spend. Cart: $7.58, $11.73, $13.74, $39.91. About how much do you pay?", "split": "test", "exact_value": 57.96}
{"id": "discounts_001054", "topic": "discounts", "subtopic": "percent", "prompt": "Cart: $32.20, $36.58. A 20% discount applies to everything. About how much do you pay?", "split": "test", "exact_value": 55.02}
{"id": "discounts_001055", "topic": "discounts", "subtopic": "percent", "prompt": "Cart: $9.77, $16.01, $47.74. A 10% discount applies to everything. About how much do you pay?", "split": "test", "exact_value": 66.17}
{"id": "discounts_001056", "topic": "discounts", "subtopic": "stacked", "prompt": "Stacked deal: 15% off, then $10 coupon if you spend $30 or more. Cart: $8.58, $17.41, $12.45, $37.52, $18.04, $9.77. About how much do you pay?", "split": "test", "exact_value": 78.2}
{"id": "discounts_001057", "topic": "discounts", "subtopic": "buy_n_get_m", "prompt": "Buy 3 get 2 free on items priced $6.65 each. You take 5 total. About how much do you pay?", "split": "test", "exact_value": 19.95}
{"id": "discounts_001058", "topic": "discounts", "subtopic": "buy_n_get_m", "prompt": "Buy 5 get 3 free on items priced $6.90 each. You take 11 total. About how much do you pay?", "split": "test", "exact_value": 55.2}
{"id": "discounts_001059", "topic": "discounts", "subtopic": "bogo", "prompt": "BOGO sale (buy one, get one free; free item is the cheaper one in each pair). Items: $16.10, $14.03, $8.67, $3.83, $2.32. About how much do you pay?", "split": "test", "exact_value": 27.09}
{"id": "discounts_001060", "topic": "discounts", "subtopic": "stacked", "prompt": "Stacked deal: 20% off, then $5 coupon if you spend $30 or more. Cart: $6.66, $17.10, $4.85, $3.43, $23.20, $19.59. About how much do you pay?", "split": "test", "exact_value": 54.86}
{"id": "discounts_001061", "topic": "discounts", "subtopic": "bogo", "prompt": "BOGO sale (buy one, get one free; free item is the cheaper one in each pair). Items: $9.37, $2.24. About how much do you pay?", "split": "test", "exact_value": 9.37}
{"id": "discounts_001062", "topic": "discounts", "subtopic": "bogo", "prompt": "BOGO sale (buy one, get one free; free item is the cheaper one in each pair). Items: $22.48, $14.91, $11.22, $6.11, $4.68. About how much do you pay?", "split": "test", "exact_value": 38.38}
{"id": "discounts_001063", "topic": "discounts", "subtopic": "stacked", "prompt": "Stacked deal: 10% off, then $5 coupon if you spend $30 or more. Cart: $3.36, $20.19, $25.37. About how much do you pay?", "split": "test", "exact_value": 39.03}
{"id": "discounts_001064", "topic": "discounts", "subtopic": "threshold", "prompt": "Threshold coupon applies: $5 off $25+ spend. Cart: $8.91, $38.38, $24.26. About how much do you pay?", "split": "test", "exact_value": 66.55}
{"id": "discounts_001065", "topic": "discounts", "subtopic": "threshold", "prompt": "Threshold coupon applies: $15 off $25+ spend. Cart: $26.14, $7.21, $31.08. About how much do you pay?", "split": "test", "exact_value": 49.43}
{"id": "discounts_001066", "topic": "discounts", "subtopic": "threshold", "prompt": "Threshold coupon applies: $15 off $50+ spend. Cart: $9.76, $7.92, $23.45. About how much do you pay?", "split": "test", "exact_value": 41.13}
{"id": "discounts_001067", "topic": "discounts", "subtopic": "percent", "prompt": "Cart: $44.57, $33.78, $26.28, $11.71, $4.16. A 20% discount applies to everything. About how much do you pay?", "split": "test", "exact_value": 96.4}
{"id": "discounts_001068", "topic": "discounts", "subtopic": "buy_n_get_m", "prompt": "Buy 5 get 2 free on items priced $7.15 each. You take 13 total. About how much do you pay?", "split": "test", "exact_value": 71.5}
{"id": "discounts_001069", "topic": "discounts", "subtopic": "percent", "prompt": "Cart: $8.21, $10.85, $40.95, $48.32, $25.27. A 10% discount applies to everything. About how much do you pay?", "split": "test", "exact_value": 120.24}
{"id": "discounts_001070", "topic": "discounts", "subtopic": "threshold", "prompt": "Threshold coupon applies: $10 off $30+ spend. Cart: $15.02, $18.64, $39.39, $9.20. About how much do you pay?", "split": "test", "exact_value": 72.25}
{"id": "discounts_001071", "topic": "discounts", "subtopic": "buy_n_get_m", "prompt": "Buy 3 get 1 free on items priced $7.06 each. You take 6 total. About how much do you pay?", "split": "test", "exact_value": 35.3}
{"id": "discounts_001072", "topic": "discounts", "subtopic": "bogo", "prompt": "BOGO sale (buy one, get one free; free item is the cheaper one in each pair). Items: $16.72, $1.85. About how much do you pay?", "split": "test", "exact_value": 16.72}
{"id": "discounts_001073", "topic": "discounts", "subtopic": "buy_n_get_m", "prompt": "Buy 5 get 2 free on items priced $2.67 each. You take 8 total. About how much do you pay?", "split": "test", "exact_value": 16.02}
{"id": "discounts_001074", "topic": "discounts", "subtopic": "bogo", "prompt": "BOGO sale (buy one, get one free; free item is the cheaper one in each pair). Items: $15.20, $8.66. About how much do you pay?", "split": "test", "exact_value": 15.2}
{"id": "discounts_001075", "topic": "discounts", "subtopic": "threshold", "prompt": "Threshold coupon applies: $10 off $40+ spend. Cart: $35.79, $17.52, $4.80, $28.27, $19.13. About how much do you pay?", "split": "test", "exact_value": 95.51}
{"id": "discounts_001076", "topic": "discounts", "subtopic": "percent", "prompt": "Cart: $46.37, $25.10, $6.70. A 25% discount applies to everything. About how much do you pay?", "split": "test", "exact_value": 58.63}
{"id": "discounts_001077", "topic": "discounts", "subtopic": "stacked", "prompt": "Stacked deal: 20% off, then $10 coupon if you spend $40 or more. Cart: $29.64, $3.88, $38.90, $7.95, $38.07. About how much do you pay?", "split": "test", "exact_value": 84.75}
{"id": "discounts_001078", "topic": "discounts", "subtopic": "percent", "prompt": "Cart: $4.73, $7.96, $30.01, $8.18, $47.88. A 30% discount applies to everything. About how much do you pay?", "split": "test", "exact_value": 69.13}
{"id": "discounts_001079", "topic": "discounts", "subtopic": "stacked", "prompt": "Stacked deal: 20% off, then $10 coupon if you spend $40 or more. Cart: $9.31, $18.90, $35.58. About how much do you pay?", "split": "test", "exact_value": 41.03}
{"id": "discounts_001080", "topic": "discounts", "subtopic": "buy_n_get_m", "prompt": "Buy 4 get 3 free on items priced $4.60 each. You take 13 total. About how much do you pay?", "split": "test", "exact_value": 36.8}
{"id": "discounts_001081", "topic": "discounts", "subtopic": "bogo", "prompt": "BOGO sale (buy one, get one free; free item is the cheaper one in each pair). Items: $24.97, $22.82, $12.38. About how much do you pay?", "split": "test", "exact_value": 37.35}
{"id": "discounts_001082", "topic": "discounts", "subtopic": "stacked", "prompt": "Stacked deal: 20% off, then $5 coupon if you spend $30 or more. Cart: $14.53, $12.57, $21.90, $11.53, $33.36. About how much do you pay?", "split": "test", "exact_value": 70.11}
{"id": "discounts_001083", "topic": "discounts", "subtopic": "stacked", "prompt": "Stacked deal: 10% off, then $10 coupon if you spend $40 or more. Cart: $21.15, $25.92, $23.98. About how much do you pay?", "split": "test", "exact_value": 53.95}
{"id": "discounts_001084", "topic": "discounts", "subtopic": "percent", "prompt": "Cart: $21.96, $37.63. A 30% discount applies to everything. About how much do you pay?", "split": "test", "exact_value": 41.71}
{"id": "discounts_001085", "topic": "discounts", "subtopic": "bogo", "prompt": "BOGO sale (buy one, get one free; free item is the cheaper one in each pair). Items: $18.65, $15.78, $9.15, $6.13, $4.49. About how much do you pay?", "split": "test", "exact_value": 32.29}
{"id": "discounts_001086", "topic": "discounts", "subtopic": "bogo", "prompt": "BOGO sale (buy one, get one free; free item is the cheaper one in each pair). Items: $23.69, $14.19, $13.47, $7.84. About how much do you pay?", "split": "test", "exact_value": 37.16}
{"id": "discounts_001087", "topic": "discounts", "subtopic": "percent", "prompt": "Cart: $8.50, $29.97, $27.80. A 20% discount applies to everything. About how much do you pay?", "split": "test", "exact_value": 53.02}
{"id": "discounts_001088", "topic": "discounts", "subtopic": "buy_n_get_m", "prompt": "Buy 3 get 3 free on items priced $4.30 each. You take 12 total. About how much do you pay?", "split": "test", "exact_value": 25.8}
{"id": "discounts_001089", "topic": "discounts", "subtopic": "percent", "prompt": "Cart: $6.09, $10.82, $37.93. A 25% discount applies to everything. About how much do you pay?", "split": "test", "exact_value": 41.13}
{"id": "discounts_001090", "topic": "discounts", "subtopic": "bogo", "prompt": "BOGO sale (buy one, get one free; free item is the cheaper one in each pair). Items: $9.93, $9.22. About how much do you pay?", "split": "test", "exact_value": 9.93}
{"id": "discounts_001091", "topic": "discounts", "subtopic": "bogo", "prompt": "BOGO sale (buy one, get one free; free item is the cheaper one in each pair). Items: $14.38, $1.97, $1.54. About how much do you pay?", "split": "test", "exact_value": 15.92}
{"id": "discounts_001092", "topic": "discounts", "subtopic": "threshold", "prompt": "Threshold coupon applies: $5 off $50+ spend. Cart: $32.55, $30.77, $39.78. About how much do you pay?", "split": "test", "exact_value": 98.1}
{"id": "discounts_001093", "topic": "discounts", "subtopic": "stacked", "prompt": "Stacked deal: 20% off, then $5 coupon if you spend $30 or more. Cart: $25.64, $3.11, $22.27. About how much do you pay?", "split": "test", "exact_value": 35.82}
{"id": "discounts_001094", "topic": "discounts", "subtopic": "buy_n_get_m", "prompt": "Buy 3 get 1 free on items priced $2.26 each. You take 8 total. About how much do you pay?", "split": "test", "exact_value": 13.56}
{"id": "discounts_001095", "topic": "discounts", "subtopic": "percent", "prompt": "Cart: $29.67, $37.83, $10.15, $14.04, $35.21. A 15% discount applies to everything. About how much do you pay?", "split": "test", "exact_value": 107.87}
{"id": "discounts_001096", "topic": "discounts", "subtopic": "threshold", "prompt": "Threshold coupon applies: $15 off $40+ spend. Cart: $30.63, $26.23, $17.97, $23.49, $30.38. About how much do you pay?", "split": "test", "exact_value": 113.7}
{"id": "discounts_001097", "topic": "discounts", "subtopic": "percent", "prompt": "Cart: $25.55, $15.12, $14.50, $5.37, $46.29. A 30% discount applies to everything. About how much do you pay?", "split": "test", "exact_value": 74.78}
{"id": "discounts_001098", "topic": "discounts", "subtopic": "stacked", "prompt": "Stacked deal: 15% off, then $5 coupon if you spend $30 or more. Cart: $28.31, $12.20, $7.38, $6.57, $33.89. About how much do you pay?", "split": "test", "exact_value": 70.1}
{"id": "discounts_001099", "topic": "discounts", "subtopic": "stacked", "prompt": "Stacked deal: 15% off, then $10 coupon if you spend $50 or more. Cart: $14.77, $27.49, $23.54. About how much do you pay?", "split": "test", "exact_value": 45.93}
{"id": "discounts_001100", "topic": "discounts", "subtopic": "buy_n_get_m", "prompt": "Buy 5 get 2 free on items priced $4.75 each. You take 9 total. About how much do you pay?", "split": "test", "exact_value": 33.25}
{"id": "discounts_001101", "topic": "discounts", "subtopic": "percent", "prompt": "Cart: $32.88, $40.82, $34.23. A 10% discount applies to everything. About how much do you pay?", "split": "test", "exact_value": 97.14}
{"id": "discounts_001102", "topic": "discounts", "subtopic": "buy_n_get_m", "prompt": "Buy 3 get 2 free on items priced $2.81 each. You take 8 total. About how much do you pay?", "split": "test", "exact_value": 16.86}
{"id": "discounts_001103", "topic": "discounts", "subtopic": "threshold", "prompt": "Threshold coupon applies: $10 off $40+ spend. Cart: $20.06, $17.49. About how much do you pay?", "split": "test", "exact_value": 37.55}
{"id": "discounts_001104", "topic": "discounts", "subtopic": "stacked", "prompt": "Stacked deal: 10% off, then $5 coupon if you spend $40 or more. Cart: $34.93, $18.97, $8.48, $4.98, $5.16. About how much do you pay?", "split": "test", "exact_value": 60.27}
{"id": "discounts_001105", "topic": "discounts", "subtopic": "bogo", "prompt": "BOGO sale (buy one, get one free; free item is the cheaper one in each pair). Items: $22.88, $17.67, $11.99, $6.72, $5.07, $4.73. About how much do you pay?", "split": "test", "exact_value": 39.94}
{"id": "discounts_001106", "topic": "discounts", "subtopic": "buy_n_get_m", "prompt": "Buy 3 get 2 free on items priced $7.78 each. You take 6 total. About how much do you pay?", "split": "test", "exact_value": 31.12}
{"id": "discounts_001107", "topic": "discounts", "subtopic": "percent", "prompt": "Cart: $26.53, $6.28, $15.31, $18.25. A 15% discount applies to everything. About how much do you pay?", "split": "test", "exact_value": 56.41}
{"id": "discounts_001108", "topic": "discounts", "subtopic": "threshold", "prompt": "Threshold coupon applies: $10 off $50+ spend. Cart: $32.42, $16.90, $38.94. About how much do you pay?", "split": "test", "exact_value": 78.26}
{"id": "discounts_001109", "topic": "discounts", "subtopic": "bogo", "prompt": "BOGO sale (buy one, get one free; free item is the cheaper one in each pair). Items: $12.17, $9.58, $1.69. About how much do you pay?", "split": "test", "exact_value": 13.86}
{"id": "discounts_001110", "topic": "discounts", "subtopic": "percent", "prompt": "Cart: $32.12, $49.64, $29.31. A 15% discount applies to everything. About how much do you pay?", "split": "test", "exact_value": 94.41}
{"id": "discounts_001111", "topic": "discounts", "subtopic": "stacked", "prompt": "Stacked deal: 20% off, then $10 coupon if you spend $40 or more. Cart: $6.96, $7.29, $18.48, $5.56, $9.53. About how much do you pay?", "split": "test", "exact_value": 38.26}
{"id": "discounts_001112", "topic": "discounts", "subtopic": "stacked", "prompt": "Stacked deal: 10% off, then $10 coupon if you spend $30 or more. Cart: $13.60, $35.04, $17.70. About how much do you pay?", "split": "test", "exact_value": 49.71}
{"id": "discounts_001113", "topic": "discounts", "subtopic": "stacked", "prompt": "Stacked deal: 10% off, then $5 coupon if you spend $50 or more. Cart: $11.10, $12.78, $18.10, $4.98. About how much do you pay?", "split": "test", "exact_value": 42.26}
{"id": "discounts_001114", "topic": "discounts", "subtopic": "stacked", "prompt": "Stacked deal: 10% off, then $5 coupon if you spend $30 or more. Cart: $19.95, $4.09, $29.76, $30.58. About how much do you pay?", "split": "test", "exact_value": 70.94}
{"id": "discounts_001115", "topic": "discounts", "subtopic": "stacked", "prompt": "Stacked deal: 10% off, then $10 coupon if you spend $40 or more. Cart: $5.53, $6.30, $4.08, $36.45, $38.01, $29.46. About how much do you pay?", "split": "test", "exact_value": 97.85}
{"id": "discounts_001116", "topic": "discounts", "subtopic": "threshold", "prompt": "Threshold coupon applies: $10 off $40+ spend. Cart: $12.07, $33.33, $36.07, $36.87. About how much do you pay?", "split": "test", "exact_value": 108.34}
{"id": "discounts_001117", "topic": "discounts", "subtopic": "threshold", "prompt": "Threshold coupon applies: $5 off $30+ spend. Cart: $38.93, $14.99. About how much do you pay?", "split": "test", "exact_value": 48.92}
{"id": "discounts_001118", "topic": "discounts", "subtopic": "threshold", "prompt": "Threshold coupon applies: $10 off $25+ spend. Cart: $39.54, $34.67, $14.78, $33.70, $4.90. About how much do you pay?", "split": "test", "exact_value": 117.59}
{"id": "discounts_001119", "topic": "discounts", "subtopic": "bogo", "prompt": "BOGO sale (buy one, get one free; free item is the cheaper one in each pair). Items: $18.39, $10.09. About how much do you pay?", "split": "test", "exact_value": 18.39}
{"id": "discounts_001120", "topic": "discounts", "subtopic": "bogo", "prompt": "BOGO sale (buy one, get one free; free item is the cheaper one in each pair). Items: $14.61, $13.05, $7.01, $4.99. About how much do you pay?", "split": "test", "exact_value": 21.62}
{"id": "discounts_001121", "topic": "discounts", "subtopic": "threshold", "prompt": "Threshold coupon applies: $5 off $30+ spend. Cart: $21.67, $18.74. About how much do you pay?", "split": "test", "exact_value": 35.41}
{"id": "discounts_001122", "topic": "discounts", "subtopic": "buy_n_get_m", "prompt": "Buy 5 get 3 free on items priced $6.41 each. You take 10 total. About how much do you pay?", "split": "test", "exact_value": 44.87}
{"id": "discounts_001123", "topic": "discounts", "subtopic": "threshold", "prompt": "Threshold coupon applies: $15 off $50+ spend. Cart: $18.18, $39.52, $22.33. About how much do you pay?", "split": "test", "exact_value": 65.03}
{"id": "discounts_001124", "topic": "discounts", "subtopic": "threshold", "prompt": "Threshold coupon applies: $5 off $40+ spend. Cart: $37.54, $32.18, $38.29, $34.80. About how much do you pay?", "split": "test", "exact_value": 137.81}
{"id": "discounts_001125", "topic": "discounts", "subtopic": "stacked", "prompt": "Stacked deal: 15% off, then $10 coupon if you spend $40 or more. Cart: $35.69, $18.11, $23.18, $21.88, $34.23, $32.22. About how much do you pay?", "split": "test", "exact_value": 130.51}
{"id": "discounts_001126", "topic": "discounts", "subtopic": "percent", "prompt": "Cart: $30.16, $33.03, $19.99. A 10% discount applies to everything. About how much do you pay?", "split": "test", "exact_value": 74.86}
{"id": "discounts_001127", "topic": "discounts", "subtopic": "threshold", "prompt": "Threshold coupon applies: $10 off $50+ spend. Cart: $33.02, $14.91. About how much do you pay?", "split": "test", "exact_value": 47.93}
{"id": "discounts_001128", "topic": "discounts", "subtopic": "bogo", "prompt": "BOGO sale (buy one, get one free; free item is the cheaper one in each pair). Items: $21.80, $20.56, $7.02. About how much do you pay?", "split": "test", "exact_value": 28.82}
{"id": "discounts_001129", "topic": "discounts", "subtopic": "buy_n_get_m", "prompt": "Buy 5 get 2 free on items priced $1.84 each. You take 13 total. About how much do you pay?", "split": "test", "exact_value": 18.4}
{"id": "discounts_001130", "topic": "discounts", "subtopic": "stacked", "prompt": "Stacked deal: 15% off, then $10 coupon if you spend $50 or more. Cart: $38.05, $8.57, $15.43, $26.57. About how much do you pay?", "split": "test", "exact_value": 65.33}
{"id": "discounts_001131", "topic": "discounts", "subtopic": "bogo", "prompt": "BOGO sale (buy one, get one free; free item is the cheaper one in each pair). Items: $19.95, $10.88, $7.52, $1.89. About how much do you pay?", "split": "test", "exact_value": 27.47}
{"id": "discounts_001132", "topic": "discounts", "subtopic": "buy_n_get_m", "prompt": "Buy 5 get 1 free on items priced $6.70 each. You take 12 total. About how much do you pay?", "split": "test", "exact_value": 67.0}
{"id": "discounts_001133", "topic": "discounts", "subtopic": "percent", "prompt": "Cart: $34.51, $31.78. A 15% discount applies to everything. About how much do you pay?", "split": "test", "exact_value": 56.35}
{"id": "discounts_001134", "topic": "discounts", "subtopic": "stacked", "prompt": "Stacked deal: 20% off, then $5 coupon if you spend $40 or more. Cart: $22.64, $20.14, $3.08. About how much do you pay?", "split": "test", "exact_value": 36.69}
{"id": "discounts_001135", "topic": "discounts", "subtopic": "buy_n_get_m", "prompt": "Buy 5 get 3 free on items priced $2.95 each. You take 12 total. About how much do you pay?", "split": "test", "exact_value": 26.55}
{"id": "discounts_001136", "topic": "discounts", "subtopic": "stacked", "prompt": "Stacked deal: 20% off, then $10 coupon if you spend $30 or more. Cart: $29.78, $22.53, $13.25, $32.64. About how much do you pay?", "split": "test", "exact_value": 68.56}
{"id": "discounts_001137", "topic": "discounts", "subtopic": "threshold", "prompt": "Threshold coupon applies: $5 off $25+ spend. Cart: $35.17, $4.65, $34.47, $33.39. About how much do you pay?", "split": "test", "exact_value": 102.68}
{"id": "discounts_001138", "topic": "discounts", "subtopic": "percent", "prompt": "Cart: $41.30, $20.43, $12.21. A 20% discount applies to everything. About how much do you pay?", "split": "test", "exact_value": 59.15}
{"id": "discounts_001139", "topic": "discounts", "subtopic": "percent", "prompt": "Cart: $14.61, $4.37, $36.28. A 10% discount applies to everything. About how much do you pay?", "split": "test", "exact_value": 49.73}
{"id": "discounts_001140", "topic": "discounts", "subtopic": "buy_n_get_m", "prompt": "Buy 5 get 2 free on items priced $5.46 each. You take 7 total. About how much do you pay?", "split": "test", "exact_value": 27.3}
{"id": "discounts_001141", "topic": "discounts", "subtopic": "bogo", "prompt": "BOGO sale (buy one, get one free; free item is the cheaper one in each pair). Items: $18.26, $16.57, $13.36, $4.83, $2.73. About how much do you pay?", "split": "test", "exact_value": 34.35}
{"id": "discounts_001142", "topic": "discounts", "subtopic": "percent", "prompt": "Cart: $10.66, $49.97, $12.47. A 30% discount applies to everything. About how much do you pay?", "split": "test", "exact_value": 51.17}
{"id": "discounts_001143", "topic": "discounts", "subtopic": "threshold", "prompt": "Threshold coupon applies: $5 off $25+ spend. Cart: $6.88, $33.06. About how much do you pay?", "split": "test", "exact_value": 34.94}
{"id": "discounts_001144", "topic": "discounts", "subtopic": "bogo", "prompt": "BOGO sale (buy one, get one free; free item is the cheaper one in each pair). Items: $23.09, $12.65, $4.23, $4.00. About how much do you pay?", "split": "test", "exact_value": 27.32}
{"id": "discounts_001145", "topic": "discounts", "subtopic": "threshold", "prompt": "Threshold coupon applies: $5 off $50+ spend. Cart: $25.22, $20.79. About how much do you pay?", "split": "test", "exact_value": 46.01}
{"id": "discounts_001146", "topic": "discounts", "subtopic": "percent", "prompt": "Cart: $44.54, $10.30, $49.41, $19.66, $36.61. A 10% discount applies to everything. About how much do you pay?", "split": "test", "exact_value": 144.47}
{"id": "discounts_001147", "topic": "discounts", "subtopic": "stacked", "prompt": "Stacked deal: 15% off, then $5 coupon if you spend $40 or more. Cart: $6.64, $26.97, $34.27, $26.53, $33.38. About how much do you pay?", "split": "test", "exact_value": 103.62}
{"id": "discounts_001148", "topic": "discounts", "subtopic": "percent", "prompt": "Cart: $12.67, $23.55. A 15% discount applies to everything. About how much do you pay?", "split": "test", "exact_value": 30.79}
{"id": "discounts_001149", "topic": "discounts", "subtopic": "buy_n_get_m", "prompt": "Buy 5 get 1 free on items priced $4.94 each. You take 6 total. About how much do you pay?", "split": "test", "exact_value": 24.7}
{"id": "discounts_001150", "topic": "discounts", "subtopic": "threshold", "prompt": "Threshold coupon applies: $10 off $25+ spend. Cart: $24.08, $28.33, $34.13. About how much do you pay?", "split": "test", "exact_value": 76.54}
{"id": "discounts_001151", "topic": "discounts", "subtopic": "bogo", "prompt": "BOGO sale (buy one, get one free; free item is the cheaper one in each pair). Items: $15.56, $11.25, $6.82, $4.12, $2.81. About how much do you pay?", "split": "test", "exact_value": 25.19}
{"id": "discounts_001152", "topic": "discounts", "subtopic": "threshold", "prompt": "Threshold coupon applies: $5 off $50+ spend. Cart: $23.88, $22.42. About how much do you pay?", "split": "test", "exact_value": 46.3}
{"id": "discounts_001153", "topic": "discounts", "subtopic": "bogo", "prompt": "BOGO sale (buy one, get one free; free item is the cheaper one in each pair). Items: $22.15, $17.40, $15.31. About how much do you pay?", "split": "test", "exact_value": 37.46}
{"id": "discounts_001154", "topic": "discounts", "subtopic": "threshold", "prompt": "Threshold coupon applies: $5 off $30+ spend. Cart: $21.31, $31.89, $23.27, $21.46. About how much do you pay?", "split": "test", "exact_value": 92.93}
{"id": "discounts_001155", "topic": "discounts", "subtopic": "threshold", "prompt": "Threshold coupon applies: $15 off $25+ spend. Cart: $24.14, $7.81, $36.50, $10.54, $14.31. About how much do you pay?", "split": "test", "exact_value": 78.3}
{"id": "discounts_001156", "topic": "discounts", "subtopic": "stacked", "prompt": "Stacked deal: 15% off, then $10 coupon if you spend $50 or more. Cart: $32.01, $20.21, $38.89, $4.15, $9.27. About how much do you pay?", "split": "test", "exact_value": 78.85}
{"id": "discounts_001157", "topic": "discounts", "subtopic": "bogo", "prompt": "BOGO sale (buy one, get one free; free item is the cheaper one in each pair). Items: $10.78, $6.50, $5.87. About how much do you pay?", "split": "test", "exact_value": 16.65}
{"id": "discounts_001158", "topic": "discounts", "subtopic": "percent", "prompt": "Cart: $30.49, $40.09, $21.06, $34.43, $20.96. A 20% discount applies to everything. About how much do you pay?", "split": "test", "exact_value": 117.62}
{"id": "discounts_001159", "topic": "discounts", "subtopic": "threshold", "prompt": "Threshold coupon applies: $5 off $40+ spend. Cart: $18.33, $20.99, $17.99, $19.92. About how much do you pay?", "split": "test", "exact_value": 72.23}
{"id": "discounts_001160", "topic": "discounts", "subtopic": "threshold", "prompt": "Threshold coupon applies: $15 off $40+ spend. Cart: $12.84, $34.58. About how much do you pay?", "split": "test", "exact_value": 32.42}
{"id": "discounts_001161", "topic": "discounts", "subtopic": "bogo", "prompt": "BOGO sale (buy one, get one free; free item is the cheaper one in each pair). Items: $18.78, $9.05. About how much do you pay?", "split": "test", "exact_value": 18.78}
{"id": "discounts_001162", "topic": "discounts", "subtopic": "threshold", "prompt": "Threshold coupon applies: $5 off $30+ spend. Cart: $33.63, $17.97, $4.15, $37.39. About how much do you pay?", "split": "test", "exact_value": 88.14}
{"id": "discounts_001163", "topic": "discounts", "subtopic": "buy_n_get_m", "prompt": "Buy 5 get 3 free on items priced $1.79 each. You take 12 total. About how much do you pay?", "split": "test", "exact_value": 16.11}
{"id": "discounts_001164", "topic": "discounts", "subtopic": "bogo", "prompt": "BOGO sale (buy one, get one free; free item is the cheaper one in each pair). Items: $21.43, $18.01, $17.82, $16.06. About how much do you pay?", "split": "test", "exact_value": 39.25}
{"id": "discounts_001165", "topic": "discounts", "subtopic": "bogo", "prompt": "BOGO sale (buy one, get one free; free item is the cheaper one in each pair). Items: $14.22, $8.57, $8.37, $4.71, $3.04, $2.04. About how much do you pay?", "split": "test", "exact_value": 25.63}
{"id": "discounts_001166", "topic": "discounts", "subtopic": "percent", "prompt": "Cart: $31.22, $41.04, $41.25, $17.86, $13.74. A 15% discount applies to everything. About how much do you pay?", "split": "test", "exact_value": 123.34}
{"id": "discounts_001167", "topic": "discounts", "subtopic": "percent", "prompt": "Cart: $45.83, $20.71, $36.82, $38.88. A 30% discount applies to everything. About how much do you pay?", "split": "test", "exact_value": 99.57}
{"id": "discounts_001168", "topic": "discounts", "subtopic": "threshold", "prompt": "Threshold coupon applies: $5 off $40+ spend. Cart: $18.54, $32.58, $12.31, $35.23. About how much do you pay?", "split": "test", "exact_value": 93.66}
{"id": "discounts_001169", "topic": "discounts", "subtopic": "buy_n_get_m", "prompt": "Buy 3 get 1 free on items priced $5.06 each. You take 6 total. About how much do you pay?", "split": "test", "exact_value": 25.3}
{"id": "discounts_001170", "topic": "discounts", "subtopic": "percent", "prompt": "Cart: $44.37, $15.97. A 25% discount applies to everything. About how much do you pay?", "split": "test", "exact_value": 45.26}
{"id": "discounts_001171", "topic": "discounts", "subtopic": "threshold", "prompt": "Threshold coupon applies: $5 off $50+ spend. Cart: $31.66, $9.59, $22.19, $33.09. About how much do you pay?", "split": "test", "exact_value": 91.53}
{"id": "discounts_001172", "topic": "discounts", "subtopic": "buy_n_get_m", "prompt": "Buy 5 get 2 free on items priced $4.56 each. You take 12 total. About how much do you pay?", "split": "test", "exact_value": 45.6}
{"id": "discounts_001173", "topic": "discounts", "subtopic": "percent", "prompt": "Cart: $28.65, $6.58, $24.09. A 25% discount applies to everything. About how much do you pay?", "split": "test", "exact_value": 44.49}
{"id": "discounts_001174", "topic": "discounts", "subtopic": "buy_n_get_m", "prompt": "Buy 3 get 1 free on items priced $6.74 each. You take 8 total. About how much do you pay?", "split": "test", "exact_value": 40.44}
{"id": "discounts_001175", "topic": "discounts", "subtopic": "buy_n_get_m", "prompt": "Buy 4 get 3 free on items priced $6.46 each. You take 8 total. About how much do you pay?", "split": "test", "exact_value": 32.3}
{"id": "discounts_001176", "topic": "discounts", "subtopic": "buy_n_get_m", "prompt": "Buy 3 get 2 free on items priced $3.84 each. You take 10 total. About how much do you pay?", "split": "test", "exact_value": 23.04}
{"id": "discounts_001177", "topic": "discounts", "subtopic": "percent", "prompt": "Cart: $10.55, $37.50, $3.88, $16.88, $16.75. A 20% discount applies to everything. About how much do you pay?", "split": "test", "exact_value": 68.45}
{"id": "discounts_001178", "topic": "discounts", "subtopic": "buy_n_get_m", "prompt": "Buy 4 get 2 free on items priced $4.24 each. You take 7 total. About how much do you pay?", "split": "test", "exact_value": 21.2}
{"id": "discounts_001179", "topic": "discounts", "subtopic": "percent", "prompt": "Cart: $6.03, $7.77, $24.64, $5.86. A 30% discount applies to everything. About how much do you pay?", "split": "test", "exact_value": 31.01}
{"id": "discounts_001180", "topic": "discounts", "subtopic": "threshold", "prompt": "Threshold coupon applies: $15 off $50+ spend. Cart: $17.01, $32.99. About how much do you pay?", "split": "test", "exact_value": 35.0}
{"id": "discounts_001181", "topic": "discounts", "subtopic": "bogo", "prompt": "BOGO sale (buy one, get one free; free item is the cheaper one in each pair). Items: $24.49, $17.11, $8.96, $3.79, $2.93. About how much do you pay?", "split": "test", "exact_value": 36.38}
{"id": "discounts_001182", "topic": "discounts", "subtopic": "stacked", "prompt": "Stacked deal: 10% off, then $10 coupon if you spend $40 or more. Cart: $31.71, $35.87, $13.96. About how much do you pay?", "split": "test", "exact_value": 63.39}
{"id": "discounts_001183", "topic": "discounts", "subtopic": "threshold", "prompt": "Threshold coupon applies: $10 off $40+ spend. Cart: $17.79, $9.82, $10.21. About how much do you pay?", "split": "test", "exact_value": 37.82}
{"id": "discounts_001184", "topic": "discounts", "subtopic": "stacked", "prompt": "Stacked deal: 15% off, then $10 coupon if you spend $40 or more. Cart: $39.30, $36.05, $9.87, $22.09, $14.10, $4.68. About how much do you pay?", "split": "test", "exact_value": 97.18}
{"id": "discounts_001185", "topic": "discounts", "subtopic": "bogo", "prompt": "BOGO sale (buy one, get one free; free item is the cheaper one in each pair). Items: $22.46, $11.96. About how much do you pay?", "split": "test", "exact_value": 22.46}
{"id": "discounts_001186", "topic": "discounts", "subtopic": "bogo", "prompt": "BOGO sale (buy one, get one free; free item is the cheaper one in each pair). Items: $21.11, $12.73, $3.08. About how much do you pay?", "split": "test", "exact_value": 24.19}
{"id": "discounts_001187", "topic": "discounts", "subtopic": "bogo", "prompt": "BOGO sale (buy one, get one free; free item is the cheaper one in each pair). Items: $23.13, $14.38, $12.67, $6.38. About how much do you pay?", "split": "test", "exact_value": 35.8}
{"id": "discounts_001188", "topic": "discounts", "subtopic": "bogo", "prompt": "BOGO sale (buy one, get one free; free item is the cheaper one in each pair). Items: $18.46, $15.68, $13.92, $6.61. About how much do you pay?", "split": "test", "exact_value": 32.38}
{"id": "discounts_001189", "topic": "discounts", "subtopic": "threshold", "prompt": "Threshold coupon applies: $10 off $25+ spend. Cart: $18.62, $28.18. About how much do you pay?", "split": "test", "exact_value": 36.8}
{"id": "discounts_001190", "topic": "discounts", "subtopic": "stacked", "prompt": "Stacked deal: 10% off, then $5 coupon if you spend $40 or more. Cart: $24.87, $11.64, $5.12, $15.37, $16.70, $11.70. About how much do you pay?", "split": "test", "exact_value": 71.86}
{"id": "discounts_001191", "topic": "discounts", "subtopic": "stacked", "prompt": "Stacked deal: 15% off, then $10 coupon if you spend $50 or more. Cart: $20.54, $24.37, $30.45, $38.40. About how much do you pay?", "split": "test", "exact_value": 86.7}
{"id": "discounts_001192", "topic": "discounts", "subtopic": "threshold", "prompt": "Threshold coupon applies: $10 off $50+ spend. Cart: $31.94, $15.30, $28.54, $30.55. About how much do you pay?", "split": "test", "exact_value": 96.33}
{"id": "discounts_001193", "topic": "discounts", "subtopic": "percent", "prompt": "Cart: $26.50, $44.44, $26.48, $18.92, $14.96. A 25% discount applies to everything. About how much do you pay?", "split": "test", "exact_value": 98.48}
{"id": "discounts_001194", "topic": "discounts", "subtopic": "percent", "prompt": "Cart: $14.33, $39.71. A 20% discount applies to everything. About how much do you pay?", "split": "test", "exact_value": 43.23}
{"id": "discounts_001195", "topic": "discounts", "subtopic": "bogo", "prompt": "BOGO sale (buy one, get one free; free item is the cheaper one in each pair). Items: $21.71, $19.11, $12.70. About how much do you pay?", "split": "test", "exact_value": 34.41}
{"id": "discounts_001196", "topic": "discounts", "subtopic": "bogo", "prompt": "BOGO sale (buy one, get one free; free item is the cheaper one in each pair). Items: $18.61, $18.08, $16.61, $5.73, $5.61. About how much do you pay?", "split": "test", "exact_value": 40.83}
{"id": "discounts_001197", "topic": "discounts", "subtopic": "threshold", "prompt": "Threshold coupon applies: $10 off $50+ spend. Cart: $7.82, $6.69. About how much do you pay?", "split": "test", "exact_value": 14.51}
{"id": "discounts_001198", "topic": "discounts", "subtopic": "threshold", "prompt": "Threshold coupon applies: $15 off $30+ spend. Cart: $25.83, $38.86, $7.83, $9.91, $32.05. About how much do you pay?", "split": "test", "exact_value": 99.48}
{"id": "discounts_001199", "topic": "discounts", "subtopic": "stacked", "prompt": "Stacked deal: 15% off, then $5 coupon if you spend $30 or more. Cart: $7.21, $12.91, $23.43, $24.34, $11.60. About how much do you pay?", "split": "test", "exact_value": 62.57}
{"id": "discounts_001200", "topic": "discounts", "subtopic": "threshold", "prompt": "Threshold coupon applies: $5 off $30+ spend. Cart: $11.45, $34.82. About how much do you pay?", "split": "test", "exact_value": 41.27}
{"id": "discounts_001201", "topic": "discounts", "subtopic": "percent", "prompt": "Cart: $38.09, $49.75, $49.24. A 30% discount applies to everything. About how much do you pay?", "split": "test", "exact_value": 95.96}
{"id": "discounts_001202", "topic": "discounts", "subtopic": "percent", "prompt": "Cart: $49.84, $44.84. A 15% discount applies to everything. About how much do you pay?", "split": "test", "exact_value": 80.48}
{"id": "discounts_001203", "topic": "discounts", "subtopic": "threshold", "prompt": "Threshold coupon applies: $10 off $25+ spend. Cart: $21.83, $6.78, $19.19, $4.90. About how much do you pay?", "split": "test", "exact_value": 42.7}
{"id": "discounts_001204", "topic": "discounts", "subtopic": "threshold", "prompt": "Threshold coupon applies: $10 off $25+ spend. Cart: $37.17, $33.01. About how much do you pay?", "split": "test", "exact_value": 60.18}
{"id": "discounts_001205", "topic": "discounts", "subtopic": "bogo", "prompt": "BOGO sale (buy one, get one free; free item is the cheaper one in each pair). Items: $22.34, $9.54, $2.41, $2.26, $1.74. About how much do you pay?", "split": "test", "exact_value": 26.49}
{"id": "discounts_001206", "topic": "discounts", "subtopic": "stacked", "prompt": "Stacked deal: 15% off, then $5 coupon if you spend $40 or more. Cart: $10.71, $18.28, $19.97, $12.38. About how much do you pay?", "split": "test", "exact_value": 47.14}
{"id": "discounts_001207", "topic": "discounts", "subtopic": "percent", "prompt": "Cart: $10.51, $16.09, $23.84, $49.00, $46.04. A 10% discount applies to everything. About how much do you pay?", "split": "test", "exact_value": 130.93}
{"id": "discounts_001208", "topic": "discounts", "subtopic": "stacked", "prompt": "Stacked deal: 15% off, then $5 coupon if you spend $30 or more. Cart: $38.43, $4.19, $17.70, $37.39. About how much do you pay?", "split": "test", "exact_value": 78.05}
{"id": "discounts_001209", "topic": "discounts", "subtopic": "buy_n_get_m", "prompt": "Buy 5 get 3 free on items priced $5.49 each. You take 13 total. About how much do you pay?", "split": "test", "exact_value": 54.9}
{"id": "discounts_001210", "topic": "discounts", "subtopic": "percent", "prompt": "Cart: $37.68, $13.56, $24.70. A 15% discount applies to everything. About how much do you pay?", "split": "test", "exact_value": 64.55}
{"id": "discounts_001211", "topic": "discounts", "subtopic": "threshold", "prompt": "Threshold coupon applies: $10 off $25+ spend. Cart: $23.46, $7.12, $36.20. About how much do you pay?", "split": "test", "exact_value": 56.78}
{"id": "discounts_001212", "topic": "discounts", "subtopic": "bogo", "prompt": "BOGO sale (buy one, get one free; free item is the cheaper one in each pair). Items: $20.69, $19.64, $16.82, $8.50. About how much do you pay?", "split": "test", "exact_value": 37.51}
{"id": "discounts_001213", "topic": "discounts", "subtopic": "percent", "prompt": "Cart: $42.02, $36.76, $24.26. A 20% discount applies to everything. About how much do you pay?", "split": "test", "exact_value": 82.43}
{"id": "discounts_001214", "topic": "discounts", "subtopic": "bogo", "prompt": "BOGO sale (buy one, get one free; free item is the cheaper one in each pair). Items: $24.45, $21.77, $15.31, $14.48, $8.63. About how much do you pay?", "split": "test", "exact_value": 48.39}
{"id": "discounts_001215", "topic": "discounts", "subtopic": "buy_n_get_m", "prompt": "Buy 5 get 3 free on items priced $5.54 each. You take 13 total. About how much do you pay?", "split": "test", "exact_value": 55.4}
{"id": "discounts_001216", "topic": "discounts", "subtopic": "percent", "prompt": "Cart: $36.96, $26.76, $28.66, $17.15, $3.12. A 25% discount applies to everything. About how much do you pay?", "split": "test", "exact_value": 84.49}
{"id": "discounts_001217", "topic": "discounts", "subtopic": "buy_n_get_m", "prompt": "Buy 3 get 1 free on items priced $6.39 each. You take 4 total. About how much do you pay?", "split": "test", "exact_value": 19.17}
{"id": "discounts_001218", "topic": "discounts", "subtopic": "stacked", "prompt": "Stacked deal: 10% off, then $5 coupon if you spend $50 or more. Cart: $27.60, $37.12, $23.90. About how much do you pay?", "split": "test", "exact_value": 74.76}
{"id": "discounts_001219", "topic": "discounts", "subtopic": "bogo", "prompt": "BOGO sale (buy one, get one free; free item is the cheaper one in each pair). Items: $22.74, $19.74, $19.62. About how much do you pay?", "split": "test", "exact_value": 42.36}
{"id": "discounts_001220", "topic": "discounts", "subtopic": "buy_n_get_m", "prompt": "Buy 3 get 3 free on items priced $7.22 each. You take 6 total. About how much do you pay?", "split": "test", "exact_value": 21.66}
{"id": "discounts_001221", "topic": "discounts", "subtopic": "buy_n_get_m", "prompt": "Buy 5 get 1 free on items priced $3.17 each. You take 10 total. About how much do you pay?", "split": "test", "exact_value": 28.53}
{"id": "discounts_001222", "topic": "discounts", "subtopic": "bogo", "prompt": "BOGO sale (buy one, get one free; free item is the cheaper one in each pair). Items: $22.61, $9.68, $6.01. About how much do you pay?", "split": "test", "exact_value": 28.62}
{"id": "discounts_001223", "topic": "discounts", "subtopic": "bogo", "prompt": "BOGO sale (buy one, get one free; free item is the cheaper one in each pair). Items: $9.89, $5.43, $1.64. About how much do you pay?", "split": "test", "exact_value": 11.53}
{"id": "discounts_001224", "topic": "discounts", "subtopic": "percent", "prompt": "Cart: $41.04, $45.57, $40.84. A 20% discount applies to everything. About how much do you pay?", "split": "test", "exact_value": 101.96}
{"id": "discounts_001225", "topic": "discounts", "subtopic": "percent", "prompt": "Cart: $32.05, $37.27. A 20% discount applies to everything. About how much do you pay?", "split": "test", "exact_value": 55.46}
{"id": "discounts_001226", "topic": "discounts", "subtopic": "buy_n_get_m", "prompt": "Buy 5 get 3 free on items priced $3.63 each. You take 8 total. About how much do you pay?", "split": "test", "exact_value": 18.15}
{"id": "discounts_001227", "topic": "discounts", "subtopic": "bogo", "prompt": "BOGO sale (buy one, get one free; free item is the cheaper one in each pair). Items: $20.60, $20.49, $19.90, $15.14, $8.18. About how much do you pay?", "split": "test", "exact_value": 48.68}
{"id": "discounts_001228", "topic": "discounts", "subtopic": "stacked", "prompt": "Stacked deal: 10% off, then $5 coupon if you spend $40 or more. Cart: $30.93, $12.08, $35.37, $13.89. About how much do you pay?", "split": "test", "exact_value": 78.04}
{"id": "discounts_001229", "topic": "discounts", "subtopic": "stacked", "prompt": "Stacked deal: 10% off, then $5 coupon if you spend $30 or more. Cart: $7.88, $33.03, $3.98, $23.87, $30.39, $39.98. About how much do you pay?", "split": "test", "exact_value": 120.22}
{"id": "discounts_001230", "topic": "discounts", "subtopic": "buy_n_get_m", "prompt": "Buy 3 get 1 free on items priced $6.38 each. You take 8 total. About how much do you pay?", "split": "test", "exact_value": 38.28}
{"id": "discounts_001231", "topic": "discounts", "subtopic": "percent", "prompt": "Cart: $39.65, $38.30, $21.45, $45.65, $31.74. A 30% discount applies to everything. About how much do you pay?", "split": "test", "exact_value": 123.75}
{"id": "discounts_001232", "topic": "discounts", "subtopic": "bogo", "prompt": "BOGO sale (buy one, get one free; free item is the cheaper one in each pair). Items: $7.19, $4.26. About how much do you pay?", "split": "test", "exact_value": 7.19}
{"id": "discounts_001233", "topic": "discounts", "subtopic": "threshold", "prompt": "Threshold coupon applies: $10 off $25+ spend. Cart: $11.12, $21.31, $15.11, $17.37, $9.75. About how much do you pay?", "split": "test", "exact_value": 64.66}
{"id": "discounts_001234", "topic": "discounts", "subtopic": "bogo", "prompt": "BOGO sale (buy one, get one free; free item is the cheaper one in each pair). Items: $19.70, $16.11, $12.02, $7.79, $6.26, $3.67. About how much do you pay?", "split": "test", "exact_value": 37.98}
{"id": "discounts_001235", "topic": "discounts", "subtopic": "percent", "prompt": "Cart: $11.49, $23.97, $36.03. A 10% discount applies to everything. About how much do you pay?", "split": "test", "exact_value": 64.34}
{"id": "discounts_001236", "topic": "discounts", "subtopic": "threshold", "prompt": "Threshold coupon applies: $10 off $40+ spend. Cart: $12.35, $18.42, $37.98, $34.77. About how much do you pay?", "split": "test", "exact_value": 93.52}
{"id": "discounts_001237", "topic": "discounts", "subtopic": "buy_n_get_m", "prompt": "Buy 5 get 3 free on items priced $2.47 each. You take 14 total. About how much do you pay?", "split": "test", "exact_value": 24.7}
{"id": "discounts_001238", "topic": "discounts", "subtopic": "buy_n_get_m", "prompt": "Buy 3 get 3 free on items priced $3.98 each. You take 6 total. About how much do you pay?", "split": "test", "exact_value": 11.94}
{"id": "discounts_001239", "topic": "discounts", "subtopic": "stacked", "prompt": "Stacked deal: 20% off, then $10 coupon if you spend $40 or more. Cart: $7.45, $32.91, $11.45, $3.16, $24.93, $27.40. About how much do you pay?", "split": "test", "exact_value": 75.84}
{"id": "discounts_001240", "topic": "discounts", "subtopic": "bogo", "prompt": "BOGO sale (buy one, get one free; free item is the cheaper one in each pair). Items: $9.81, $5.40, $3.98, $2.93. About how much do you pay?", "split": "test", "exact_value": 13.79}
{"id": "discounts_001241", "topic": "discounts", "subtopic": "bogo", "prompt": "BOGO sale (buy one, get one free; free item is the cheaper one in each pair). Items: $18.41, $9.82, $8.96, $7.86. About how much do you pay?", "split": "test", "exact_value": 27.37}
{"id": "discounts_001242", "topic": "discounts", "subtopic": "bogo", "prompt": "BOGO sale (buy one, get one free; free item is the cheaper one in each pair). Items: $15.16, $3.96. About how much do you pay?", "split": "test", "exact_value": 15.16}
{"id": "discounts_001243", "topic": "discounts", "subtopic": "bogo", "prompt": "BOGO sale (buy one, get one free; free item is the cheaper one in each pair). Items: $13.65, $11.87. About how much do you pay?", "split": "test", "exact_value": 13.65}
{"id": "discounts_001244", "topic": "discounts", "subtopic": "stacked", "prompt": "Stacked deal: 10% off, then $5 coupon if you spend $30 or more. Cart: $26.59, $12.64, $25.39, $7.68, $28.61, $12.29. About how much do you pay?", "split": "test", "exact_value": 96.88}
{"id": "discounts_001245", "topic": "discounts", "subtopic": "stacked", "prompt": "Stacked deal: 20% off, then $5 coupon if you spend $30 or more. Cart: $29.19, $12.40, $32.51, $14.88. About how much do you pay?", "split": "test", "exact_value": 66.18}
{"id": "discounts_001246", "topic": "discounts", "subtopic": "percent", "prompt": "Cart: $39.26, $25.70, $4.94, $26.15. A 25% discount applies to everything. About how much do you pay?", "split": "test", "exact_value": 72.04}
{"id": "discounts_001247", "topic": "discounts", "subtopic": "stacked", "prompt": "Stacked deal: 20% off, then $10 coupon if you spend $40 or more. Cart: $38.57, $35.57, $31.02, $24.78. About how much do you pay?", "split": "test", "exact_value": 93.95}
{"id": "discounts_001248", "topic": "discounts", "subtopic": "percent", "prompt": "Cart: $44.00, $47.30, $10.79, $24.95. A 30% discount applies to everything. About how much do you pay?", "split": "test", "exact_value": 88.93}
{"id": "discounts_001249", "topic": "discounts", "subtopic": "buy_n_get_m", "prompt": "Buy 4 get 1 free on items priced $7.73 each. You take 9 total. About how much do you pay?", "split": "test", "exact_value": 61.84}
{"id": "discounts_001250", "topic": "discounts", "subtopic": "buy_n_get_m", "prompt": "Buy 4 get 3 free on items priced $5.63 each. You take 10 total. About how much do you pay?", "split": "test", "exact_value": 39.41}
{"id": "discounts_001251", "topic": "discounts", "subtopic": "stacked", "prompt": "Stacked deal: 10% off, then $5 coupon if you spend $40 or more. Cart: $38.98, $14.85, $19.17, $32.36. About how much do you pay?", "split": "test", "exact_value": 89.82}
{"id": "discounts_001252", "topic": "discounts", "subtopic": "percent", "prompt": "Cart: $21.69, $8.88, $30.46, $10.90. A 20% discount applies to everything. About how much do you pay?", "split": "test", "exact_value": 57.54}
{"id": "discounts_001253", "topic": "discounts", "subtopic": "bogo", "prompt": "BOGO sale (buy one, get one free; free item is the cheaper one in each pair). Items: $18.81, $15.25, $5.46, $3.37. About how much do you pay?", "split": "test", "exact_value": 24.27}
{"id": "discounts_001254", "topic": "discounts", "subtopic": "bogo", "prompt": "BOGO sale (buy one, get one free; free item is the cheaper one in each pair). Items: $19.23, $9.72, $5.80. About how much do you pay?", "split": "test", "exact_value": 25.03}
{"id": "discounts_001255", "topic": "discounts", "subtopic": "stacked", "prompt": "Stacked deal: 15% off, then $5 coupon if you spend $40 or more. Cart: $16.04, $32.44, $37.54, $18.00. About how much do you pay?", "split": "test", "exact_value": 83.42}
{"id": "discounts_001256", "topic": "discounts", "subtopic": "stacked", "prompt": "Stacked deal: 10% off, then $10 coupon if you spend $30 or more. Cart: $9.97, $31.13, $35.58, $26.90, $6.34, $37.98. About how much do you pay?", "split": "test", "exact_value": 123.11}
{"id": "discounts_001257", "topic": "discounts", "subtopic": "percent", "prompt": "Cart: $29.77, $11.22, $3.53, $3.62. A 25% discount applies to everything. About how much do you pay?", "split": "test", "exact_value": 36.11}
{"id": "discounts_001258", "topic": "discounts", "subtopic": "threshold", "prompt": "Threshold coupon applies: $5 off $50+ spend. Cart: $33.92, $19.95, $8.83. About how much do you pay?", "split": "test", "exact_value": 57.7}
{"id": "discounts_001259", "topic": "discounts", "subtopic": "buy_n_get_m", "prompt": "Buy 4 get 1 free on items priced $7.46 each. You take 9 total. About how much do you pay?", "split": "test", "exact_value": 59.68}
{"id": "discounts_001260", "topic": "discounts", "subtopic": "buy_n_get_m", "prompt": "Buy 3 get 1 free on items priced $4.29 each. You take 7 total. About how much do you pay?", "split": "test", "exact_value": 25.74}
{"id": "discounts_001261", "topic": "discounts", "subtopic": "buy_n_get_m", "prompt": "Buy 3 get 3 free on items priced $5.70 each. You take 7 total. About how much do you pay?", "split": "test", "exact_value": 22.8}
{"id": "discounts_001262", "topic": "discounts", "subtopic": "stacked", "prompt": "Stacked deal: 10% off, then $5 coupon if you spend $40 or more. Cart: $4.84, $31.12, $24.26. About how much do you pay?", "split": "test", "exact_value": 49.2}
{"id": "discounts_001263", "topic": "discounts", "subtopic": "stacked", "prompt": "Stacked deal: 20% off, then $10 coupon if you spend $30 or more. Cart: $7.97, $14.01, $20.15, $6.20. About how much do you pay?", "split": "test", "exact_value": 28.66}
{"id": "discounts_001264", "topic": "discounts", "subtopic": "percent", "prompt": "Cart: $22.72, $3.99. A 30% discount applies to everything. About how much do you pay?", "split": "test", "exact_value": 18.7}
{"id": "discounts_001265", "topic": "discounts", "subtopic": "bogo", "prompt": "BOGO sale (buy one, get one free; free item is the cheaper one in each pair). Items: $23.19, $12.91, $10.90, $10.89, $2.37. About how much do you pay?", "split": "test", "exact_value": 36.46}
{"id": "discounts_001266", "topic": "discounts", "subtopic": "threshold", "prompt": "Threshold coupon applies: $10 off $30+ spend. Cart: $21.05, $19.68. About how much do you pay?", "split": "test", "exact_value": 30.73}
{"id": "discounts_001267", "topic": "discounts", "subtopic": "buy_n_get_m", "prompt": "Buy 5 get 3 free on items priced $2.91 each. You take 13 total. About how much do you pay?", "split": "test", "exact_value": 29.1}
{"id": "discounts_001268", "topic": "discounts", "subtopic": "percent", "prompt": "Cart: $29.89, $13.72. A 15% discount applies to everything. About how much do you pay?", "split": "test", "exact_value": 37.07}
{"id": "discounts_001269", "topic": "discounts", "subtopic": "bogo", "prompt": "BOGO sale (buy one, get one free; free item is the cheaper one in each pair). Items: $11.94, $11.49, $11.45, $4.94. About how much do you pay?", "split": "test", "exact_value": 23.39}
{"id": "discounts_001270", "topic": "discounts", "subtopic": "bogo", "prompt": "BOGO sale (buy one, get one free; free item is the cheaper one in each pair). Items: $21.87, $6.32. About how much do you pay?", "split": "test", "exact_value": 21.87}
{"id": "discounts_001271", "topic": "discounts", "subtopic": "bogo", "prompt": "BOGO sale (buy one, get one free; free item is the cheaper one in each pair). Items: $20.12, $18.23, $16.60, $7.58, $4.18. About how much do you pay?", "split": "test", "exact_value": 40.9}
{"id": "discounts_001272", "topic": "discounts", "subtopic": "threshold", "prompt": "Threshold coupon applies: $5 off $40+ spend. Cart: $8.93, $11.19, $7.56, $16.55. About how much do you pay?", "split": "test", "exact_value": 39.23}
{"id": "discounts_001273", "topic": "discounts", "subtopic": "bogo", "prompt": "BOGO sale (buy one, get one free; free item is the cheaper one in each pair). Items: $22.52, $13.79, $12.69, $12.53, $5.69. About how much do you pay?", "split": "test", "exact_value": 40.9}
{"id": "discounts_001274", "topic": "discounts", "subtopic": "threshold", "prompt": "Threshold coupon applies: $15 off $40+ spend. Cart: $19.18, $28.92. About how much do you pay?", "split": "test", "exact_value": 33.1}
{"id": "discounts_001275", "topic": "discounts", "subtopic": "buy_n_get_m", "prompt": "Buy 3 get 2 free on items priced $2.66 each. You take 8 total. About how much do you pay?", "split": "test", "exact_value": 15.96}
{"id": "discounts_001276", "topic": "discounts", "subtopic": "percent", "prompt": "Cart: $18.40, $18.98, $27.04, $23.73, $49.90. A 25% discount applies to everything. About how much do you pay?", "split": "test", "exact_value": 103.54}
{"id": "discounts_001277", "topic": "discounts", "subtopic": "stacked", "prompt": "Stacked deal: 20% off, then $10 coupon if you spend $30 or more. Cart: $9.37, $28.79, $4.51, $9.23. About how much do you pay?", "split": "test", "exact_value": 31.52}
{"id": "discounts_001278", "topic": "discounts", "subtopic": "buy_n_get_m", "prompt": "Buy 4 get 1 free on items priced $3.22 each. You take 8 total. About how much do you pay?", "split": "test", "exact_value": 22.54}
{"id": "discounts_001279", "topic": "discounts", "subtopic": "bogo", "prompt": "BOGO sale (buy one, get one free; free item is the cheaper one in each pair). Items: $11.56, $9.37, $7.80. About how much do you pay?", "split": "test", "exact_value": 19.36}
{"id": "discounts_001280", "topic": "discounts", "subtopic": "bogo", "prompt": "BOGO sale (buy one, get one free; free item is the cheaper one in each pair). Items: $20.85, $19.37, $14.95, $12.03, $9.92, $1.74. About how much do you pay?", "split": "test", "exact_value": 45.72}
{"id": "discounts_001281", "topic": "discounts", "subtopic": "buy_n_get_m", "prompt": "Buy 4 get 3 free on items priced $6.51 each. You take 10 total. About how much do you pay?", "split": "test", "exact_value": 45.57}
{"id": "discounts_001282", "topic": "discounts", "subtopic": "threshold", "prompt": "Threshold coupon applies: $5 off $50+ spend. Cart: $19.04, $24.43, $14.10. About how much do you pay?", "split": "test", "exact_value": 52.57}
{"id": "discounts_001283", "topic": "discounts", "subtopic": "bogo", "prompt": "BOGO sale (buy one, get one free; free item is the cheaper one in each pair). Items: $23.99, $18.08, $15.49, $11.69, $2.98, $1.77. About how much do you pay?", "split": "test", "exact_value": 42.46}
{"id": "discounts_001284", "topic": "discounts", "subtopic": "bogo", "prompt": "BOGO sale (buy one, get one free; free item is the cheaper one in each pair). Items: $22.04, $18.93, $16.20, $8.84, $7.79, $3.64. About how much do you pay?", "split": "test", "exact_value": 46.03}
{"id": "discounts_001285", "topic": "discounts", "subtopic": "buy_n_get_m", "prompt": "Buy 5 get 3 free on items priced $3.01 each. You take 8 total. About how much do you pay?", "split": "test", "exact_value": 15.05}
{"id": "discounts_001286", "topic": "discounts", "subtopic": "percent", "prompt": "Cart: $25.41, $6.64, $34.57. A 10% discount applies to everything. About how much do you pay?", "split": "test", "exact_value": 59.96}
{"id": "discounts_001287", "topic": "discounts", "subtopic": "buy_n_get_m", "prompt": "Buy 5 get 3 free on items priced $4.67 each. You take 14 total. About how much do you pay?", "split": "test", "exact_value": 46.7}
{"id": "discounts_001288", "topic": "discounts", "subtopic": "percent", "prompt": "Cart: $13.43, $26.73, $45.60, $15.30. A 15% discount applies to everything. About how much do you pay?", "split": "test", "exact_value": 85.9}
{"id": "discounts_001289", "topic": "discounts", "subtopic": "threshold", "prompt": "Threshold coupon applies: $15 off $50+ spend. Cart: $18.25, $17.50. About how much do you pay?", "split": "test", "exact_value": 35.75}
{"id": "discounts_001290", "topic": "discounts", "subtopic": "buy_n_get_m", "prompt": "Buy 4 get 2 free on items priced $7.20 each. You take 12 total. About how much do you pay?", "split": "test", "exact_value": 57.6}
{"id": "discounts_001291", "topic": "discounts", "subtopic": "threshold", "prompt": "Threshold coupon applies: $10 off $25+ spend. Cart: $28.45, $17.95, $12.41. About how much do you pay?", "split": "test", "exact_value": 48.81}
{"id": "discounts_001292", "topic": "discounts", "subtopic": "buy_n_get_m", "prompt": "Buy 3 get 3 free on items priced $7.22 each. You take 8 total. About how much do you pay?", "split": "test", "exact_value": 36.1}
{"id": "discounts_001293", "topic": "discounts", "subtopic": "stacked", "prompt": "Stacked deal: 20% off, then $5 coupon if you spend $30 or more. Cart: $37.71, $8.51, $20.58. About how much do you pay?", "split": "test", "exact_value": 48.44}
{"id": "discounts_001294", "topic": "discounts", "subtopic": "percent", "prompt": "Cart: $18.71, $35.77, $33.53, $42.36. A 25% discount applies to everything. About how much do you pay?", "split": "test", "exact_value": 97.78}
{"id": "discounts_001295", "topic": "discounts", "subtopic": "percent", "prompt": "Cart: $48.88, $20.07, $38.38, $23.13. A 20% discount applies to everything. About how much do you pay?", "split": "test", "exact_value": 104.37}
{"id": "discounts_001296", "topic": "discounts", "subtopic": "percent", "prompt": "Cart: $36.17, $23.87, $45.99. A 30% discount applies to everything. About how much do you pay?", "split": "test", "exact_value": 74.22}
{"id": "discounts_001297", "topic": "discounts", "subtopic": "stacked", "prompt": "Stacked deal: 10% off, then $10 coupon if you spend $40 or more. Cart: $10.81, $17.66, $26.84, $27.63. About how much do you pay?", "split": "test", "exact_value": 64.65}
{"id": "discounts_001298", "topic": "discounts", "subtopic": "percent", "prompt": "Cart: $11.59, $11.61, $22.27. A 25% discount applies to everything. About how much do you pay?", "split": "test", "exact_value": 34.1}
{"id": "discounts_001299", "topic": "discounts", "subtopic": "stacked", "prompt": "Stacked deal: 15% off, then $5 coupon if you spend $40 or more. Cart: $31.71, $25.72, $31.52, $19.72, $26.93. About how much do you pay?", "split": "test", "exact_value": 110.26}
{"id": "discounts_001300", "topic": "discounts", "subtopic": "stacked", "prompt": "Stacked deal: 15% off, then $10 coupon if you spend $30 or more. Cart: $28.01, $32.90, $4.72, $20.41, $10.58. About how much do you pay?", "split": "test", "exact_value": 72.13}
{"id": "discounts_001301", "topic": "discounts", "subtopic": "bogo", "prompt": "BOGO sale (buy one, get one free; free item is the cheaper one in each pair). Items: $21.90, $18.92, $17.79, $13.33, $12.81, $10.89. About how much do you pay?", "split": "test", "exact_value": 52.5}
{"id": "discounts_001302", "topic": "discounts", "subtopic": "buy_n_get_m", "prompt": "Buy 5 get 2 free on items priced $6.68 each. You take 7 total. About how much do you pay?", "split": "test", "exact_value": 33.4}
{"id": "discounts_001303", "topic": "discounts", "subtopic": "buy_n_get_m", "prompt": "Buy 3 get 1 free on items priced $5.20 each. You take 7 total. About how much do you pay?", "split": "test", "exact_value": 31.2}
{"id": "discounts_001304", "topic": "discounts", "subtopic": "percent", "prompt": "Cart: $33.44, $29.36, $38.94, $38.94. A 30% discount applies to everything. About how much do you pay?", "split": "test", "exact_value": 98.48}
{"id": "discounts_001305", "topic": "discounts", "subtopic": "threshold", "prompt": "Threshold coupon applies: $15 off $30+ spend. Cart: $5.06, $18.06, $10.72, $6.19, $6.50. About how much do you pay?", "split": "test", "exact_value": 31.53}
{"id": "discounts_001306", "topic": "discounts", "subtopic": "percent", "prompt": "Cart: $12.00, $41.04, $30.31, $39.03, $26.91. A 30% discount applies to everything. About how much do you pay?", "split": "test", "exact_value": 104.5}
{"id": "discounts_001307", "topic": "discounts", "subtopic": "percent", "prompt": "Cart: $26.05, $29.40, $22.67. A 20% discount applies to everything. About how much do you pay?", "split": "test", "exact_value": 62.5}
{"id": "discounts_001308", "topic": "discounts", "subtopic": "bogo", "prompt": "BOGO sale (buy one, get one free; free item is the cheaper one in each pair). Items: $22.98, $12.39, $12.24. About how much do you pay?", "split": "test", "exact_value": 35.22}
{"id": "discounts_001309", "topic": "discounts", "subtopic": "percent", "prompt": "Cart: $41.64, $17.46, $15.32, $22.04, $16.71. A 10% discount applies to everything. About how much do you pay?", "split": "test", "exact_value": 101.85}
{"id": "discounts_001310", "topic": "discounts", "subtopic": "bogo", "prompt": "BOGO sale (buy one, get one free; free item is the cheaper one in each pair). Items: $23.90, $22.27, $17.34, $14.08, $7.07, $7.00. About how much do you pay?", "split": "test", "exact_value": 48.31}
{"id": "discounts_001311", "topic": "discounts", "subtopic": "buy_n_get_m", "prompt": "Buy 5 get 3 free on items priced $3.46 each. You take 8 total. About how much do you pay?", "split": "test", "exact_value": 17.3}
{"id": "discounts_001312", "topic": "discounts", "subtopic": "percent", "prompt": "Cart: $19.85, $29.57, $48.97, $24.12. A 25% discount applies to everything. About how much do you pay?", "split": "test", "exact_value": 91.88}
{"id": "discounts_001313", "topic": "discounts", "subtopic": "stacked", "prompt": "Stacked deal: 15% off, then $5 coupon if you spend $40 or more. Cart: $5.34, $15.57, $22.92, $10.01. About how much do you pay?", "split": "test", "exact_value": 40.76}
{"id": "discounts_001314", "topic": "discounts", "subtopic": "buy_n_get_m", "prompt": "Buy 5 get 3 free on items priced $3.00 each. You take 12 total. About how much do you pay?", "split": "test", "exact_value": 27.0}
{"id": "discounts_001315", "topic": "discounts", "subtopic": "bogo", "prompt": "BOGO sale (buy one, get one free; free item is the cheaper one in each pair). Items: $19.89, $17.88. About how much do you pay?", "split": "test", "exact_value": 19.89}
{"id": "discounts_001316", "topic": "discounts", "subtopic": "percent", "prompt": "Cart: $37.05, $8.24, $25.15, $43.41, $3.25. A 25% discount applies to everything. About how much do you pay?", "split": "test", "exact_value": 87.83}
{"id": "discounts_001317", "topic": "discounts", "subtopic": "buy_n_get_m", "prompt": "Buy 5 get 1 free on items priced $5.80 each. You take 8 total. About how much do you pay?", "split": "test", "exact_value": 40.6}
{"id": "discounts_001318", "topic": "discounts", "subtopic": "stacked", "prompt": "Stacked deal: 20% off, then $5 coupon if you spend $50 or more. Cart: $6.80, $27.06, $12.34. About how much do you pay?", "split": "test", "exact_value": 36.96}
{"id": "discounts_001319", "topic": "discounts", "subtopic": "stacked", "prompt": "Stacked deal: 10% off, then $10 coupon if you spend $30 or more. Cart: $15.15, $10.38, $19.59. About how much do you pay?", "split": "test", "exact_value": 30.61}
{"id": "discounts_001320", "topic": "discounts", "subtopic": "percent", "prompt": "Cart: $22.37, $17.01, $23.96. A 10% discount applies to everything. About how much do you pay?", "split": "test", "exact_value": 57.01}
{"id": "discounts_001321", "topic": "discounts", "subtopic": "bogo", "prompt": "BOGO sale (buy one, get one free; free item is the cheaper one in each pair). Items: $14.17, $13.55. About how much do you pay?", "split": "test", "exact_value": 14.17}
{"id": "discounts_001322", "topic": "discounts", "subtopic": "stacked", "prompt": "Stacked deal: 20% off, then $5 coupon if you spend $40 or more. Cart: $19.80, $17.87, $22.55. About how much do you pay?", "split": "test", "exact_value": 43.18}
{"id": "discounts_001323", "topic": "discounts", "subtopic": "buy_n_get_m", "prompt": "Buy 5 get 2 free on items priced $6.90 each. You take 7 total. About how much do you pay?", "split": "test", "exact_value": 34.5}
{"id": "discounts_001324", "topic": "discounts", "subtopic": "percent", "prompt": "Cart: $9.91, $26.85, $30.22, $18.92, $29.54. A 25% discount applies to everything. About how much do you pay?", "split": "test", "exact_value": 86.58}
{"id": "discounts_001325", "topic": "discounts", "subtopic": "buy_n_get_m", "prompt": "Buy 4 get 3 free on items priced $2.07 each. You take 7 total. About how much do you pay?", "split": "test", "exact_value": 8.28}
{"id": "discounts_001326", "topic": "discounts", "subtopic": "threshold", "prompt": "Threshold coupon applies: $5 off $50+ spend. Cart: $29.88, $35.83. About how much do you pay?", "split": "test", "exact_value": 60.71}
{"id": "discounts_001327", "topic": "discounts", "subtopic": "bogo", "prompt": "BOGO sale (buy one, get one free; free item is the cheaper one in each pair). Items: $21.25, $14.59, $13.95, $11.03, $4.60. About how much do you pay?", "split": "test", "exact_value": 39.8}
{"id": "discounts_001328", "topic": "discounts", "subtopic": "bogo", "prompt": "BOGO sale (buy one, get one free; free item is the cheaper one in each pair). Items: $23.18, $19.29, $6.06, $5.61, $4.31, $2.83. About how much do you pay?", "split": "test", "exact_value": 33.55}
{"id": "discounts_001329", "topic": "discounts", "subtopic": "buy_n_get_m", "prompt": "Buy 3 get 2 free on items priced $3.31 each. You take 9 total. About how much do you pay?", "split": "test", "exact_value": 19.86}
{"id": "discounts_001330", "topic": "discounts", "subtopic": "threshold", "prompt": "Threshold coupon applies: $5 off $50+ spend. Cart: $27.10, $16.01, $22.78. About how much do you pay?", "split": "test", "exact_value": 60.89}
{"id": "discounts_001331", "topic": "discounts", "subtopic": "percent", "prompt": "Cart: $3.50, $38.07, $41.08. A 15% discount applies to everything. About how much do you pay?", "split": "test", "exact_value": 70.25}
{"id": "discounts_001332", "topic": "discounts", "subtopic": "buy_n_get_m", "prompt": "Buy 4 get 1 free on items priced $2.54 each. You take 8 total. About how much do you pay?", "split": "test", "exact_value": 17.78}
{"id": "discounts_001333", "topic": "discounts", "subtopic": "stacked", "prompt": "Stacked deal: 10% off, then $10 coupon if you spend $40 or more. Cart: $24.66, $37.73, $8.77. About how much do you pay?", "split": "test", "exact_value": 54.04}
{"id": "discounts_001334", "topic": "discounts", "subtopic": "bogo", "prompt": "BOGO sale (buy one, get one free; free item is the cheaper one in each pair). Items: $22.86, $5.78. About how much do you pay?", "split": "test", "exact_value": 22.86}
{"id": "discounts_001335", "topic": "discounts", "subtopic": "stacked", "prompt": "Stacked deal: 10% off, then $10 coupon if you spend $30 or more. Cart: $17.98, $33.20, $29.05, $12.24, $16.93, $31.15. About how much do you pay?", "split": "test", "exact_value": 116.5}
{"id": "discounts_001336", "topic": "discounts", "subtopic": "bogo", "prompt": "BOGO sale (buy one, get one free; free item is the cheaper one in each pair). Items: $22.44, $21.33, $9.76, $8.97, $8.74. About how much do you pay?", "split": "test", "exact_value": 40.94}
{"id": "discounts_001337", "topic": "discounts", "subtopic": "bogo", "prompt": "BOGO sale (buy one, get one free; free item is the cheaper one in each pair). Items: $20.65, $20.05, $19.21, $17.94, $7.50. About how much do you pay?", "split": "test", "exact_value": 47.36}
{"id": "discounts_001338", "topic": "discounts", "subtopic": "buy_n_get_m", "prompt": "Buy 3 get 2 free on items priced $5.91 each. You take 10 total. About how much do you pay?", "split": "test", "exact_value": 35.46}
{"id": "discounts_001339", "topic": "discounts", "subtopic": "buy_n_get_m", "prompt": "Buy 5 get 3 free on items priced $6.95 each. You take 10 total. About how much do you pay?", "split": "test", "exact_value": 48.65}
{"id": "discounts_001340", "topic": "discounts", "subtopic": "percent", "prompt": "Cart: $44.08, $29.78, $49.90, $14.68. A 20% discount applies to everything. About how much do you pay?", "split": "test", "exact_value": 110.75}
{"id": "discounts_001341", "topic": "discounts", "subtopic": "buy_n_get_m", "prompt": "Buy 4 get 2 free on items priced $7.59 each. You take 7 total. About how much do you pay?", "split": "test", "exact_value": 37.95}
{"id": "discounts_001342", "topic": "discounts", "subtopic": "bogo", "prompt": "BOGO sale (buy one, get one free; free item is the cheaper one in each pair). Items: $10.97, $6.91, $2.39. About how much do you pay?", "split": "test", "exact_value": 13.36}
{"id": "discounts_001343", "topic": "discounts", "subtopic": "threshold", "prompt": "Threshold coupon applies: $5 off $30+ spend. Cart: $14.20, $6.64, $17.41, $15.16, $33.39. About how much do you pay?", "split": "test", "exact_value": 81.8}
{"id": "discounts_001344", "topic": "discounts", "subtopic": "percent", "prompt": "Cart: $11.73, $27.64, $11.66, $48.17. A 30% discount applies to everything. About how much do you pay?", "split": "test", "exact_value": 69.44}
{"id": "discounts_001345", "topic": "discounts", "subtopic": "stacked", "prompt": "Stacked deal: 20% off, then $10 coupon if you spend $50 or more. Cart: $3.40, $18.42, $5.68, $19.78. About how much do you pay?", "split": "test", "exact_value": 37.82}
{"id": "discounts_001346", "topic": "discounts", "subtopic": "bogo", "prompt": "BOGO sale (buy one, get one free; free item is the cheaper one in each pair). Items: $24.64, $22.46, $10.35. About how much do you pay?", "split": "test", "exact_value": 34.99}
{"id": "discounts_001347", "topic": "discounts", "subtopic": "stacked", "prompt": "Stacked deal: 10% off, then $10 coupon if you spend $30 or more. Cart: $24.75, $30.27, $32.26, $30.15. About how much do you pay?", "split": "test", "exact_value": 95.69}
{"id": "discounts_001348", "topic": "discounts", "subtopic": "stacked", "prompt": "Stacked deal: 15% off, then $10 coupon if you spend $30 or more. Cart: $35.00, $17.78, $22.04, $29.26, $19.67, $9.92. About how much do you pay?", "split": "test", "exact_value": 103.62}
{"id": "discounts_001349", "topic": "discounts", "subtopic": "percent", "prompt": "Cart: $14.97, $11.11, $27.58. A 20% discount applies to everything. About how much do you pay?", "split": "test", "exact_value": 42.93}
{"id": "discounts_001350", "topic": "discounts", "subtopic": "stacked", "prompt": "Stacked deal: 20% off, then $5 coupon if you spend $30 or more. Cart: $6.53, $10.40, $22.52, $10.01. About how much do you pay?", "split": "test", "exact_value": 34.57}
{"id": "discounts_001351", "topic": "discounts", "subtopic": "bogo", "prompt": "BOGO sale (buy one, get one free; free item is the cheaper one in each pair). Items: $16.82, $8.48, $3.05, $1.72, $1.59. About how much do you pay?", "split": "test", "exact_value": 21.46}
{"id": "discounts_001352", "topic": "discounts", "subtopic": "threshold", "prompt": "Threshold coupon applies: $5 off $30+ spend. Cart: $9.27, $26.20, $30.88, $6.41, $32.52. About how much do you pay?", "split": "test", "exact_value": 100.28}
{"id": "discounts_001353", "topic": "discounts", "subtopic": "buy_n_get_m", "prompt": "Buy 5 get 1 free on items priced $6.24 each. You take 7 total. About how much do you pay?", "split": "test", "exact_value": 37.44}
{"id": "discounts_001354", "topic": "discounts", "subtopic": "buy_n_get_m", "prompt": "Buy 3 get 3 free on items priced $2.26 each. You take 12 total. About how much do you pay?", "split": "test", "exact_value": 13.56}
{"id": "discounts_001355", "topic": "discounts", "subtopic": "stacked", "prompt": "Stacked deal: 15% off, then $10 coupon if you spend $50 or more. Cart: $14.88, $36.33, $34.20, $20.38, $4.22, $25.67. About how much do you pay?", "split": "test", "exact_value": 105.33}
{"id": "discounts_001356", "topic": "discounts", "subtopic": "threshold", "prompt": "Threshold coupon applies: $10 off $25+ spend. Cart: $9.74, $32.28, $37.82, $8.87. About how much do you pay?", "split": "test", "exact_value": 78.71}
{"id": "discounts_001357", "topic": "discounts", "subtopic": "stacked", "prompt": "Stacked deal: 20% off, then $10 coupon if you spend $40 or more. Cart: $5.05, $9.75, $15.45, $11.58. About how much do you pay?", "split": "test", "exact_value": 33.46}
{"id": "discounts_001358", "topic": "discounts", "subtopic": "threshold", "prompt": "Threshold coupon applies: $5 off $50+ spend. Cart: $26.40, $13.39. About how much do you pay?", "split": "test", "exact_value": 39.79}
{"id": "discounts_001359", "topic": "discounts", "subtopic": "stacked", "prompt": "Stacked deal: 10% off, then $5 coupon if you spend $30 or more. Cart: $27.00, $34.71, $17.88. About how much do you pay?", "split": "test", "exact_value": 66.63}
{"id": "discounts_001360", "topic": "discounts", "subtopic": "threshold", "prompt": "Threshold coupon applies: $15 off $25+ spend. Cart: $12.85, $37.66, $20.14, $18.70. About how much do you pay?", "split": "test", "exact_value": 74.35}
{"id": "discounts_001361", "topic": "discounts", "subtopic": "threshold", "prompt": "Threshold coupon applies: $5 off $40+ spend. Cart: $39.20, $9.50, $31.51, $36.94. About how much do you pay?", "split": "test", "exact_value": 112.15}
{"id": "discounts_001362", "topic": "discounts", "subtopic": "buy_n_get_m", "prompt": "Buy 4 get 2 free on items priced $3.10 each. You take 8 total. About how much do you pay?", "split": "test", "exact_value": 18.6}
{"id": "discounts_001363", "topic": "discounts", "subtopic": "percent", "prompt": "Cart: $17.94, $48.32, $33.85. A 25% discount applies to everything. About how much do you pay?", "split": "test", "exact_value": 75.08}
{"id": "discounts_001364", "topic": "discounts", "subtopic": "stacked", "prompt": "Stacked deal: 10% off, then $10 coupon if you spend $30 or more. Cart: $34.46, $6.58, $4.91, $21.13, $10.26. About how much do you pay?", "split": "test", "exact_value": 59.61}
{"id": "discounts_001365", "topic": "discounts", "subtopic": "buy_n_get_m", "prompt": "Buy 4 get 1 free on items priced $1.89 each. You take 9 total. About how much do you pay?", "split": "test", "exact_value": 15.12}
{"id": "discounts_001366", "topic": "discounts", "subtopic": "bogo", "prompt": "BOGO sale (buy one, get one free; free item is the cheaper one in each pair). Items: $9.33, $4.94. About how much do you pay?", "split": "test", "exact_value": 9.33}
{"id": "discounts_001367", "topic": "discounts", "subtopic": "stacked", "prompt": "Stacked deal: 15% off, then $5 coupon if you spend $30 or more. Cart: $24.85, $22.07, $10.14. About how much do you pay?", "split": "test", "exact_value": 43.5}
{"id": "discounts_001368", "topic": "discounts", "subtopic": "buy_n_get_m", "prompt": "Buy 4 get 2 free on items priced $6.25 each. You take 8 total. About how much do you pay?", "split": "test", "exact_value": 37.5}
{"id": "discounts_001369", "topic": "discounts", "subtopic": "threshold", "prompt": "Threshold coupon applies: $15 off $50+ spend. Cart: $23.79, $3.99, $13.74, $19.52. About how much do you pay?", "split": "test", "exact_value": 46.04}
{"id": "discounts_001370", "topic": "discounts", "subtopic": "stacked", "prompt": "Stacked deal: 15% off, then $10 coupon if you spend $40 or more. Cart: $35.03, $31.65, $14.65, $5.42, $38.83, $3.18. About how much do you pay?", "split": "test", "exact_value": 99.45}
{"id": "discounts_001371", "topic": "discounts", "subtopic": "percent", "prompt": "Cart: $39.95, $32.59. A 30% discount applies to everything. About how much do you pay?", "split": "test", "exact_value": 50.78}
{"id": "discounts_001372", "topic": "discounts", "subtopic": "buy_n_get_m", "prompt": "Buy 5 get 1 free on items priced $2.07 each. You take 11 total. About how much do you pay?", "split": "test", "exact_value": 20.7}
{"id": "discounts_001373", "topic": "discounts", "subtopic": "bogo", "prompt": "BOGO sale (buy one, get one free; free item is the cheaper one in each pair). Items: $15.71, $15.43, $9.75, $7.50, $6.02, $3.33. About how much do you pay?", "split": "test", "exact_value": 31.48}
{"id": "discounts_001374", "topic": "discounts", "subtopic": "percent", "prompt": "Cart: $26.91, $19.17, $28.59, $6.71. A 10% discount applies to everything. About how much do you pay?", "split": "test", "exact_value": 73.24}
{"id": "discounts_001375", "topic": "discounts", "subtopic": "buy_n_get_m", "prompt": "Buy 4 get 2 free on items priced $7.31 each. You take 8 total. About how much do you pay?", "split": "test", "exact_value": 43.86}
{"id": "discounts_001376", "topic": "discounts", "subtopic": "stacked", "prompt": "Stacked deal: 15% off, then $5 coupon if you spend $30 or more. Cart: $27.75, $12.20, $27.65, $37.10, $4.72, $21.19. About how much do you pay?", "split": "test", "exact_value": 106.02}
{"id": "discounts_001377", "topic": "discounts", "subtopic": "buy_n_get_m", "prompt": "Buy 3 get 1 free on items priced $1.56 each. You take 6 total. About how much do you pay?", "split": "test", "exact_value": 7.8}
{"id": "discounts_001378", "topic": "discounts", "subtopic": "buy_n_get_m", "prompt": "Buy 3 get 3 free on items priced $7.29 each. You take 8 total. About how much do you pay?", "split": "test", "exact_value": 36.45}
{"id": "discounts_001379", "topic": "discounts", "subtopic": "percent", "prompt": "Cart: $31.39, $40.05, $28.65. A 15% discount applies to everything. About how much do you pay?", "split": "test", "exact_value": 85.08}
{"id": "discounts_001380", "topic": "discounts", "subtopic": "percent", "prompt": "Cart: $35.00, $30.65. A 25% discount applies to everything. About how much do you pay?", "split": "test", "exact_value": 49.24}
{"id": "discounts_001381", "topic": "discounts", "subtopic": "bogo", "prompt": "BOGO sale (buy one, get one free; free item is the cheaper one in each pair). Items: $10.23, $7.10. About how much do you pay?", "split": "test", "exact_value": 10.23}
{"id": "discounts_001382", "topic": "discounts", "subtopic": "stacked", "prompt": "Stacked deal: 10% off, then $10 coupon if you spend $30 or more. Cart: $28.32, $13.30, $38.96, $30.51, $27.41, $22.75. About how much do you pay?", "split": "test", "exact_value": 135.13}
{"id": "discounts_001383", "topic": "discounts", "subtopic": "buy_n_get_m", "prompt": "Buy 5 get 2 free on items priced $2.51 each. You take 8 total. About how much do you pay?", "split": "test", "exact_value": 15.06}
{"id": "discounts_001384", "topic": "discounts", "subtopic": "threshold", "prompt": "Threshold coupon applies: $10 off $30+ spend. Cart: $28.90, $29.52, $11.43, $11.32. About how much do you pay?", "split": "test", "exact_value": 71.17}
{"id": "discounts_001385", "topic": "discounts", "subtopic": "threshold", "prompt": "Threshold coupon applies: $10 off $50+ spend. Cart: $11.19, $37.56, $25.77. About how much do you pay?", "split": "test", "exact_value": 64.52}
{"id": "discounts_001386", "topic": "discounts", "subtopic": "buy_n_get_m", "prompt": "Buy 5 get 3 free on items priced $7.02 each. You take 8 total. About how much do you pay?", "split": "test", "exact_value": 35.1}
{"id": "discounts_001387", "topic": "discounts", "subtopic": "threshold", "prompt": "Threshold coupon applies: $5 off $30+ spend. Cart: $5.52, $29.90, $25.77, $21.38, $38.87. About how much do you pay?", "split": "test", "exact_value": 116.44}
{"id": "discounts_001388", "topic": "discounts", "subtopic": "percent", "prompt": "Cart: $28.41, $36.97. A 20% discount applies to everything. About how much do you pay?", "split": "test", "exact_value": 52.3}
{"id": "discounts_001389", "topic": "discounts", "subtopic": "bogo", "prompt": "BOGO sale (buy one, get one free; free item is the cheaper one in each pair). Items: $17.49, $3.65. About how much do you pay?", "split": "test", "exact_value": 17.49}
{"id": "discounts_001390", "topic": "discounts", "subtopic": "bogo", "prompt": "BOGO sale (buy one, get one free; free item is the cheaper one in each pair). Items: $14.67, $14.50, $14.11, $10.39, $3.75. About how much do you pay?", "split": "test", "exact_value": 32.53}
{"id": "discounts_001391", "topic": "discounts", "subtopic": "buy_n_get_m", "prompt": "Buy 4 get 1 free on items priced $2.55 each. You take 6 total. About how much do you pay?", "split": "test", "exact_value": 12.75}
{"id": "discounts_001392", "topic": "discounts", "subtopic": "percent", "prompt": "Cart: $30.91, $21.94. A 20% discount applies to everything. About how much do you pay?", "split": "test", "exact_value": 42.28}
{"id": "discounts_001393", "topic": "discounts", "subtopic": "threshold", "prompt": "Threshold coupon applies: $15 off $50+ spend. Cart: $9.27, $15.28, $25.61. About how much do you pay?", "split": "test", "exact_value": 35.16}
{"id": "discounts_001394", "topic": "discounts", "subtopic": "percent", "prompt": "Cart: $25.43, $15.80, $36.41, $16.91, $37.13. A 10% discount applies to everything. About how much do you pay?", "split": "test", "exact_value": 118.51}
{"id": "discounts_001395", "topic": "discounts", "subtopic": "stacked", "prompt": "Stacked deal: 15% off, then $5 coupon if you spend $40 or more. Cart: $36.98, $36.12, $5.95, $30.77. About how much do you pay?", "split": "test", "exact_value": 88.35}
{"id": "discounts_001396", "topic": "discounts", "subtopic": "stacked", "prompt": "Stacked deal: 15% off, then $10 coupon if you spend $30 or more. Cart: $29.97, $24.32, $18.58, $32.32, $32.73. About how much do you pay?", "split": "test", "exact_value": 107.23}
{"id": "discounts_001397", "topic": "discounts", "subtopic": "bogo", "prompt": "BOGO sale (buy one, get one free; free item is the cheaper one in each pair). Items: $19.33, $10.32, $9.17. About how much do you pay?", "split": "test", "exact_value": 28.5}
{"id": "discounts_001398", "topic": "discounts", "subtopic": "percent", "prompt": "Cart: $13.90, $3.63, $38.19, $6.45. A 30% discount applies to everything. About how much do you pay?", "split": "test", "exact_value": 43.52}
{"id": "discounts_001399", "topic": "discounts", "subtopic": "buy_n_get_m", "prompt": "Buy 4 get 2 free on items priced $1.60 each. You take 12 total. About how much do you pay?", "split": "test", "exact_value": 12.8}
{"id": "discounts_001400", "topic": "discounts", "subtopic": "stacked", "prompt": "Stacked deal: 10% off, then $10 coupon if you spend $30 or more. Cart: $3.21, $36.54, $22.12, $4.78, $37.33, $4.91. About how much do you pay?", "split": "test", "exact_value": 88.0}
{"id": "discounts_001401", "topic": "discounts", "subtopic": "threshold", "prompt": "Threshold coupon applies: $15 off $25+ spend. Cart: $19.61, $4.29, $5.57. About how much do you pay?", "split": "test", "exact_value": 14.47}
{"id": "discounts_001402", "topic": "discounts", "subtopic": "threshold", "prompt": "Threshold coupon applies: $15 off $30+ spend. Cart: $34.14, $26.45, $25.15, $4.38. About how much do you pay?", "split": "test", "exact_value": 75.12}
{"id": "discounts_001403", "topic": "discounts", "subtopic": "percent", "prompt": "Cart: $49.45, $5.75. A 15% discount applies to everything. About how much do you pay?", "split": "test", "exact_value": 46.92}
{"id": "discounts_001404", "topic": "discounts", "subtopic": "percent", "prompt": "Cart: $20.14, $4.09, $15.32. A 15% discount applies to everything. About how much do you pay?", "split": "test", "exact_value": 33.62}
{"id": "discounts_001405", "topic": "discounts", "subtopic": "bogo", "prompt": "BOGO sale (buy one, get one free; free item is the cheaper one in each pair). Items: $21.64, $19.28, $17.85, $14.85, $10.11. About how much do you pay?", "split": "test", "exact_value": 49.6}
{"id": "discounts_001406", "topic": "discounts", "subtopic": "stacked", "prompt": "Stacked deal: 10% off, then $10 coupon if you spend $30 or more. Cart: $38.85, $4.53, $26.05, $22.73. About how much do you pay?", "split": "test", "exact_value": 72.94}
{"id": "discounts_001407", "topic": "discounts", "subtopic": "buy_n_get_m", "prompt": "Buy 4 get 2 free on items priced $7.45 each. You take 11 total. About how much do you pay?", "split": "test", "exact_value": 59.6}
{"id": "discounts_001408", "topic": "discounts", "subtopic": "buy_n_get_m", "prompt": "Buy 4 get 3 free on items priced $3.17 each. You take 9 total. About how much do you pay?", "split": "test", "exact_value": 19.02}
{"id": "discounts_001409", "topic": "discounts", "subtopic": "percent", "prompt": "Cart: $16.42, $29.16, $31.42, $35.58. A 20% discount applies to everything. About how much do you pay?", "split": "test", "exact_value": 90.06}
{"id": "discounts_001410", "topic": "discounts", "subtopic": "bogo", "prompt": "BOGO sale (buy one, get one free; free item is the cheaper one in each pair). Items: $16.31, $14.59, $14.37, $10.64, $4.33, $3.62. About how much do you pay?", "split": "test", "exact_value": 35.01}
{"id": "discounts_001411", "topic": "discounts", "subtopic": "buy_n_get_m", "prompt": "Buy 4 get 2 free on items priced $4.93 each. You take 12 total. About how much do you pay?", "split": "test", "exact_value": 39.44}
{"id": "discounts_001412", "topic": "discounts", "subtopic": "buy_n_get_m", "prompt": "Buy 4 get 1 free on items priced $4.08 each. You take 6 total. About how much do you pay?", "split": "test", "exact_value": 20.4}
{"id": "discounts_001413", "topic": "discounts", "subtopic": "stacked", "prompt": "Stacked deal: 10% off, then $10 coupon if you spend $30 or more. Cart: $8.52, $21.24, $21.31, $14.64, $18.06. About how much do you pay?", "split": "test", "exact_value": 65.39}
{"id": "discounts_001414", "topic": "discounts", "subtopic": "percent", "prompt": "Cart: $42.49, $17.54, $22.87, $24.03, $16.92. A 15% discount applies to everything. About how much do you pay?", "split": "test", "exact_value": 105.27}
{"id": "discounts_001415", "topic": "discounts", "subtopic": "threshold", "prompt": "Threshold coupon applies: $5 off $25+ spend. Cart: $4.57, $11.07, $32.78, $6.25, $22.13. About how much do you pay?", "split": "test", "exact_value": 71.8}
{"id": "discounts_001416", "topic": "discounts", "subtopic": "buy_n_get_m", "prompt": "Buy 5 get 1 free on items priced $7.70 each. You take 6 total. About how much do you pay?", "split": "test", "exact_value": 38.5}
{"id": "discounts_001417", "topic": "discounts", "subtopic": "threshold", "prompt": "Threshold coupon applies: $5 off $50+ spend. Cart: $28.45, $26.84, $7.24. About how much do you pay?", "split": "test", "exact_value": 57.53}
{"id": "discounts_001418", "topic": "discounts", "subtopic": "buy_n_get_m", "prompt": "Buy 4 get 3 free on items priced $4.24 each. You take 14 total. About how much do you pay?", "split": "test", "exact_value": 33.92}
{"id": "discounts_001419", "topic": "discounts", "subtopic": "stacked", "prompt": "Stacked deal: 10% off, then $10 coupon if you spend $30 or more. Cart: $16.81, $9.62, $14.17. About how much do you pay?", "split": "test", "exact_value": 26.54}
{"id": "discounts_001420", "topic": "discounts", "subtopic": "buy_n_get_m", "prompt": "Buy 4 get 1 free on items priced $4.37 each. You take 10 total. About how much do you pay?", "split": "test", "exact_value": 34.96}
{"id": "discounts_001421", "topic": "discounts", "subtopic": "threshold", "prompt": "Threshold coupon applies: $15 off $50+ spend. Cart: $30.34, $17.14, $7.48, $33.21. About how much do you pay?", "split": "test", "exact_value": 73.17}
{"id": "discounts_001422", "topic": "discounts", "subtopic": "percent", "prompt": "Cart: $36.96, $8.78, $46.87, $6.75. A 30% discount applies to everything. About how much do you pay?", "split": "test", "exact_value": 69.55}
{"id": "discounts_001423", "topic": "discounts", "subtopic": "stacked", "prompt": "Stacked deal: 15% off, then $5 coupon if you spend $30 or more. Cart: $19.07, $30.50, $14.10, $29.57, $24.48, $18.89. About how much do you pay?", "split": "test", "exact_value": 111.12}
{"id": "discounts_001424", "topic": "discounts", "subtopic": "bogo", "prompt": "BOGO sale (buy one, get one free; free item is the cheaper one in each pair). Items: $18.26, $16.23, $14.64, $13.12. About how much do you pay?", "split": "test", "exact_value": 32.9}
{"id": "discounts_001425", "topic": "discounts", "subtopic": "threshold", "prompt": "Threshold coupon applies: $5 off $30+ spend. Cart: $17.46, $20.86. About how much do you pay?", "split": "test", "exact_value": 33.32}
{"id": "discounts_001426", "topic": "discounts", "subtopic": "threshold", "prompt": "Threshold coupon applies: $15 off $25+ spend. Cart: $32.84, $7.18, $13.54, $34.79, $33.00. About how much do you pay?", "split": "test", "exact_value": 106.35}
{"id": "discounts_001427", "topic": "discounts", "subtopic": "bogo", "prompt": "BOGO sale (buy one, get one free; free item is the cheaper one in each pair). Items: $12.98, $9.95, $2.09. About how much do you pay?", "split": "test", "exact_value": 15.07}
{"id": "discounts_001428", "topic": "discounts", "subtopic": "bogo", "prompt": "BOGO sale (buy one, get one free; free item is the cheaper one in each pair). Items: $21.47, $18.09, $4.87. About how much do you pay?", "split": "test", "exact_value": 26.34}
{"id": "discounts_001429", "topic": "discounts", "subtopic": "threshold", "prompt": "Threshold coupon applies: $10 off $50+ spend. Cart: $32.29, $8.79, $24.35. About how much do you pay?", "split": "test", "exact_value": 55.43}
{"id": "discounts_001430", "topic": "discounts", "subtopic": "buy_n_get_m", "prompt": "Buy 5 get 1 free on items priced $1.75 each. You take 8 total. About how much do you pay?", "split": "test", "exact_value": 12.25}
{"id": "discounts_001431", "topic": "discounts", "subtopic": "bogo", "prompt": "BOGO sale (buy one, get one free; free item is the cheaper one in each pair). Items: $23.46, $22.54, $20.65. About how much do you pay?", "split": "test", "exact_value": 44.11}
{"id": "discounts_001432", "topic": "discounts", "subtopic": "threshold", "prompt": "Threshold coupon applies: $15 off $30+ spend. Cart: $26.21, $25.36, $10.72, $9.94, $21.03. About how much do you pay?", "split": "test", "exact_value": 78.26}
{"id": "discounts_001433", "topic": "discounts", "subtopic": "bogo", "prompt": "BOGO sale (buy one, get one free; free item is the cheaper one in each pair). Items: $21.88, $18.43, $16.81. About how much do you pay?", "split": "test", "exact_value": 38.69}
{"id": "discounts_001434", "topic": "discounts", "subtopic": "percent", "prompt": "Cart: $14.19, $11.56, $30.03. A 20% discount applies to everything. About how much do you pay?", "split": "test", "exact_value": 44.62}
{"id": "discounts_001435", "topic": "discounts", "subtopic": "percent", "prompt": "Cart: $22.88, $11.87. A 15% discount applies to everything. About how much do you pay?", "split": "test", "exact_value": 29.54}
{"id": "discounts_001436", "topic": "discounts", "subtopic": "stacked", "prompt": "Stacked deal: 20% off, then $5 coupon if you spend $30 or more. Cart: $13.84, $10.85, $13.98, $27.40, $25.36. About how much do you pay?", "split": "test", "exact_value": 68.14}
{"id": "discounts_001437", "topic": "discounts", "subtopic": "threshold", "prompt": "Threshold coupon applies: $5 off $40+ spend. Cart: $33.51, $35.02, $15.81, $13.66. About how much do you pay?", "split": "test", "exact_value": 93.0}
{"id": "discounts_001438", "topic": "discounts", "subtopic": "threshold", "prompt": "Threshold coupon applies: $15 off $50+ spend. Cart: $36.92, $19.92. About how much do you pay?", "split": "test", "exact_value": 41.84}
{"id": "discounts_001439", "topic": "discounts", "subtopic": "stacked", "prompt": "Stacked deal: 10% off, then $10 coupon if you spend $50 or more. Cart: $10.45, $38.49, $7.59. About how much do you pay?", "split": "test", "exact_value": 40.88}
{"id": "discounts_001440", "topic": "discounts", "subtopic": "buy_n_get_m", "prompt": "Buy 3 get 3 free on items priced $7.89 each. You take 7 total. About how much do you pay?", "split": "test", "exact_value": 31.56}
{"id": "discounts_001441", "topic": "discounts", "subtopic": "bogo", "prompt": "BOGO sale (buy one, get one free; free item is the cheaper one in each pair). Items: $24.82, $18.52, $12.05, $5.03, $4.50. About how much do you pay?", "split": "test", "exact_value": 41.37}
{"id": "discounts_001442", "topic": "discounts", "subtopic": "threshold", "prompt": "Threshold coupon applies: $10 off $25+ spend. Cart: $11.33, $6.71, $35.91. About how much do you pay?", "split": "test", "exact_value": 43.95}
{"id": "discounts_001443", "topic": "discounts", "subtopic": "threshold", "prompt": "Threshold coupon applies: $5 off $40+ spend. Cart: $30.27, $5.01, $32.89, $4.11. About how much do you pay?", "split": "test", "exact_value": 67.28}
{"id": "discounts_001444", "topic": "discounts", "subtopic": "bogo", "prompt": "BOGO sale (buy one, get one free; free item is the cheaper one in each pair). Items: $20.23, $20.20, $16.15, $9.36, $8.85. About how much do you pay?", "split": "test", "exact_value": 45.23}
{"id": "discounts_001445", "topic": "discounts", "subtopic": "bogo", "prompt": "BOGO sale (buy one, get one free; free item is the cheaper one in each pair). Items: $20.86, $20.08, $16.54, $3.48. About how much do you pay?", "split": "test", "exact_value": 37.4}
{"id": "discounts_001446", "topic": "discounts", "subtopic": "buy_n_get_m", "prompt": "Buy 3 get 2 free on items priced $6.22 each. You take 7 total. About how much do you pay?", "split": "test", "exact_value": 31.1}
{"id": "discounts_001447", "topic": "discounts", "subtopic": "percent", "prompt": "Cart: $25.23, $38.64, $26.79, $23.11, $22.74. A 20% discount applies to everything. About how much do you pay?", "split": "test", "exact_value": 109.21}
{"id": "discounts_001448", "topic": "discounts", "subtopic": "stacked", "prompt": "Stacked deal: 10% off, then $10 coupon if you spend $30 or more. Cart: $34.14, $18.89, $8.91. About how much do you pay?", "split": "test", "exact_value": 45.75}
{"id": "discounts_001449", "topic": "discounts", "subtopic": "bogo", "prompt": "BOGO sale (buy one, get one free; free item is the cheaper one in each pair). Items: $23.94, $21.39, $20.51, $17.06, $10.97, $9.88. About how much do you pay?", "split": "test", "exact_value": 55.42}
{"id": "discounts_001450", "topic": "discounts", "subtopic": "buy_n_get_m", "prompt": "Buy 5 get 1 free on items priced $7.64 each. You take 8 total. About how much do you pay?", "split": "test", "exact_value": 53.48}
{"id": "discounts_001451", "topic": "discounts", "subtopic": "stacked", "prompt": "Stacked deal: 20% off, then $10 coupon if you spend $50 or more. Cart: $12.88, $25.01, $26.88, $10.72, $22.33, $11.04. About how much do you pay?", "split": "test", "exact_value": 77.09}
{"id": "discounts_001452", "topic": "discounts", "subtopic": "stacked", "prompt": "Stacked deal: 15% off, then $10 coupon if you spend $30 or more. Cart: $34.15, $25.12, $5.85, $25.14, $29.11. About how much do you pay?", "split": "test", "exact_value": 91.46}
{"id": "discounts_001453", "topic": "discounts", "subtopic": "buy_n_get_m", "prompt": "Buy 4 get 3 free on items priced $1.58 each. You take 10 total. About how much do you pay?", "split": "test", "exact_value": 11.06}
{"id": "discounts_001454", "topic": "discounts", "subtopic": "bogo", "prompt": "BOGO sale (buy one, get one free; free item is the cheaper one in each pair). Items: $19.70, $11.75, $6.72, $6.58, $4.59. About how much do you pay?", "split": "test", "exact_value": 31.01}
{"id": "discounts_001455", "topic": "discounts", "subtopic": "stacked", "prompt": "Stacked deal: 20% off, then $5 coupon if you spend $50 or more. Cart: $36.04, $6.74, $6.72, $29.58, $24.66. About how much do you pay?", "split": "test", "exact_value": 77.99}
{"id": "discounts_001456", "topic": "discounts", "subtopic": "percent", "prompt": "Cart: $31.94, $29.42, $18.94, $14.81. A 10% discount applies to everything. About how much do you pay?", "split": "test", "exact_value": 85.6}
{"id": "discounts_001457", "topic": "discounts", "subtopic": "percent", "prompt": "Cart: $35.19, $23.53, $35.84. A 15% discount applies to everything. About how much do you pay?", "split": "test", "exact_value": 80.38}
{"id": "discounts_001458", "topic": "discounts", "subtopic": "bogo", "prompt": "BOGO sale (buy one, get one free; free item is the cheaper one in each pair). Items: $24.34, $20.68, $18.02. About how much do you pay?", "split": "test", "exact_value": 42.36}
{"id": "discounts_001459", "topic": "discounts", "subtopic": "buy_n_get_m", "prompt": "Buy 4 get 1 free on items priced $7.59 each. You take 10 total. About how much do you pay?", "split": "test", "exact_value": 60.72}
{"id": "discounts_001460", "topic": "discounts", "subtopic": "bogo", "prompt": "BOGO sale (buy one, get one free; free item is the cheaper one in each pair). Items: $13.33, $13.04, $12.33, $10.84. About how much do you pay?", "split": "test", "exact_value": 25.66}
{"id": "discounts_001461", "topic": "discounts", "subtopic": "stacked", "prompt": "Stacked deal: 20% off, then $5 coupon if you spend $40 or more. Cart: $36.62, $7.75, $19.65, $26.78. About how much do you pay?", "split": "test", "exact_value": 67.64}
{"id": "discounts_001462", "topic": "discounts", "subtopic": "buy_n_get_m", "prompt": "Buy 4 get 1 free on items priced $5.76 each. You take 8 total. About how much do you pay?", "split": "test", "exact_value": 40.32}
{"id": "discounts_001463", "topic": "discounts", "subtopic": "stacked", "prompt": "Stacked deal: 20% off, then $10 coupon if you spend $50 or more. Cart: $17.21, $5.84, $30.05. About how much do you pay?", "split": "test", "exact_value": 42.48}
{"id": "discounts_001464", "topic": "discounts", "subtopic": "stacked", "prompt": "Stacked deal: 15% off, then $5 coupon if you spend $40 or more. Cart: $17.82, $20.29, $39.23, $25.17, $38.97. About how much do you pay?", "split": "test", "exact_value": 115.26}
{"id": "discounts_001465", "topic": "discounts", "subtopic": "buy_n_get_m", "prompt": "Buy 5 get 2 free on items priced $4.84 each. You take 11 total. About how much do you pay?", "split": "test", "exact_value": 43.56}
{"id": "discounts_001466", "topic": "discounts", "subtopic": "stacked", "prompt": "Stacked deal: 10% off, then $10 coupon if you spend $30 or more. Cart: $10.12, $28.09, $11.92, $3.13, $25.96, $36.97. About how much do you pay?", "split": "test", "exact_value": 94.57}
{"id": "discounts_001467", "topic": "discounts", "subtopic": "percent", "prompt": "Cart: $42.44, $5.78. A 15% discount applies to everything. About how much do you pay?", "split": "test", "exact_value": 40.99}
{"id": "discounts_001468", "topic": "discounts", "subtopic": "threshold", "prompt": "Threshold coupon applies: $10 off $25+ spend. Cart: $17.82, $8.76. About how much do you pay?", "split": "test", "exact_value": 16.58}
{"id": "discounts_001469", "topic": "discounts", "subtopic": "buy_n_get_m", "prompt": "Buy 4 get 3 free on items priced $3.81 each. You take 14 total. About how much do you pay?", "split": "test", "exact_value": 30.48}
{"id": "discounts_001470", "topic": "discounts", "subtopic": "stacked", "prompt": "Stacked deal: 15% off, then $10 coupon if you spend $40 or more. Cart: $38.18, $15.22, $27.61, $22.33, $17.74, $15.12. About how much do you pay?", "split": "test", "exact_value": 105.77}
{"id": "discounts_001471", "topic": "discounts", "subtopic": "percent", "prompt": "Cart: $14.96, $23.24, $3.26. A 10% discount applies to everything. About how much do you pay?", "split": "test", "exact_value": 37.31}
{"id": "discounts_001472", "topic": "discounts", "subtopic": "threshold", "prompt": "Threshold coupon applies: $10 off $25+ spend. Cart: $16.14, $32.32, $18.93, $23.10, $8.77. About how much do you pay?", "split": "test", "exact_value": 89.26}
{"id": "discounts_001473", "topic": "discounts", "subtopic": "percent", "prompt": "Cart: $20.97, $14.99, $8.00, $11.22, $15.05. A 20% discount applies to everything. About how much do you pay?", "split": "test", "exact_value": 56.18}
{"id": "discounts_001474", "topic": "discounts", "subtopic": "buy_n_get_m", "prompt": "Buy 5 get 3 free on items priced $1.94 each. You take 15 total. About how much do you pay?", "split": "test", "exact_value": 19.4}
{"id": "discounts_001475", "topic": "discounts", "subtopic": "buy_n_get_m", "prompt": "Buy 3 get 1 free on items priced $1.52 each. You take 8 total. About how much do you pay?", "split": "test", "exact_value": 9.12}
{"id": "discounts_001476", "topic": "discounts", "subtopic": "threshold", "prompt": "Threshold coupon applies: $10 off $25+ spend. Cart: $4.60, $31.91, $34.10, $33.53, $35.21. About how much do you pay?", "split": "test", "exact_value": 129.35}
{"id": "discounts_001477", "topic": "discounts", "subtopic": "percent", "prompt": "Cart: $22.18, $5.13, $32.23. A 20% discount applies to everything. About how much do you pay?", "split": "test", "exact_value": 47.63}
{"id": "discounts_001478", "topic": "discounts", "subtopic": "bogo", "prompt": "BOGO sale (buy one, get one free; free item is the cheaper one in each pair). Items: $13.54, $11.15, $5.56. About how much do you pay?", "split": "test", "exact_value": 19.1}
{"id": "discounts_001479", "topic": "discounts", "subtopic": "buy_n_get_m", "prompt": "Buy 5 get 3 free on items priced $6.24 each. You take 16 total. About how much do you pay?", "split": "test", "exact_value": 62.4}
{"id": "discounts_001480", "topic": "discounts", "subtopic": "bogo", "prompt": "BOGO sale (buy one, get one free; free item is the cheaper one in each pair). Items: $24.59, $19.75. About how much do you pay?", "split": "test", "exact_value": 24.59}
{"id": "discounts_001481", "topic": "discounts", "subtopic": "buy_n_get_m", "prompt": "Buy 3 get 2 free on items priced $6.34 each. You take 10 total. About how much do you pay?", "split": "test", "exact_value": 38.04}
{"id": "discounts_001482", "topic": "discounts", "subtopic": "stacked", "prompt": "Stacked deal: 20% off, then $10 coupon if you spend $40 or more. Cart: $24.59, $19.02, $5.44. About how much do you pay?", "split": "test", "exact_value": 39.24}
{"id": "discounts_001483", "topic": "discounts", "subtopic": "stacked", "prompt": "Stacked deal: 20% off, then $5 coupon if you spend $40 or more. Cart: $7.98, $13.08, $39.62, $23.53, $7.04, $16.41. About how much do you pay?", "split": "test", "exact_value": 81.13}
{"id": "discounts_001484", "topic": "discounts", "subtopic": "buy_n_get_m", "prompt": "Buy 3 get 2 free on items priced $3.56 each. You take 6 total. About how much do you pay?", "split": "test", "exact_value": 14.24}
{"id": "discounts_001485", "topic": "discounts", "subtopic": "buy_n_get_m", "prompt": "Buy 4 get 3 free on items priced $6.39 each. You take 14 total. About how much do you pay?", "split": "test", "exact_value": 51.12}
{"id": "discounts_001486", "topic": "discounts", "subtopic": "buy_n_get_m", "prompt": "Buy 3 get 3 free on items priced $7.91 each. You take 8 total. About how much do you pay?", "split": "test", "exact_value": 39.55}
{"id": "discounts_001487", "topic": "discounts", "subtopic": "threshold", "prompt": "Threshold coupon applies: $5 off $25+ spend. Cart: $24.62, $28.36, $35.97. About how much do you pay?", "split": "test", "exact_value": 83.95}
{"id": "discounts_001488", "topic": "discounts", "subtopic": "threshold", "prompt": "Threshold coupon applies: $5 off $40+ spend. Cart: $10.06, $26.20. About how much do you pay?", "split": "test", "exact_value": 36.26}
{"id": "discounts_001489", "topic": "discounts", "subtopic": "percent", "prompt": "Cart: $48.55, $19.62, $27.92. A 15% discount applies to everything. About how much do you pay?", "split": "test", "exact_value": 81.68}
{"id": "discounts_001490", "topic": "discounts", "subtopic": "buy_n_get_m", "prompt": "Buy 5 get 1 free on items priced $4.87 each. You take 9 total. About how much do you pay?", "split": "test", "exact_value": 38.96}
{"id": "discounts_001491", "topic": "discounts", "subtopic": "bogo", "prompt": "BOGO sale (buy one, get one free; free item is the cheaper one in each pair). Items: $14.73, $11.83, $6.83, $5.10. About how much do you pay?", "split": "test", "exact_value": 21.56}
{"id": "discounts_001492", "topic": "discounts", "subtopic": "threshold", "prompt": "Threshold coupon applies: $5 off $40+ spend. Cart: $14.28, $19.71, $17.04, $17.14, $38.14. About how much do you pay?", "split": "test", "exact_value": 101.31}
{"id": "discounts_001493", "topic": "discounts", "subtopic": "stacked", "prompt": "Stacked deal: 20% off, then $10 coupon if you spend $30 or more. Cart: $30.29, $39.75, $28.40, $29.69, $10.44, $21.52. About how much do you pay?", "split": "test", "exact_value": 118.07}
{"id": "discounts_001494", "topic": "discounts", "subtopic": "stacked", "prompt": "Stacked deal: 10% off, then $10 coupon if you spend $30 or more. Cart: $28.75, $32.81, $13.22, $24.10, $8.88, $26.92. About how much do you pay?", "split": "test", "exact_value": 111.21}
{"id": "discounts_001495", "topic": "discounts", "subtopic": "percent", "prompt": "Cart: $36.95, $20.70, $32.26, $16.15. A 25% discount applies to everything. About how much do you pay?", "split": "test", "exact_value": 79.55}
{"id": "discounts_001496", "topic": "discounts", "subtopic": "threshold", "prompt": "Threshold coupon applies: $10 off $25+ spend. Cart: $14.52, $22.58, $7.54, $39.35, $10.92. About how much do you pay?", "split": "test", "exact_value": 84.91}
{"id": "discounts_001497", "topic": "discounts", "subtopic": "threshold", "prompt": "Threshold coupon applies: $10 off $25+ spend. Cart: $34.35, $11.68, $38.79. About how much do you pay?", "split": "test", "exact_value": 74.82}
{"id": "discounts_001498", "topic": "discounts", "subtopic": "percent", "prompt": "Cart: $25.02, $26.52. A 20% discount applies to everything. About how much do you pay?", "split": "test", "exact_value": 41.23}
{"id": "discounts_001499", "topic": "discounts", "subtopic": "bogo", "prompt": "BOGO sale (buy one, get one free; free item is the cheaper one in each pair). Items: $20.84, $20.80, $14.72, $14.39, $11.23. About how much do you pay?", "split": "test", "exact_value": 46.79}
{"id": "discounts_001500", "topic": "discounts", "subtopic": "percent", "prompt": "Cart: $46.60, $14.06, $24.62, $9.78, $33.72. A 10% discount applies to everything. About how much do you pay?", "split": "test", "exact_value": 115.9}
{"id": "discounts_001501", "topic": "discounts", "subtopic": "threshold", "prompt": "Threshold coupon applies: $10 off $30+ spend. Cart: $39.30, $35.81. About how much do you pay?", "split": "test", "exact_value": 65.11}
{"id": "discounts_001502", "topic": "discounts", "subtopic": "stacked", "prompt": "Stacked deal: 15% off, then $10 coupon if you spend $40 or more. Cart: $4.32, $33.05, $31.22. About how much do you pay?", "split": "test", "exact_value": 48.3}
{"id": "discounts_001503", "topic": "discounts", "subtopic": "stacked", "prompt": "Stacked deal: 15% off, then $10 coupon if you spend $30 or more. Cart: $5.05, $35.87, $13.37, $20.23, $19.52, $14.94. About how much do you pay?", "split": "test", "exact_value": 82.63}
{"id": "discounts_001504", "topic": "discounts", "subtopic": "threshold", "prompt": "Threshold coupon applies: $10 off $25+ spend. Cart: $15.29, $11.28, $22.88, $39.59, $35.62. About how much do you pay?", "split": "test", "exact_value": 114.66}
{"id": "discounts_001505", "topic": "discounts", "subtopic": "bogo", "prompt": "BOGO sale (buy one, get one free; free item is the cheaper one in each pair). Items: $13.57, $13.10, $9.78, $3.01, $2.85. About how much do you pay?", "split": "test", "exact_value": 26.2}
{"id": "discounts_001506", "topic": "discounts", "subtopic": "stacked", "prompt": "Stacked deal: 20% off, then $10 coupon if you spend $30 or more. Cart: $16.66, $39.53, $31.19, $26.20, $9.19. About how much do you pay?", "split": "test", "exact_value": 88.22}
{"id": "discounts_001507", "topic": "discounts", "subtopic": "stacked", "prompt": "Stacked deal: 10% off, then $10 coupon if you spend $30 or more. Cart: $18.20, $22.42, $34.86, $38.49, $28.34, $17.74. About how much do you pay?", "split": "test", "exact_value": 134.05}
{"id": "discounts_001508", "topic": "discounts", "subtopic": "percent", "prompt": "Cart: $8.37, $32.68, $34.38. A 10% discount applies to everything. About how much do you pay?", "split": "test", "exact_value": 67.89}
{"id": "discounts_001509", "topic": "discounts", "subtopic": "buy_n_get_m", "prompt": "Buy 5 get 3 free on items priced $6.29 each. You take 9 total. About how much do you pay?", "split": "test", "exact_value": 37.74}
{"id": "discounts_001510", "topic": "discounts", "subtopic": "bogo", "prompt": "BOGO sale (buy one, get one free; free item is the cheaper one in each pair). Items: $21.40, $19.92, $16.70, $16.61, $14.18, $3.80. About how much do you pay?", "split": "test", "exact_value": 52.28}
{"id": "discounts_001511", "topic": "discounts", "subtopic": "bogo", "prompt": "BOGO sale (buy one, get one free; free item is the cheaper one in each pair). Items: $16.74, $12.97. About how much do you pay?", "split": "test", "exact_value": 16.74}
{"id": "discounts_001512", "topic": "discounts", "subtopic": "threshold", "prompt": "Threshold coupon applies: $5 off $30+ spend. Cart: $29.74, $34.58, $25.45, $35.42, $5.68. About how much do you pay?", "split": "test", "exact_value": 125.87}
{"id": "discounts_001513", "topic": "discounts", "subtopic": "threshold", "prompt": "Threshold coupon applies: $5 off $30+ spend. Cart: $25.21, $9.17, $23.91. About how much do you pay?", "split": "test", "exact_value": 53.29}
{"id": "discounts_001514", "topic": "discounts", "subtopic": "buy_n_get_m", "prompt": "Buy 5 get 3 free on items priced $7.37 each. You take 14 total. About how much do you pay?", "split": "test", "exact_value": 73.7}
{"id": "discounts_001515", "topic": "discounts", "subtopic": "buy_n_get_m", "prompt": "Buy 4 get 1 free on items priced $5.44 each. You take 6 total. About how much do you pay?", "split": "test", "exact_value": 27.2}
{"id": "discounts_001516", "topic": "discounts", "subtopic": "buy_n_get_m", "prompt": "Buy 4 get 2 free on items priced $1.78 each. You take 9 total. About how much do you pay?", "split": "test", "exact_value": 12.46}
{"id": "discounts_001517", "topic": "discounts", "subtopic": "stacked", "prompt": "Stacked deal: 15% off, then $10 coupon if you spend $30 or more. Cart: $34.89, $31.96, $35.00, $39.86, $10.06, $16.10. About how much do you pay?", "split": "test", "exact_value": 132.69}
{"id": "discounts_001518", "topic": "discounts", "subtopic": "threshold", "prompt": "Threshold coupon applies: $5 off $30+ spend. Cart: $30.62, $31.56, $34.23. About how much do you pay?", "split": "test", "exact_value": 91.41}
{"id": "discounts_001519", "topic": "discounts", "subtopic": "buy_n_get_m", "prompt": "Buy 5 get 1 free on items priced $3.63 each. You take 11 total. About how much do you pay?", "split": "test", "exact_value": 36.3}
{"id": "discounts_001520", "topic": "discounts", "subtopic": "buy_n_get_m", "prompt": "Buy 3 get 2 free on items priced $4.35 each. You take 6 total. About how much do you pay?", "split": "test", "exact_value": 17.4}
{"id": "discounts_001521", "topic": "discounts", "subtopic": "percent", "prompt": "Cart: $32.03, $34.74, $37.73, $27.27, $36.40. A 20% discount applies to everything. About how much do you pay?", "split": "test", "exact_value": 134.54}
{"id": "discounts_001522", "topic": "discounts", "subtopic": "buy_n_get_m", "prompt": "Buy 4 get 3 free on items priced $1.78 each. You take 10 total. About how much do you pay?", "split": "test", "exact_value": 12.46}
{"id": "discounts_001523", "topic": "discounts", "subtopic": "percent", "prompt": "Cart: $17.62, $17.49. A 25% discount applies to everything. About how much do you pay?", "split": "test", "exact_value": 26.33}
{"id": "discounts_001524", "topic": "discounts", "subtopic": "percent", "prompt": "Cart: $38.36, $46.99. A 20% discount applies to everything. About how much do you pay?", "split": "test", "exact_value": 68.28}
{"id": "discounts_001525", "topic": "discounts", "subtopic": "percent", "prompt": "Cart: $21.82, $49.54, $8.34. A 25% discount applies to everything. About how much do you pay?", "split": "test", "exact_value": 59.78}
{"id": "discounts_001526", "topic": "discounts", "subtopic": "stacked", "prompt": "Stacked deal: 15% off, then $10 coupon if you spend $50 or more. Cart: $30.51, $24.55, $19.19. About how much do you pay?", "split": "test", "exact_value": 53.11}
{"id": "discounts_001527", "topic": "discounts", "subtopic": "stacked", "prompt": "Stacked deal: 15% off, then $10 coupon if you spend $50 or more. Cart: $35.32, $8.25, $26.63. About how much do you pay?", "split": "test", "exact_value": 49.67}
{"id": "discounts_001528", "topic": "discounts", "subtopic": "buy_n_get_m", "prompt": "Buy 4 get 2 free on items priced $4.26 each. You take 9 total. About how much do you pay?", "split": "test", "exact_value": 29.82}
{"id": "discounts_001529", "topic": "discounts", "subtopic": "threshold", "prompt": "Threshold coupon applies: $10 off $50+ spend. Cart: $4.88, $31.40, $12.34, $31.79. About how much do you pay?", "split": "test", "exact_value": 70.41}
{"id": "discounts_001530", "topic": "discounts", "subtopic": "percent", "prompt": "Cart: $23.29, $47.06. A 30% discount applies to everything. About how much do you pay?", "split": "test", "exact_value": 49.25}
{"id": "discounts_001531", "topic": "discounts", "subtopic": "buy_n_get_m", "prompt": "Buy 4 get 3 free on items priced $4.61 each. You take 10 total. About how much do you pay?", "split": "test", "exact_value": 32.27}
{"id": "discounts_001532", "topic": "discounts", "subtopic": "percent", "prompt": "Cart: $30.36, $26.41, $24.28, $46.09. A 30% discount applies to everything. About how much do you pay?", "split": "test", "exact_value": 89.0}
{"id": "discounts_001533", "topic": "discounts", "subtopic": "bogo", "prompt": "BOGO sale (buy one, get one free; free item is the cheaper one in each pair). Items: $24.09, $19.68, $13.45, $6.98, $6.39. About how much do you pay?", "split": "test", "exact_value": 43.93}
{"id": "discounts_001534", "topic": "discounts", "subtopic": "percent", "prompt": "Cart: $29.54, $7.16, $29.27. A 20% discount applies to everything. About how much do you pay?", "split": "test", "exact_value": 52.78}
{"id": "discounts_001535", "topic": "discounts", "subtopic": "bogo", "prompt": "BOGO sale (buy one, get one free; free item is the cheaper one in each pair). Items: $10.32, $8.54, $6.82. About how much do you pay?", "split": "test", "exact_value": 17.14}
{"id": "discounts_001536", "topic": "discounts", "subtopic": "buy_n_get_m", "prompt": "Buy 4 get 3 free on items priced $1.94 each. You take 11 total. About how much do you pay?", "split": "test", "exact_value": 15.52}
{"id": "discounts_001537", "topic": "discounts", "subtopic": "stacked", "prompt": "Stacked deal: 10% off, then $10 coupon if you spend $40 or more. Cart: $24.56, $32.48, $3.88, $20.25. About how much do you pay?", "split": "test", "exact_value": 63.05}
{"id": "discounts_001538", "topic": "discounts", "subtopic": "threshold", "prompt": "Threshold coupon applies: $15 off $40+ spend. Cart: $29.51, $17.99, $30.17, $16.42, $26.75. About how much do you pay?", "split": "test", "exact_value": 105.84}
{"id": "discounts_001539", "topic": "discounts", "subtopic": "buy_n_get_m", "prompt": "Buy 5 get 2 free on items priced $5.72 each. You take 11 total. About how much do you pay?", "split": "test", "exact_value": 51.48}
{"id": "discounts_001540", "topic": "discounts", "subtopic": "stacked", "prompt": "Stacked deal: 10% off, then $5 coupon if you spend $30 or more. Cart: $18.70, $19.34, $15.45. About how much do you pay?", "split": "test", "exact_value": 43.14}
{"id": "discounts_001541", "topic": "discounts", "subtopic": "stacked", "prompt": "Stacked deal: 15% off, then $5 coupon if you spend $30 or more. Cart: $17.96, $23.41, $26.87. About how much do you pay?", "split": "test", "exact_value": 53.0}
{"id": "discounts_001542", "topic": "discounts", "subtopic": "buy_n_get_m", "prompt": "Buy 5 get 2 free on items priced $6.94 each. You take 13 total. About how much do you pay?", "split": "test", "exact_value": 69.4}
{"id": "discounts_001543", "topic": "discounts", "subtopic": "percent", "prompt": "Cart: $41.40, $12.55, $25.87, $24.13. A 10% discount applies to everything. About how much do you pay?", "split": "test", "exact_value": 93.56}
{"id": "discounts_001544", "topic": "discounts", "subtopic": "bogo", "prompt": "BOGO sale (buy one, get one free; free item is the cheaper one in each pair). Items: $21.69, $20.53, $16.46, $14.09, $8.27, $7.16. About how much do you pay?", "split": "test", "exact_value": 46.42}
{"id": "discounts_001545", "topic": "discounts", "subtopic": "bogo", "prompt": "BOGO sale (buy one, get one free; free item is the cheaper one in each pair). Items: $20.57, $11.47. About how much do you pay?", "split": "test", "exact_value": 20.57}
{"id": "discounts_001546", "topic": "discounts", "subtopic": "buy_n_get_m", "prompt": "Buy 5 get 1 free on items priced $7.79 each. You take 10 total. About how much do you pay?", "split": "test", "exact_value": 70.11}
{"id": "discounts_001547", "topic": "discounts", "subtopic": "stacked", "prompt": "Stacked deal: 20% off, then $10 coupon if you spend $50 or more. Cart: $29.15, $9.92, $23.63, $9.97, $16.94, $20.00. About how much do you pay?", "split": "test", "exact_value": 77.69}
{"id": "discounts_001548", "topic": "discounts", "subtopic": "threshold", "prompt": "Threshold coupon applies: $10 off $30+ spend. Cart: $19.67, $6.80, $9.01, $15.27, $18.18. About how much do you pay?", "split": "test", "exact_value": 58.93}
{"id": "discounts_001549", "topic": "discounts", "subtopic": "bogo", "prompt": "BOGO sale (buy one, get one free; free item is the cheaper one in each pair). Items: $21.44, $4.65. About how much do you pay?", "split": "test", "exact_value": 21.44}
{"id": "discounts_001550", "topic": "discounts", "subtopic": "bogo", "prompt": "BOGO sale (buy one, get one free; free item is the cheaper one in each pair). Items: $24.49, $17.47, $7.80. About how much do you pay?", "split": "test", "exact_value": 32.29}
{"id": "discounts_001551", "topic": "discounts", "subtopic": "stacked", "prompt": "Stacked deal: 15% off, then $5 coupon if you spend $50 or more. Cart: $5.67, $39.57, $29.82. About how much do you pay?", "split": "test", "exact_value": 58.8}
{"id": "discounts_001552", "topic": "discounts", "subtopic": "threshold", "prompt": "Threshold coupon applies: $5 off $40+ spend. Cart: $16.88, $30.64, $7.37, $35.10, $26.10. About how much do you pay?", "split": "test", "exact_value": 111.09}
{"id": "discounts_001553", "topic": "discounts", "subtopic": "buy_n_get_m", "prompt": "Buy 4 get 1 free on items priced $3.28 each. You take 7 total. About how much do you pay?", "split": "test", "exact_value": 19.68}
{"id": "discounts_001554", "topic": "discounts", "subtopic": "buy_n_get_m", "prompt": "Buy 3 get 1 free on items priced $1.66 each. You take 5 total. About how much do you pay?", "split": "test", "exact_value": 6.64}
{"id": "discounts_001555", "topic": "discounts", "subtopic": "buy_n_get_m", "prompt": "Buy 4 get 2 free on items priced $1.90 each. You take 8 total. About how much do you pay?", "split": "test", "exact_value": 11.4}
{"id": "discounts_001556", "topic": "discounts", "subtopic": "threshold", "prompt": "Threshold coupon applies: $5 off $50+ spend. Cart: $9.03, $33.11, $33.28, $7.95. About how much do you pay?", "split": "test", "exact_value": 78.37}
{"id": "discounts_001557", "topic": "discounts", "subtopic": "threshold", "prompt": "Threshold coupon applies: $15 off $40+ spend. Cart: $17.66, $6.38, $25.03. About how much do you pay?", "split": "test", "exact_value": 34.07}
{"id": "discounts_001558", "topic": "discounts", "subtopic": "threshold", "prompt": "Threshold coupon applies: $10 off $50+ spend. Cart: $16.81, $31.28, $27.01, $21.48. About how much do you pay?", "split": "test", "exact_value": 86.58}
{"id": "discounts_001559", "topic": "discounts", "subtopic": "buy_n_get_m", "prompt": "Buy 4 get 3 free on items priced $6.77 each. You take 7 total. About how much do you pay?", "split": "test", "exact_value": 27.08}
{"id": "discounts_001560", "topic": "discounts", "subtopic": "percent", "prompt": "Cart: $46.57, $48.52, $46.19. A 30% discount applies to everything. About how much do you pay?", "split": "test", "exact_value": 98.9}
{"id": "discounts_001561", "topic": "discounts", "subtopic": "buy_n_get_m", "prompt": "Buy 3 get 3 free on items priced $1.51 each. You take 12 total. About how much do you pay?", "split": "test", "exact_value": 9.06}
{"id": "discounts_001562", "topic": "discounts", "subtopic": "buy_n_get_m", "prompt": "Buy 5 get 3 free on items priced $3.72 each. You take 11 total. About how much do you pay?", "split": "test", "exact_value": 29.76}
{"id": "discounts_001563", "topic": "discounts", "subtopic": "buy_n_get_m", "prompt": "Buy 5 get 2 free on items priced $6.56 each. You take 13 total. About how much do you pay?", "split": "test", "exact_value": 65.6}
{"id": "discounts_001564", "topic": "discounts", "subtopic": "threshold", "prompt": "Threshold coupon applies: $10 off $25+ spend. Cart: $10.49, $36.77, $12.22. About how much do you pay?", "split": "test", "exact_value": 49.48}
{"id": "discounts_001565", "topic": "discounts", "subtopic": "threshold", "prompt": "Threshold coupon applies: $10 off $40+ spend. Cart: $38.43, $6.37, $37.30. About how much do you pay?", "split": "test", "exact_value": 72.1}
{"id": "discounts_001566", "topic": "discounts", "subtopic": "percent", "prompt": "Cart: $35.26, $16.73, $41.97, $9.98. A 10% discount applies to everything. About how much do you pay?", "split": "test", "exact_value": 93.55}
{"id": "discounts_001567", "topic": "discounts", "subtopic": "percent", "prompt": "Cart: $35.73, $30.64, $27.71, $24.92. A 20% discount applies to everything. About how much do you pay?", "split": "test", "exact_value": 95.2}
{"id": "discounts_001568", "topic": "discounts", "subtopic": "bogo", "prompt": "BOGO sale (buy one, get one free; free item is the cheaper one in each pair). Items: $17.66, $4.64. About how much do you pay?", "split": "test", "exact_value": 17.66}
{"id": "discounts_001569", "topic": "discounts", "subtopic": "buy_n_get_m", "prompt": "Buy 4 get 2 free on items priced $1.58 each. You take 7 total. About how much do you pay?", "split": "test", "exact_value": 7.9}
{"id": "discounts_001570", "topic": "discounts", "subtopic": "threshold", "prompt": "Threshold coupon applies: $15 off $40+ spend. Cart: $27.41, $19.29, $22.49, $5.85, $23.01. About how much do you pay?", "split": "test", "exact_value": 83.05}
{"id": "discounts_001571", "topic": "discounts", "subtopic": "percent", "prompt": "Cart: $7.69, $35.74. A 25% discount applies to everything. About how much do you pay?", "split": "test", "exact_value": 32.57}
{"id": "discounts_001572", "topic": "discounts", "subtopic": "bogo", "prompt": "BOGO sale (buy one, get one free; free item is the cheaper one in each pair). Items: $15.17, $8.82. About how much do you pay?", "split": "test", "exact_value": 15.17}
{"id": "discounts_001573", "topic": "discounts", "subtopic": "buy_n_get_m", "prompt": "Buy 3 get 2 free on items priced $2.09 each. You take 6 total. About how much do you pay?", "split": "test", "exact_value": 8.36}
{"id": "discounts_001574", "topic": "discounts", "subtopic": "threshold", "prompt": "Threshold coupon applies: $15 off $25+ spend. Cart: $23.24, $10.14, $7.73, $32.80, $21.48. About how much do you pay?", "split": "test", "exact_value": 80.39}
{"id": "discounts_001575", "topic": "discounts", "subtopic": "threshold", "prompt": "Threshold coupon applies: $10 off $40+ spend. Cart: $5.62, $28.16. About how much do you pay?", "split": "test", "exact_value": 33.78}
{"id": "discounts_001576", "topic": "discounts", "subtopic": "buy_n_get_m", "prompt": "Buy 4 get 1 free on items priced $2.33 each. You take 8 total. About how much do you pay?", "split": "test", "exact_value": 16.31}
{"id": "discounts_001577", "topic": "discounts", "subtopic": "stacked", "prompt": "Stacked deal: 10% off, then $5 coupon if you spend $30 or more. Cart: $8.27, $18.82, $24.38. About how much do you pay?", "split": "test", "exact_value": 41.32}
{"id": "discounts_001578", "topic": "discounts", "subtopic": "buy_n_get_m", "prompt": "Buy 3 get 3 free on items priced $7.61 each. You take 11 total. About how much do you pay?", "split": "test", "exact_value": 45.66}
{"id": "discounts_001579", "topic": "discounts", "subtopic": "bogo", "prompt": "BOGO sale (buy one, get one free; free item is the cheaper one in each pair). Items: $10.99, $2.73. About how much do you pay?", "split": "test", "exact_value": 10.99}
{"id": "discounts_001580", "topic": "discounts", "subtopic": "bogo", "prompt": "BOGO sale (buy one, get one free; free item is the cheaper one in each pair). Items: $13.29, $5.84. About how much do you pay?", "split": "test", "exact_value": 13.29}
{"id": "discounts_001581", "topic": "discounts", "subtopic": "buy_n_get_m", "prompt": "Buy 5 get 2 free on items priced $7.84 each. You take 7 total. About how much do you pay?", "split": "test", "exact_value": 39.2}
{"id": "discounts_001582", "topic": "discounts", "subtopic": "buy_n_get_m", "prompt": "Buy 3 get 1 free on items priced $7.44 each. You take 6 total. About how much do you pay?", "split": "test", "exact_value": 37.2}
{"id": "discounts_001583", "topic": "discounts", "subtopic": "percent", "prompt": "Cart: $16.59, $10.20. A 25% discount applies to everything. About how much do you pay?", "split": "test", "exact_value": 20.09}
{"id": "discounts_001584", "topic": "discounts", "subtopic": "threshold", "prompt": "Threshold coupon applies: $5 off $25+ spend. Cart: $5.31, $15.33, $13.21, $30.58, $24.38. About how much do you pay?", "split": "test", "exact_value": 83.81}
{"id": "discounts_001585", "topic": "discounts", "subtopic": "threshold", "prompt": "Threshold coupon applies: $10 off $30+ spend. Cart: $36.13, $11.40, $30.64, $9.05, $8.87. About how much do you pay?", "split": "test", "exact_value": 86.09}
{"id": "discounts_001586", "topic": "discounts", "subtopic": "percent", "prompt": "Cart: $49.58, $13.90. A 30% discount applies to everything. About how much do you pay?", "split": "test", "exact_value": 44.44}
{"id": "discounts_001587", "topic": "discounts", "subtopic": "bogo", "prompt": "BOGO sale (buy one, get one free; free item is the cheaper one in each pair). Items: $17.11, $10.37, $2.60. About how much do you pay?", "split": "test", "exact_value": 19.71}
{"id": "discounts_001588", "topic": "discounts", "subtopic": "percent", "prompt": "Cart: $48.15, $37.73. A 10% discount applies to everything. About how much do you pay?", "split": "test", "exact_value": 77.29}
{"id": "discounts_001589", "topic": "discounts", "subtopic": "percent", "prompt": "Cart: $38.62, $15.02. A 20% discount applies to everything. About how much do you pay?", "split": "test", "exact_value": 42.91}
{"id": "discounts_001590", "topic": "discounts", "subtopic": "bogo", "prompt": "BOGO sale (buy one, get one free; free item is the cheaper one in each pair). Items: $16.57, $15.02, $6.01. About how much do you pay?", "split": "test", "exact_value": 22.58}
{"id": "discounts_001591", "topic": "discounts", "subtopic": "buy_n_get_m", "prompt": "Buy 4 get 1 free on items priced $2.67 each. You take 6 total. About how much do you pay?", "split": "test", "exact_value": 13.35}
{"id": "discounts_001592", "topic": "discounts", "subtopic": "bogo", "prompt": "BOGO sale (buy one, get one free; free item is the cheaper one in each pair). Items: $21.05, $18.71, $7.46. About how much do you pay?", "split": "test", "exact_value": 28.51}
{"id": "discounts_001593", "topic": "discounts", "subtopic": "threshold", "prompt": "Threshold coupon applies: $15 off $40+ spend. Cart: $15.99, $11.79, $10.67, $18.38. About how much do you pay?", "split": "test", "exact_value": 41.83}
{"id": "discounts_001594", "topic": "discounts", "subtopic": "threshold", "prompt": "Threshold coupon applies: $15 off $30+ spend. Cart: $32.54, $10.23, $25.00, $19.47, $10.95. About how much do you pay?", "split": "test", "exact_value": 83.19}
{"id": "discounts_001595", "topic": "discounts", "subtopic": "percent", "prompt": "Cart: $14.62, $38.26, $32.91, $25.25. A 15% discount applies to everything. About how much do you pay?", "split": "test", "exact_value": 94.38}
{"id": "discounts_001596", "topic": "discounts", "subtopic": "buy_n_get_m", "prompt": "Buy 5 get 3 free on items priced $5.79 each. You take 13 total. About how much do you pay?", "split": "test", "exact_value": 57.9}
{"id": "discounts_001597", "topic": "discounts", "subtopic": "bogo", "prompt": "BOGO sale (buy one, get one free; free item is the cheaper one in each pair). Items: $19.69, $12.58, $11.00, $9.35, $6.94, $5.66. About how much do you pay?", "split": "test", "exact_value": 37.63}
{"id": "discounts_001598", "topic": "discounts", "subtopic": "threshold", "prompt": "Threshold coupon applies: $5 off $50+ spend. Cart: $17.34, $15.96, $34.48, $13.62, $31.50. About how much do you pay?", "split": "test", "exact_value": 107.9}
{"id": "discounts_001599", "topic": "discounts", "subtopic": "buy_n_get_m", "prompt": "Buy 5 get 3 free on items priced $6.61 each. You take 8 total. About how much do you pay?", "split": "test", "exact_value": 33.05}
{"id": "discounts_001600", "topic": "discounts", "subtopic": "stacked", "prompt": "Stacked deal: 20% off, then $10 coupon if you spend $50 or more. Cart: $18.40, $6.88, $20.48, $39.72, $11.10, $17.95. About how much do you pay?", "split": "test", "exact_value": 81.62}
{"id": "discounts_001601", "topic": "discounts", "subtopic": "bogo", "prompt": "BOGO sale (buy one, get one free; free item is the cheaper one in each pair). Items: $23.79, $23.20, $22.13, $19.76. About how much do you pay?", "split": "test", "exact_value": 45.92}
{"id": "discounts_001602", "topic": "discounts", "subtopic": "threshold", "prompt": "Threshold coupon applies: $5 off $50+ spend. Cart: $29.90, $28.00, $16.16, $24.19, $29.14. About how much do you pay?", "split": "test", "exact_value": 122.39}
{"id": "discounts_001603", "topic": "discounts", "subtopic": "stacked", "prompt": "Stacked deal: 15% off, then $5 coupon if you spend $40 or more. Cart: $30.66, $8.69, $10.48, $36.69, $30.92. About how much do you pay?", "split": "test", "exact_value": 94.82}
{"id": "discounts_001604", "topic": "discounts", "subtopic": "buy_n_get_m", "prompt": "Buy 4 get 1 free on items priced $2.16 each. You take 6 total. About how much do you pay?", "split": "test", "exact_value": 10.8}
{"id": "discounts_001605", "topic": "discounts", "subtopic": "threshold", "prompt": "Threshold coupon applies: $10 off $40+ spend. Cart: $38.22, $30.81, $23.68, $12.08, $13.76. About how much do you pay?", "split": "test", "exact_value": 108.55}
{"id": "discounts_001606", "topic": "discounts", "subtopic": "stacked", "prompt": "Stacked deal: 15% off, then $5 coupon if you spend $50 or more. Cart: $21.50, $18.87, $27.73, $3.96, $32.03. About how much do you pay?", "split": "test", "exact_value": 83.48}
{"id": "discounts_001607", "topic": "discounts", "subtopic": "buy_n_get_m", "prompt": "Buy 5 get 3 free on items priced $5.17 each. You take 11 total. About how much do you pay?", "split": "test", "exact_value": 41.36}
{"id": "discounts_001608", "topic": "discounts", "subtopic": "stacked", "prompt": "Stacked deal: 20% off, then $5 coupon if you spend $30 or more. Cart: $18.36, $16.11, $11.30. About how much do you pay?", "split": "test", "exact_value": 31.62}
{"id": "discounts_001609", "topic": "discounts", "subtopic": "threshold", "prompt": "Threshold coupon applies: $5 off $50+ spend. Cart: $29.00, $7.17, $12.80. About how much do you pay?", "split": "test", "exact_value": 48.97}
{"id": "discounts_001610", "topic": "discounts", "subtopic": "threshold", "prompt": "Threshold coupon applies: $5 off $25+ spend. Cart: $17.65, $20.97, $9.97. About how much do you pay?", "split": "test", "exact_value": 43.59}
{"id": "discounts_001611", "topic": "discounts", "subtopic": "buy_n_get_m", "prompt": "Buy 4 get 2 free on items priced $4.98 each. You take 10 total. About how much do you pay?", "split": "test", "exact_value": 39.84}
{"id": "discounts_001612", "topic": "discounts", "subtopic": "percent", "prompt": "Cart: $21.16, $15.92, $12.77. A 15% discount applies to everything. About how much do you pay?", "split": "test", "exact_value": 42.37}
{"id": "discounts_001613", "topic": "discounts", "subtopic": "percent", "prompt": "Cart: $21.71, $12.22, $39.10, $39.79. A 25% discount applies to everything. About how much do you pay?", "split": "test", "exact_value": 84.62}
{"id": "discounts_001614", "topic": "discounts", "subtopic": "threshold", "prompt": "Threshold coupon applies: $10 off $30+ spend. Cart: $15.63, $14.00, $9.18. About how much do you pay?", "split": "test", "exact_value": 28.81}
{"id": "discounts_001615", "topic": "discounts", "subtopic": "buy_n_get_m", "prompt": "Buy 4 get 1 free on items priced $3.73 each. You take 6 total. About how much do you pay?", "split": "test", "exact_value": 18.65}
{"id": "discounts_001616", "topic": "discounts", "subtopic": "stacked", "prompt": "Stacked deal: 20% off, then $10 coupon if you spend $50 or more. Cart: $20.01, $30.67, $24.64. About how much do you pay?", "split": "test", "exact_value": 50.26}
{"id": "discounts_001617", "topic": "discounts", "subtopic": "percent", "prompt": "Cart: $21.57, $29.90, $26.75. A 10% discount applies to everything. About how much do you pay?", "split": "test", "exact_value": 70.4}
{"id": "discounts_001618", "topic": "discounts", "subtopic": "percent", "prompt": "Cart: $33.17, $36.01, $21.00. A 20% discount applies to everything. About how much do you pay?", "split": "test", "exact_value": 72.14}
{"id": "discounts_001619", "topic": "discounts", "subtopic": "stacked", "prompt": "Stacked deal: 10% off, then $5 coupon if you spend $40 or more. Cart: $6.26, $18.16, $39.60, $3.94, $28.22, $23.37. About how much do you pay?", "split": "test", "exact_value": 102.6}
{"id": "discounts_001620", "topic": "discounts", "subtopic": "stacked", "prompt": "Stacked deal: 15% off, then $5 coupon if you spend $50 or more. Cart: $4.21, $38.36, $6.97. About how much do you pay?", "split": "test", "exact_value": 42.11}
{"id": "discounts_001621", "topic": "discounts", "subtopic": "percent", "prompt": "Cart: $39.47, $14.59, $31.27, $37.36, $4.58. A 10% discount applies to everything. About how much do you pay?", "split": "test", "exact_value": 114.54}
{"id": "discounts_001622", "topic": "discounts", "subtopic": "bogo", "prompt": "BOGO sale (buy one, get one free; free item is the cheaper one in each pair). Items: $24.33, $6.93, $6.55. About how much do you pay?", "split": "test", "exact_value": 30.88}
{"id": "discounts_001623", "topic": "discounts", "subtopic": "threshold", "prompt": "Threshold coupon applies: $15 off $25+ spend. Cart: $27.63, $11.37, $28.67, $23.20, $7.60. About how much do you pay?", "split": "test", "exact_value": 83.47}
{"id": "discounts_001624", "topic": "discounts", "subtopic": "stacked", "prompt": "Stacked deal: 10% off, then $10 coupon if you spend $30 or more. Cart: $6.27, $5.29, $5.62, $19.05, $25.21. About how much do you pay?", "split": "test", "exact_value": 45.3}
{"id": "discounts_001625", "topic": "discounts", "subtopic": "stacked", "prompt": "Stacked deal: 20% off, then $5 coupon if you spend $50 or more. Cart: $6.83, $3.38, $13.46. About how much do you pay?", "split": "test", "exact_value": 18.94}
{"id": "discounts_001626", "topic": "discounts", "subtopic": "percent", "prompt": "Cart: $42.87, $33.83. A 15% discount applies to everything. About how much do you pay?", "split": "test", "exact_value": 65.2}
{"id": "discounts_001627", "topic": "discounts", "subtopic": "percent", "prompt": "Cart: $27.88, $42.04, $22.60. A 25% discount applies to everything. About how much do you pay?", "split": "test", "exact_value": 69.39}
{"id": "discounts_001628", "topic": "discounts", "subtopic": "percent", "prompt": "Cart: $46.04, $49.95, $38.15, $6.39, $32.17. A 10% discount applies to everything. About how much do you pay?", "split": "test", "exact_value": 155.43}
{"id": "discounts_001629", "topic": "discounts", "subtopic": "bogo", "prompt": "BOGO sale (buy one, get one free; free item is the cheaper one in each pair). Items: $23.93, $19.58, $7.55, $4.88. About how much do you pay?", "split": "test", "exact_value": 31.48}
{"id": "discounts_001630", "topic": "discounts", "subtopic": "buy_n_get_m", "prompt": "Buy 4 get 1 free on items priced $3.46 each. You take 5 total. About how much do you pay?", "split": "test", "exact_value": 13.84}
{"id": "discounts_001631", "topic": "discounts", "subtopic": "bogo", "prompt": "BOGO sale (buy one, get one free; free item is the cheaper one in each pair). Items: $17.83, $14.78, $11.49, $6.13. About how much do you pay?", "split": "test", "exact_value": 29.32}
{"id": "discounts_001632", "topic": "discounts", "subtopic": "percent", "prompt": "Cart: $42.34, $46.61, $7.68, $46.27, $20.95. A 10% discount applies to everything. About how much do you pay?", "split": "test", "exact_value": 147.47}
{"id": "discounts_001633", "topic": "discounts", "subtopic": "buy_n_get_m", "prompt": "Buy 3 get 3 free on items priced $6.61 each. You take 6 total. About how much do you pay?", "split": "test", "exact_value": 19.83}
{"id": "discounts_001634", "topic": "discounts", "subtopic": "threshold", "prompt": "Threshold coupon applies: $15 off $25+ spend. Cart: $11.31, $8.86. About how much do you pay?", "split": "test", "exact_value": 20.17}
{"id": "discounts_001635", "topic": "discounts", "subtopic": "buy_n_get_m", "prompt": "Buy 3 get 1 free on items priced $7.51 each. You take 6 total. About how much do you pay?", "split": "test", "exact_value": 37.55}
{"id": "discounts_001636", "topic": "discounts", "subtopic": "threshold", "prompt": "Threshold coupon applies: $10 off $25+ spend. Cart: $9.81, $37.57. About how much do you pay?", "split": "test", "exact_value": 37.38}
{"id": "discounts_001637", "topic": "discounts", "subtopic": "percent", "prompt": "Cart: $9.22, $28.07. A 20% discount applies to everything. About how much do you pay?", "split": "test", "exact_value": 29.83}
{"id": "discounts_001638", "topic": "discounts", "subtopic": "buy_n_get_m", "prompt": "Buy 4 get 3 free on items priced $2.38 each. You take 8 total. About how much do you pay?", "split": "test", "exact_value": 11.9}
{"id": "discounts_001639", "topic": "discounts", "subtopic": "stacked", "prompt": "Stacked deal: 15% off, then $5 coupon if you spend $40 or more. Cart: $38.87, $20.62, $21.86, $21.15. About how much do you pay?", "split": "test", "exact_value": 82.13}
{"id": "discounts_001640", "topic": "discounts", "subtopic": "stacked", "prompt": "Stacked deal: 20% off, then $10 coupon if you spend $40 or more. Cart: $11.83, $32.17, $5.94. About how much do you pay?", "split": "test", "exact_value": 39.95}
{"id": "discounts_001641", "topic": "discounts", "subtopic": "stacked", "prompt": "Stacked deal: 15% off, then $5 coupon if you spend $30 or more. Cart: $27.32, $17.01, $31.94. About how much do you pay?", "split": "test", "exact_value": 59.83}
{"id": "discounts_001642", "topic": "discounts", "subtopic": "bogo", "prompt": "BOGO sale (buy one, get one free; free item is the cheaper one in each pair). Items: $22.10, $9.68. About how much do you pay?", "split": "test", "exact_value": 22.1}
{"id": "discounts_001643", "topic": "discounts", "subtopic": "percent", "prompt": "Cart: $6.86, $18.76, $18.57. A 25% discount applies to everything. About how much do you pay?", "split": "test", "exact_value": 33.14}
{"id": "discounts_001644", "topic": "discounts", "subtopic": "stacked", "prompt": "Stacked deal: 15% off, then $10 coupon if you spend $30 or more. Cart: $38.73, $9.86, $5.45, $23.26, $33.11, $15.46. About how much do you pay?", "split": "test", "exact_value": 96.99}
{"id": "discounts_001645", "topic": "discounts", "subtopic": "buy_n_get_m", "prompt": "Buy 3 get 1 free on items priced $7.30 each. You take 6 total. About how much do you pay?", "split": "test", "exact_value": 36.5}
{"id": "discounts_001646", "topic": "discounts", "subtopic": "buy_n_get_m", "prompt": "Buy 3 get 3 free on items priced $4.65 each. You take 9 total. About how much do you pay?", "split": "test", "exact_value": 27.9}
{"id": "discounts_001647", "topic": "discounts", "subtopic": "stacked", "prompt": "Stacked deal: 20% off, then $5 coupon if you spend $50 or more. Cart: $22.25, $36.84, $16.27, $17.44, $13.44. About how much do you pay?", "split": "test", "exact_value": 79.99}
{"id": "discounts_001648", "topic": "discounts", "subtopic": "percent", "prompt": "Cart: $20.34, $30.76. A 20% discount applies to everything. About how much do you pay?", "split": "test", "exact_value": 40.88}
{"id": "discounts_001649", "topic": "discounts", "subtopic": "threshold", "prompt": "Threshold coupon applies: $5 off $40+ spend. Cart: $16.51, $27.87, $18.46, $17.15, $32.01. About how much do you pay?", "split": "test", "exact_value": 107.0}
{"id": "discounts_001650", "topic": "discounts", "subtopic": "bogo", "prompt": "BOGO sale (buy one, get one free; free item is the cheaper one in each pair). Items: $19.36, $16.49, $10.99, $5.16, $3.52. About how much do you pay?", "split": "test", "exact_value": 33.87}
{"id": "discounts_001651", "topic": "discounts", "subtopic": "buy_n_get_m", "prompt": "Buy 3 get 2 free on items priced $4.12 each. You take 8 total. About how much do you pay?", "split": "test", "exact_value": 24.72}
{"id": "discounts_001652", "topic": "discounts", "subtopic": "percent", "prompt": "Cart: $4.05, $5.00, $16.81, $49.94, $46.28. A 10% discount applies to everything. About how much do you pay?", "split": "test", "exact_value": 109.87}
{"id": "discounts_001653", "topic": "discounts", "subtopic": "bogo", "prompt": "BOGO sale (buy one, get one free; free item is the cheaper one in each pair). Items: $24.68, $10.37. About how much do you pay?", "split": "test", "exact_value": 24.68}
{"id": "discounts_001654", "topic": "discounts", "subtopic": "threshold", "prompt": "Threshold coupon applies: $5 off $25+ spend. Cart: $13.37, $32.34, $22.42. About how much do you pay?", "split": "test", "exact_value": 63.13}
{"id": "discounts_001655", "topic": "discounts", "subtopic": "percent", "prompt": "Cart: $22.22, $31.17, $34.59, $49.44, $40.79. A 10% discount applies to everything. About how much do you pay?", "split": "test", "exact_value": 160.39}
{"id": "discounts_001656", "topic": "discounts", "subtopic": "threshold", "prompt": "Threshold coupon applies: $15 off $30+ spend. Cart: $23.30, $4.27, $18.67. About how much do you pay?", "split": "test", "exact_value": 31.24}
{"id": "discounts_001657", "topic": "discounts", "subtopic": "percent", "prompt": "Cart: $19.50, $40.25. A 15% discount applies to everything. About how much do you pay?", "split": "test", "exact_value": 50.79}
{"id": "discounts_001658", "topic": "discounts", "subtopic": "bogo", "prompt": "BOGO sale (buy one, get one free; free item is the cheaper one in each pair). Items: $5.60, $4.97, $4.85. About how much do you pay?", "split": "test", "exact_value": 10.45}
{"id": "discounts_001659", "topic": "discounts", "subtopic": "bogo", "prompt": "BOGO sale (buy one, get one free; free item is the cheaper one in each pair). Items: $9.17, $8.02, $5.15, $1.80. About how much do you pay?", "split": "test", "exact_value": 14.32}
{"id": "discounts_001660", "topic": "discounts", "subtopic": "bogo", "prompt": "BOGO sale (buy one, get one free; free item is the cheaper one in each pair). Items: $24.99, $15.38, $8.47, $1.52. About how much do you pay?", "split": "test", "exact_value": 33.46}
{"id": "discounts_001661", "topic": "discounts", "subtopic": "percent", "prompt": "Cart: $37.13, $29.04. A 25% discount applies to everything. About how much do you pay?", "split": "test", "exact_value": 49.63}
{"id": "discounts_001662", "topic": "discounts", "subtopic": "stacked", "prompt": "Stacked deal: 10% off, then $10 coupon if you spend $30 or more. Cart: $11.43, $35.92, $6.76. About how much do you pay?", "split": "test", "exact_value": 38.7}
{"id": "discounts_001663", "topic": "discounts", "subtopic": "percent", "prompt": "Cart: $12.12, $48.45, $47.34, $46.59. A 15% discount applies to everything. About how much do you pay?", "split": "test", "exact_value": 131.33}
{"id": "discounts_001664", "topic": "discounts", "subtopic": "stacked", "prompt": "Stacked deal: 20% off, then $10 coupon if you spend $50 or more. Cart: $37.16, $3.27, $37.38, $13.69. About how much do you pay?", "split": "test", "exact_value": 63.2}
{"id": "discounts_001665", "topic": "discounts", "subtopic": "threshold", "prompt": "Threshold coupon applies: $5 off $30+ spend. Cart: $25.55, $20.71. About how much do you pay?", "split": "test", "exact_value": 41.26}
{"id": "discounts_001666", "topic": "discounts", "subtopic": "bogo", "prompt": "BOGO sale (buy one, get one free; free item is the cheaper one in each pair). Items: $22.52, $21.86, $8.25, $3.89, $3.20, $1.89. About how much do you pay?", "split": "test", "exact_value": 33.97}
{"id": "discounts_001667", "topic": "discounts", "subtopic": "buy_n_get_m", "prompt": "Buy 3 get 3 free on items priced $3.07 each. You take 8 total. About how much do you pay?", "split": "test", "exact_value": 15.35}
{"id": "discounts_001668", "topic": "discounts", "subtopic": "bogo", "prompt": "BOGO sale (buy one, get one free; free item is the cheaper one in each pair). Items: $20.29, $19.37, $16.90, $14.55, $8.26, $3.74. About how much do you pay?", "split": "test", "exact_value": 45.45}
{"id": "discounts_001669", "topic": "discounts", "subtopic": "buy_n_get_m", "prompt": "Buy 5 get 1 free on items priced $6.25 each. You take 10 total. About how much do you pay?", "split": "test", "exact_value": 56.25}
{"id": "discounts_001670", "topic": "discounts", "subtopic": "percent", "prompt": "Cart: $6.99, $26.96, $29.10. A 30% discount applies to everything. About how much do you pay?", "split": "test", "exact_value": 44.14}
{"id": "discounts_001671", "topic": "discounts", "subtopic": "bogo", "prompt": "BOGO sale (buy one, get one free; free item is the cheaper one in each pair). Items: $19.26, $10.55. About how much do you pay?", "split": "test", "exact_value": 19.26}
{"id": "discounts_001672", "topic": "discounts", "subtopic": "threshold", "prompt": "Threshold coupon applies: $15 off $25+ spend. Cart: $28.24, $12.17. About how much do you pay?", "split": "test", "exact_value": 25.41}
{"id": "discounts_001673", "topic": "discounts", "subtopic": "bogo", "prompt": "BOGO sale (buy one, get one free; free item is the cheaper one in each pair). Items: $17.02, $6.71. About how much do you pay?", "split": "test", "exact_value": 17.02}
{"id": "discounts_001674", "topic": "discounts", "subtopic": "threshold", "prompt": "Threshold coupon applies: $10 off $25+ spend. Cart: $37.51, $36.53, $33.58, $18.48. About how much do you pay?", "split": "test", "exact_value": 116.1}
{"id": "discounts_001675", "topic": "discounts", "subtopic": "buy_n_get_m", "prompt": "Buy 4 get 2 free on items priced $5.08 each. You take 12 total. About how much do you pay?", "split": "test", "exact_value": 40.64}
{"id": "discounts_001676", "topic": "discounts", "subtopic": "buy_n_get_m", "prompt": "Buy 4 get 3 free on items priced $5.34 each. You take 7 total. About how much do you pay?", "split": "test", "exact_value": 21.36}
{"id": "discounts_001677", "topic": "discounts", "subtopic": "stacked", "prompt": "Stacked deal: 20% off, then $5 coupon if you spend $50 or more. Cart: $9.89, $36.10, $3.01, $18.50, $38.69. About how much do you pay?", "split": "test", "exact_value": 79.95}
{"id": "discounts_001678", "topic": "discounts", "subtopic": "buy_n_get_m", "prompt": "Buy 3 get 3 free on items priced $3.83 each. You take 10 total. About how much do you pay?", "split": "test", "exact_value": 22.98}
{"id": "discounts_001679", "topic": "discounts", "subtopic": "stacked", "prompt": "Stacked deal: 15% off, then $10 coupon if you spend $40 or more. Cart: $3.54, $5.46, $4.78, $15.26, $20.00, $11.63. About how much do you pay?", "split": "test", "exact_value": 41.57}
{"id": "discounts_001680", "topic": "discounts", "subtopic": "percent", "prompt": "Cart: $21.75, $9.75. A 25% discount applies to everything. About how much do you pay?", "split": "test", "exact_value": 23.63}
{"id": "discounts_001681", "topic": "discounts", "subtopic": "percent", "prompt": "Cart: $22.65, $29.32, $17.04. A 30% discount applies to everything. About how much do you pay?", "split": "test", "exact_value": 48.31}
{"id": "discounts_001682", "topic": "discounts", "subtopic": "percent", "prompt": "Cart: $19.80, $32.84, $27.06. A 15% discount applies to everything. About how much do you pay?", "split": "test", "exact_value": 67.75}
{"id": "discounts_001683", "topic": "discounts", "subtopic": "threshold", "prompt": "Threshold coupon applies: $10 off $50+ spend. Cart: $26.16, $9.78, $26.05, $18.31, $13.69. About how much do you pay?", "split": "test", "exact_value": 83.99}
{"id": "discounts_001684", "topic": "discounts", "subtopic": "bogo", "prompt": "BOGO sale (buy one, get one free; free item is the cheaper one in each pair). Items: $20.56, $20.35, $17.36, $13.98. About how much do you pay?", "split": "test", "exact_value": 37.92}
{"id": "discounts_001685", "topic": "discounts", "subtopic": "bogo", "prompt": "BOGO sale (buy one, get one free; free item is the cheaper one in each pair). Items: $22.66, $8.57, $5.58. About how much do you pay?", "split": "test", "exact_value": 28.24}
{"id": "discounts_001686", "topic": "discounts", "subtopic": "percent", "prompt": "Cart: $15.86, $24.35. A 15% discount applies to everything. About how much do you pay?", "split": "test", "exact_value": 34.18}
{"id": "discounts_001687", "topic": "discounts", "subtopic": "buy_n_get_m", "prompt": "Buy 4 get 2 free on items priced $2.21 each. You take 7 total. About how much do you pay?", "split": "test", "exact_value": 11.05}
{"id": "discounts_001688", "topic": "discounts", "subtopic": "threshold", "prompt": "Threshold coupon applies: $10 off $50+ spend. Cart: $15.78, $16.16. About how much do you pay?", "split": "test", "exact_value": 31.94}
{"id": "discounts_001689", "topic": "discounts", "subtopic": "stacked", "prompt": "Stacked deal: 15% off, then $5 coupon if you spend $30 or more. Cart: $17.20, $33.85, $23.82. About how much do you pay?", "split": "test", "exact_value": 58.64}
{"id": "discounts_001690", "topic": "discounts", "subtopic": "buy_n_get_m", "prompt": "Buy 4 get 1 free on items priced $2.56 each. You take 6 total. About how much do you pay?", "split": "test", "exact_value": 12.8}
{"id": "discounts_001691", "topic": "discounts", "subtopic": "bogo", "prompt": "BOGO sale (buy one, get one free; free item is the cheaper one in each pair). Items: $16.93, $16.07, $9.43. About how much do you pay?", "split": "test", "exact_value": 26.36}
{"id": "discounts_001692", "topic": "discounts", "subtopic": "stacked", "prompt": "Stacked deal: 10% off, then $10 coupon if you spend $50 or more. Cart: $16.27, $37.43, $34.38, $14.91, $22.89. About how much do you pay?", "split": "test", "exact_value": 103.29}
{"id": "discounts_001693", "topic": "discounts", "subtopic": "bogo", "prompt": "BOGO sale (buy one, get one free; free item is the cheaper one in each pair). Items: $22.91, $8.06. About how much do you pay?", "split": "test", "exact_value": 22.91}
{"id": "discounts_001694", "topic": "discounts", "subtopic": "bogo", "prompt": "BOGO sale (buy one, get one free; free item is the cheaper one in each pair). Items: $22.21, $16.00, $11.71, $5.81, $5.20, $3.62. About how much do you pay?", "split": "test", "exact_value": 39.12}
{"id": "discounts_001695", "topic": "discounts", "subtopic": "threshold", "prompt": "Threshold coupon applies: $10 off $25+ spend. Cart: $38.24, $25.60, $33.84, $4.94. About how much do you pay?", "split": "test", "exact_value": 92.62}
{"id": "discounts_001696", "topic": "discounts", "subtopic": "threshold", "prompt": "Threshold coupon applies: $10 off $30+ spend. Cart: $36.58, $16.92, $12.66. About how much do you pay?", "split": "test", "exact_value": 56.16}
{"id": "discounts_001697", "topic": "discounts", "subtopic": "threshold", "prompt": "Threshold coupon applies: $5 off $30+ spend. Cart: $21.08, $39.65, $4.17. About how much do you pay?", "split": "test", "exact_value": 59.9}
{"id": "discounts_001698", "topic": "discounts", "subtopic": "buy_n_get_m", "prompt": "Buy 3 get 1 free on items priced $6.37 each. You take 5 total. About how much do you pay?", "split": "test", "exact_value": 25.48}
{"id": "discounts_001699", "topic": "discounts", "subtopic": "stacked", "prompt": "Stacked deal: 10% off, then $5 coupon if you spend $30 or more. Cart: $21.49, $14.17, $31.86, $33.38. About how much do you pay?", "split": "test", "exact_value": 85.81}
{"id": "discounts_001700", "topic": "discounts", "subtopic": "percent", "prompt": "Cart: $7.47, $30.49, $7.98, $14.24, $14.44. A 20% discount applies to everything. About how much do you pay?", "split": "test", "exact_value": 59.7}
{"id": "discounts_001701", "topic": "discounts", "subtopic": "stacked", "prompt": "Stacked deal: 20% off, then $5 coupon if you spend $30 or more. Cart: $21.10, $21.02, $25.33, $3.07. About how much do you pay?", "split": "test", "exact_value": 51.42}
{"id": "discounts_001702", "topic": "discounts", "subtopic": "stacked", "prompt": "Stacked deal: 20% off, then $10 coupon if you spend $40 or more. Cart: $18.91, $16.93, $9.81, $15.59, $29.47. About how much do you pay?", "split": "test", "exact_value": 62.57}
{"id": "discounts_001703", "topic": "discounts", "subtopic": "percent", "prompt": "Cart: $19.62, $31.18, $3.11, $24.12. A 30% discount applies to everything. About how much do you pay?", "split": "test", "exact_value": 54.62}
{"id": "discounts_001704", "topic": "discounts", "subtopic": "bogo", "prompt": "BOGO sale (buy one, get one free; free item is the cheaper one in each pair). Items: $20.15, $9.58, $1.50. About how much do you pay?", "split": "test", "exact_value": 21.65}
{"id": "discounts_001705", "topic": "discounts", "subtopic": "bogo", "prompt": "BOGO sale (buy one, get one free; free item is the cheaper one in each pair). Items: $18.95, $10.54, $3.44. About how much do you pay?", "split": "test", "exact_value": 22.39}
{"id": "discounts_001706", "topic": "discounts", "subtopic": "threshold", "prompt": "Threshold coupon applies: $5 off $40+ spend. Cart: $36.97, $23.23, $6.71, $15.92, $14.42. About how much do you pay?", "split": "test", "exact_value": 92.25}
{"id": "discounts_001707", "topic": "discounts", "subtopic": "threshold", "prompt": "Threshold coupon applies: $10 off $40+ spend. Cart: $32.16, $8.25. About how much do you pay?", "split": "test", "exact_value": 30.41}
{"id": "discounts_001708", "topic": "discounts", "subtopic": "bogo", "prompt": "BOGO sale (buy one, get one free; free item is the cheaper one in each pair). Items: $24.27, $17.92, $13.22, $12.10, $3.94, $3.38. About how much do you pay?", "split": "test", "exact_value": 41.43}
{"id": "discounts_001709", "topic": "discounts", "subtopic": "threshold", "prompt": "Threshold coupon applies: $5 off $50+ spend. Cart: $6.09, $10.35, $20.94, $36.26. About how much do you pay?", "split": "test", "exact_value": 68.64}
{"id": "discounts_001710", "topic": "discounts", "subtopic": "bogo", "prompt": "BOGO sale (buy one, get one free; free item is the cheaper one in each pair). Items: $19.91, $5.25. About how much do you pay?", "split": "test", "exact_value": 19.91}
{"id": "discounts_001711", "topic": "discounts", "subtopic": "percent", "prompt": "Cart: $25.40, $5.57, $34.11, $40.46. A 30% discount applies to everything. About how much do you pay?", "split": "test", "exact_value": 73.88}
{"id": "discounts_001712", "topic": "discounts", "subtopic": "percent", "prompt": "Cart: $9.20, $6.24, $8.34. A 25% discount applies to everything. About how much do you pay?", "split": "test", "exact_value": 17.84}
{"id": "discounts_001713", "topic": "discounts", "subtopic": "stacked", "prompt": "Stacked deal: 10% off, then $10 coupon if you spend $50 or more. Cart: $3.88, $26.27, $20.67, $18.81, $15.40, $8.00. About how much do you pay?", "split": "test", "exact_value": 73.73}
{"id": "discounts_001714", "topic": "discounts", "subtopic": "percent", "prompt": "Cart: $30.52, $6.36, $9.48, $41.47. A 30% discount applies to everything. About how much do you pay?", "split": "test", "exact_value": 61.48}
{"id": "discounts_001715", "topic": "discounts", "subtopic": "buy_n_get_m", "prompt": "Buy 4 get 2 free on items priced $5.70 each. You take 7 total. About how much do you pay?", "split": "test", "exact_value": 28.5}
{"id": "discounts_001716", "topic": "discounts", "subtopic": "threshold", "prompt": "Threshold coupon applies: $5 off $40+ spend. Cart: $6.98, $34.44. About how much do you pay?", "split": "test", "exact_value": 36.42}
{"id": "discounts_001717", "topic": "discounts", "subtopic": "percent", "prompt": "Cart: $4.35, $38.07. A 25% discount applies to everything. About how much do you pay?", "split": "test", "exact_value": 31.82}
{"id": "discounts_001718", "topic": "discounts", "subtopic": "buy_n_get_m", "prompt": "Buy 3 get 3 free on items priced $6.51 each. You take 12 total. About how much do you pay?", "split": "test", "exact_value": 39.06}
{"id": "discounts_001719", "topic": "discounts", "subtopic": "stacked", "prompt": "Stacked deal: 15% off, then $10 coupon if you spend $40 or more. Cart: $35.32, $29.00, $5.70, $8.29. About how much do you pay?", "split": "test", "exact_value": 56.56}
{"id": "discounts_001720", "topic": "discounts", "subtopic": "threshold", "prompt": "Threshold coupon applies: $5 off $40+ spend. Cart: $8.56, $21.22, $38.71. About how much do you pay?", "split": "test", "exact_value": 63.49}
{"id": "discounts_001721", "topic": "discounts", "subtopic": "threshold", "prompt": "Threshold coupon applies: $10 off $25+ spend. Cart: $32.84, $21.88, $16.32. About how much do you pay?", "split": "test", "exact_value": 61.04}
{"id": "discounts_001722", "topic": "discounts", "subtopic": "bogo", "prompt": "BOGO sale (buy one, get one free; free item is the cheaper one in each pair). Items: $19.80, $17.17, $10.60, $4.77, $3.70, $2.20. About how much do you pay?", "split": "test", "exact_value": 34.1}
{"id": "discounts_001723", "topic": "discounts", "subtopic": "buy_n_get_m", "prompt": "Buy 4 get 2 free on items priced $2.55 each. You take 8 total. About how much do you pay?", "split": "test", "exact_value": 15.3}
{"id": "discounts_001724", "topic": "discounts", "subtopic": "bogo", "prompt": "BOGO sale (buy one, get one free; free item is the cheaper one in each pair). Items: $22.35, $20.13, $11.95, $6.67, $2.98. About how much do you pay?", "split": "test", "exact_value": 37.28}
{"id": "discounts_001725", "topic": "discounts", "subtopic": "bogo", "prompt": "BOGO sale (buy one, get one free; free item is the cheaper one in each pair). Items: $23.65, $20.47, $8.06, $6.67, $5.79. About how much do you pay?", "split": "test", "exact_value": 37.5}
{"id": "discounts_001726", "topic": "discounts", "subtopic": "bogo", "prompt": "BOGO sale (buy one, get one free; free item is the cheaper one in each pair). Items: $23.82, $23.35, $10.71, $10.56, $10.08. About how much do you pay?", "split": "test", "exact_value": 44.61}
{"id": "discounts_001727", "topic": "discounts", "subtopic": "threshold", "prompt": "Threshold coupon applies: $15 off $40+ spend. Cart: $13.36, $19.88, $14.56, $19.32, $9.92. About how much do you pay?", "split": "test", "exact_value": 62.04}
{"id": "discounts_001728", "topic": "discounts", "subtopic": "buy_n_get_m", "prompt": "Buy 3 get 2 free on items priced $6.89 each. You take 8 total. About how much do you pay?", "split": "test", "exact_value": 41.34}
{"id": "discounts_001729", "topic": "discounts", "subtopic": "bogo", "prompt": "BOGO sale (buy one, get one free; free item is the cheaper one in each pair). Items: $14.83, $11.20, $4.54, $1.63. About how much do you pay?", "split": "test", "exact_value": 19.37}
{"id": "discounts_001730", "topic": "discounts", "subtopic": "buy_n_get_m", "prompt": "Buy 4 get 1 free on items priced $3.98 each. You take 6 total. About how much do you pay?", "split": "test", "exact_value": 19.9}
{"id": "discounts_001731", "topic": "discounts", "subtopic": "percent", "prompt": "Cart: $38.99, $38.27, $44.15, $36.41, $11.42. A 15% discount applies to everything. About how much do you pay?", "split": "test", "exact_value": 143.85}
{"id": "discounts_001732", "topic": "discounts", "subtopic": "buy_n_get_m", "prompt": "Buy 5 get 2 free on items priced $6.05 each. You take 10 total. About how much do you pay?", "split": "test", "exact_value": 48.4}
{"id": "discounts_001733", "topic": "discounts", "subtopic": "buy_n_get_m", "prompt": "Buy 4 get 1 free on items priced $5.94 each. You take 5 total. About how much do you pay?", "split": "test", "exact_value": 23.76}
{"id": "discounts_001734", "topic": "discounts", "subtopic": "bogo", "prompt": "BOGO sale (buy one, get one free; free item is the cheaper one in each pair). Items: $19.88, $11.76, $10.21, $4.95, $4.08, $1.59. About how much do you pay?", "split": "test", "exact_value": 34.17}
{"id": "discounts_001735", "topic": "discounts", "subtopic": "bogo", "prompt": "BOGO sale (buy one, get one free; free item is the cheaper one in each pair). Items: $24.61, $22.48, $17.69, $12.33. About how much do you pay?", "split": "test", "exact_value": 42.3}
{"id": "discounts_001736", "topic": "discounts", "subtopic": "percent", "prompt": "Cart: $45.79, $48.70, $36.97, $24.78. A 15% discount applies to everything. About how much do you pay?", "split": "test", "exact_value": 132.8}
{"id": "discounts_001737", "topic": "discounts", "subtopic": "buy_n_get_m", "prompt": "Buy 5 get 2 free on items priced $2.25 each. You take 7 total. About how much do you pay?", "split": "test", "exact_value": 11.25}
{"id": "discounts_001738", "topic": "discounts", "subtopic": "threshold", "prompt": "Threshold coupon applies: $5 off $30+ spend. Cart: $11.32, $27.38. About how much do you pay?", "split": "test", "exact_value": 33.7}
{"id": "discounts_001739", "topic": "discounts", "subtopic": "buy_n_get_m", "prompt": "Buy 5 get 1 free on items priced $4.43 each. You take 12 total. About how much do you pay?", "split": "test", "exact_value": 44.3}
{"id": "discounts_001740", "topic": "discounts", "subtopic": "bogo", "prompt": "BOGO sale (buy one, get one free; free item is the cheaper one in each pair). Items: $18.67, $11.94, $5.16. About how much do you pay?", "split": "test", "exact_value": 23.83}
{"id": "discounts_001741", "topic": "discounts", "subtopic": "percent", "prompt": "Cart: $17.87, $36.73, $21.54, $21.80. A 25% discount applies to everything. About how much do you pay?", "split": "test", "exact_value": 73.46}
{"id": "discounts_001742", "topic": "discounts", "subtopic": "percent", "prompt": "Cart: $12.26, $32.61, $34.52, $42.88, $39.83. A 30% discount applies to everything. About how much do you pay?", "split": "test", "exact_value": 113.47}
{"id": "discounts_001743", "topic": "discounts", "subtopic": "threshold", "prompt": "Threshold coupon applies: $5 off $30+ spend. Cart: $4.15, $6.42, $8.97. About how much do you pay?", "split": "test", "exact_value": 19.54}
{"id": "discounts_001744", "topic": "discounts", "subtopic": "percent", "prompt": "Cart: $26.65, $15.61, $21.21, $14.89. A 30% discount applies to everything. About how much do you pay?", "split": "test", "exact_value": 54.85}
{"id": "discounts_001745", "topic": "discounts", "subtopic": "bogo", "prompt": "BOGO sale (buy one, get one free; free item is the cheaper one in each pair). Items: $24.82, $21.44, $6.48. About how much do you pay?", "split": "test", "exact_value": 31.3}
{"id": "discounts_001746", "topic": "discounts", "subtopic": "stacked", "prompt": "Stacked deal: 20% off, then $5 coupon if you spend $50 or more. Cart: $3.84, $32.22, $9.15, $39.15, $22.98, $17.99. About how much do you pay?", "split": "test", "exact_value": 95.26}
{"id": "discounts_001747", "topic": "discounts", "subtopic": "bogo", "prompt": "BOGO sale (buy one, get one free; free item is the cheaper one in each pair). Items: $17.40, $15.74, $9.38, $8.21, $1.70. About how much do you pay?", "split": "test", "exact_value": 28.48}
{"id": "discounts_001748", "topic": "discounts", "subtopic": "threshold", "prompt": "Threshold coupon applies: $15 off $40+ spend. Cart: $4.85, $39.46, $37.01. About how much do you pay?", "split": "test", "exact_value": 66.32}
{"id": "discounts_001749", "topic": "discounts", "subtopic": "percent", "prompt": "Cart: $43.74, $9.83. A 30% discount applies to everything. About how much do you pay?", "split": "test", "exact_value": 37.5}
{"id": "discounts_001750", "topic": "discounts", "subtopic": "buy_n_get_m", "prompt": "Buy 3 get 3 free on items priced $6.45 each. You take 7 total. About how much do you pay?", "split": "test", "exact_value": 25.8}
{"id": "discounts_001751", "topic": "discounts", "subtopic": "buy_n_get_m", "prompt": "Buy 5 get 1 free on items priced $1.81 each. You take 6 total. About how much do you pay?", "split": "test", "exact_value": 9.05}
{"id": "discounts_001752", "topic": "discounts", "subtopic": "percent", "prompt": "Cart: $16.70, $8.15, $19.20, $45.27. A 10% discount applies to everything. About how much do you pay?", "split": "test", "exact_value": 80.39}
{"id": "discounts_001753", "topic": "discounts", "subtopic": "stacked", "prompt": "Stacked deal: 20% off, then $5 coupon if you spend $50 or more. Cart: $11.01, $22.38, $21.84. About how much do you pay?", "split": "test", "exact_value": 44.18}
{"id": "discounts_001754", "topic": "discounts", "subtopic": "buy_n_get_m", "prompt": "Buy 3 get 1 free on items priced $3.15 each. You take 6 total. About how much do you pay?", "split": "test", "exact_value": 15.75}
{"id": "discounts_001755", "topic": "discounts", "subtopic": "percent", "prompt": "Cart: $14.36, $19.37, $21.08, $26.91. A 10% discount applies to everything. About how much do you pay?", "split": "test", "exact_value": 73.55}
{"id": "discounts_001756", "topic": "discounts", "subtopic": "bogo", "prompt": "BOGO sale (buy one, get one free; free item is the cheaper one in each pair). Items: $16.40, $13.59, $5.98, $3.91. About how much do you pay?", "split": "test", "exact_value": 22.38}
{"id": "discounts_001757", "topic": "discounts", "subtopic": "bogo", "prompt": "BOGO sale (buy one, get one free; free item is the cheaper one in each pair). Items: $16.16, $13.37, $9.00, $8.78, $6.12. About how much do you pay?", "split": "test", "exact_value": 31.28}
{"id": "discounts_001758", "topic": "discounts", "subtopic": "percent", "prompt": "Cart: $46.33, $27.26. A 20% discount applies to everything. About how much do you pay?", "split": "test", "exact_value": 58.87}
{"id": "discounts_001759", "topic": "discounts", "subtopic": "threshold", "prompt": "Threshold coupon applies: $5 off $25+ spend. Cart: $20.10, $21.52, $33.35, $23.75. About how much do you pay?", "split": "test", "exact_value": 93.72}
{"id": "discounts_001760", "topic": "discounts", "subtopic": "stacked", "prompt": "Stacked deal: 10% off, then $5 coupon if you spend $40 or more. Cart: $8.72, $20.11, $36.73. About how much do you pay?", "split": "test", "exact_value": 54.0}
{"id": "discounts_001761", "topic": "discounts", "subtopic": "threshold", "prompt": "Threshold coupon applies: $10 off $50+ spend. Cart: $19.68, $7.83. About how much do you pay?", "split": "test", "exact_value": 27.51}
{"id": "discounts_001762", "topic": "discounts", "subtopic": "stacked", "prompt": "Stacked deal: 20% off, then $5 coupon if you spend $50 or more. Cart: $7.16, $24.03, $20.38, $33.76, $19.22, $24.42. About how much do you pay?", "split": "test", "exact_value": 98.18}
{"id": "discounts_001763", "topic": "discounts", "subtopic": "bogo", "prompt": "BOGO sale (buy one, get one free; free item is the cheaper one in each pair). Items: $12.69, $11.21, $2.47. About how much do you pay?", "split": "test", "exact_value": 15.16}
{"id": "discounts_001764", "topic": "discounts", "subtopic": "buy_n_get_m", "prompt": "Buy 4 get 3 free on items priced $7.11 each. You take 10 total. About how much do you pay?", "split": "test", "exact_value": 49.77}
{"id": "discounts_001765", "topic": "discounts", "subtopic": "buy_n_get_m", "prompt": "Buy 4 get 3 free on items priced $2.72 each. You take 8 total. About how much do you pay?", "split": "test", "exact_value": 13.6}
{"id": "discounts_001766", "topic": "discounts", "subtopic": "stacked", "prompt": "Stacked deal: 10% off, then $5 coupon if you spend $30 or more. Cart: $18.60, $19.26, $8.54, $16.67, $16.49. About how much do you pay?", "split": "test", "exact_value": 66.6}
{"id": "discounts_001767", "topic": "discounts", "subtopic": "buy_n_get_m", "prompt": "Buy 4 get 3 free on items priced $2.52 each. You take 9 total. About how much do you pay?", "split": "test", "exact_value": 15.12}
{"id": "discounts_001768", "topic": "discounts", "subtopic": "percent", "prompt": "Cart: $45.54, $35.91, $18.74, $5.03, $35.01. A 30% discount applies to everything. About how much do you pay?", "split": "test", "exact_value": 98.16}
{"id": "discounts_001769", "topic": "discounts", "subtopic": "buy_n_get_m", "prompt": "Buy 4 get 3 free on items priced $7.53 each. You take 14 total. About how much do you pay?", "split": "test", "exact_value": 60.24}
{"id": "discounts_001770", "topic": "discounts", "subtopic": "stacked", "prompt": "Stacked deal: 20% off, then $5 coupon if you spend $40 or more. Cart: $3.15, $35.36, $10.48, $8.60. About how much do you pay?", "split": "test", "exact_value": 41.07}
{"id": "discounts_001771", "topic": "discounts", "subtopic": "bogo", "prompt": "BOGO sale (buy one, get one free; free item is the cheaper one in each pair). Items: $19.21, $16.70, $14.65, $11.59, $5.69. About how much do you pay?", "split": "test", "exact_value": 39.55}
{"id": "discounts_001772", "topic": "discounts", "subtopic": "buy_n_get_m", "prompt": "Buy 5 get 2 free on items priced $3.55 each. You take 7 total. About how much do you pay?", "split": "test", "exact_value": 17.75}
{"id": "discounts_001773", "topic": "discounts", "subtopic": "bogo", "prompt": "BOGO sale (buy one, get one free; free item is the cheaper one in each pair). Items: $23.66, $13.66, $11.51, $4.45. About how much do you pay?", "split": "test", "exact_value": 35.17}
{"id": "discounts_001774", "topic": "discounts", "subtopic": "bogo", "prompt": "BOGO sale (buy one, get one free; free item is the cheaper one in each pair). Items: $20.38, $12.47. About how much do you pay?", "split": "test", "exact_value": 20.38}
{"id": "discounts_001775", "topic": "discounts", "subtopic": "bogo", "prompt": "BOGO sale (buy one, get one free; free item is the cheaper one in each pair). Items: $14.75, $14.07. About how much do you pay?", "split": "test", "exact_value": 14.75}
{"id": "discounts_001776", "topic": "discounts", "subtopic": "threshold", "prompt": "Threshold coupon applies: $15 off $30+ spend. Cart: $35.89, $34.32, $26.99. About how much do you pay?", "split": "test", "exact_value": 82.2}
{"id": "discounts_001777", "topic": "discounts", "subtopic": "bogo", "prompt": "BOGO sale (buy one, get one free; free item is the cheaper one in each pair). Items: $23.82, $23.11, $20.13, $12.51, $4.21. About how much do you pay?", "split": "test", "exact_value": 48.16}
{"id": "discounts_001778", "topic": "discounts", "subtopic": "stacked", "prompt": "Stacked deal: 10% off, then $5 coupon if you spend $30 or more. Cart: $8.18, $7.74, $30.09, $27.13, $37.09. About how much do you pay?", "split": "test", "exact_value": 94.21}
{"id": "discounts_001779", "topic": "discounts", "subtopic": "percent", "prompt": "Cart: $45.64, $9.87, $5.25, $9.64, $43.29. A 15% discount applies to everything. About how much do you pay?", "split": "test", "exact_value": 96.64}
{"id": "discounts_001780", "topic": "discounts", "subtopic": "bogo", "prompt": "BOGO sale (buy one, get one free; free item is the cheaper one in each pair). Items: $24.15, $22.37, $17.36, $12.98. About how much do you pay?", "split": "test", "exact_value": 41.51}
{"id": "discounts_001781", "topic": "discounts", "subtopic": "buy_n_get_m", "prompt": "Buy 4 get 3 free on items priced $6.29 each. You take 14 total. About how much do you pay?", "split": "test", "exact_value": 50.32}
{"id": "discounts_001782", "topic": "discounts", "subtopic": "threshold", "prompt": "Threshold coupon applies: $5 off $50+ spend. Cart: $31.26, $34.02. About how much do you pay?", "split": "test", "exact_value": 60.28}
{"id": "discounts_001783", "topic": "discounts", "subtopic": "stacked", "prompt": "Stacked deal: 15% off, then $5 coupon if you spend $40 or more. Cart: $7.00, $16.49, $25.56, $15.94, $17.74, $31.47. About how much do you pay?", "split": "test", "exact_value": 92.07}
{"id": "discounts_001784", "topic": "discounts", "subtopic": "stacked", "prompt": "Stacked deal: 10% off, then $10 coupon if you spend $30 or more. Cart: $22.38, $11.67, $13.63, $12.83, $3.64, $29.39. About how much do you pay?", "split": "test", "exact_value": 74.19}
{"id": "discounts_001785", "topic": "discounts", "subtopic": "bogo", "prompt": "BOGO sale (buy one, get one free; free item is the cheaper one in each pair). Items: $23.98, $19.83, $17.52, $16.16, $10.06. About how much do you pay?", "split": "test", "exact_value": 51.56}
{"id": "discounts_001786", "topic": "discounts", "subtopic": "bogo", "prompt": "BOGO sale (buy one, get one free; free item is the cheaper one in each pair). Items: $21.18, $19.36, $15.11. About how much do you pay?", "split": "test", "exact_value": 36.29}
{"id": "discounts_001787", "topic": "discounts", "subtopic": "bogo", "prompt": "BOGO sale (buy one, get one free; free item is the cheaper one in each pair). Items: $18.02, $17.28, $12.27, $11.39, $9.99, $8.18. About how much do you pay?", "split": "test", "exact_value": 40.28}
{"id": "discounts_001788", "topic": "discounts", "subtopic": "percent", "prompt": "Cart: $26.15, $33.10, $8.36, $45.66. A 20% discount applies to everything. About how much do you pay?", "split": "test", "exact_value": 90.62}
{"id": "discounts_001789", "topic": "discounts", "subtopic": "percent", "prompt": "Cart: $5.05, $21.65. A 15% discount applies to everything. About how much do you pay?", "split": "test", "exact_value": 22.7}
{"id": "discounts_001790", "topic": "discounts", "subtopic": "threshold", "prompt": "Threshold coupon applies: $10 off $50+ spend. Cart: $5.10, $5.17. About how much do you pay?", "split": "test", "exact_value": 10.27}
{"id": "discounts_001791", "topic": "discounts", "subtopic": "stacked", "prompt": "Stacked deal: 20% off, then $5 coupon if you spend $30 or more. Cart: $27.76, $34.24, $36.65, $25.11. About how much do you pay?", "split": "test", "exact_value": 94.01}
{"id": "discounts_001792", "topic": "discounts", "subtopic": "buy_n_get_m", "prompt": "Buy 5 get 3 free on items priced $3.37 each. You take 11 total. About how much do you pay?", "split": "test", "exact_value": 26.96}
{"id": "discounts_001793", "topic": "discounts", "subtopic": "buy_n_get_m", "prompt": "Buy 3 get 3 free on items priced $4.69 each. You take 7 total. About how much do you pay?", "split": "test", "exact_value": 18.76}
{"id": "discounts_001794", "topic": "discounts", "subtopic": "percent", "prompt": "Cart: $29.80, $25.17, $7.28, $14.84. A 15% discount applies to everything. About how much do you pay?", "split": "test", "exact_value": 65.53}
{"id": "discounts_001795", "topic": "discounts", "subtopic": "stacked", "prompt": "Stacked deal: 10% off, then $10 coupon if you spend $30 or more. Cart: $39.43, $17.32, $13.48, $33.76, $33.05, $3.84. About how much do you pay?", "split": "test", "exact_value": 116.79}
{"id": "discounts_001796", "topic": "discounts", "subtopic": "bogo", "prompt": "BOGO sale (buy one, get one free; free item is the cheaper one in each pair). Items: $14.15, $13.67, $11.44, $8.78, $4.93. About how much do you pay?", "split": "test", "exact_value": 30.52}
{"id": "discounts_001797", "topic": "discounts", "subtopic": "buy_n_get_m", "prompt": "Buy 5 get 1 free on items priced $7.07 each. You take 11 total. About how much do you pay?", "split": "test", "exact_value": 70.7}
{"id": "discounts_001798", "topic": "discounts", "subtopic": "threshold", "prompt": "Threshold coupon applies: $5 off $30+ spend. Cart: $14.43, $5.41, $5.23. About how much do you pay?", "split": "test", "exact_value": 25.07}
{"id": "discounts_001799", "topic": "discounts", "subtopic": "stacked", "prompt": "Stacked deal: 10% off, then $10 coupon if you spend $50 or more. Cart: $27.56, $6.19, $27.65, $16.94, $3.64, $6.17. About how much do you pay?", "split": "test", "exact_value": 69.34}
{"id": "discounts_001800", "topic": "discounts", "subtopic": "buy_n_get_m", "prompt": "Buy 3 get 2 free on items priced $2.85 each. You take 5 total. About how much do you pay?", "split": "test", "exact_value": 8.55}
{"id": "discounts_001801", "topic": "discounts", "subtopic": "threshold", "prompt": "Threshold coupon applies: $5 off $30+ spend. Cart: $30.26, $35.64, $29.05. About how much do you pay?", "split": "test", "exact_value": 89.95}
{"id": "discounts_001802", "topic": "discounts", "subtopic": "buy_n_get_m", "prompt": "Buy 5 get 1 free on items priced $7.33 each. You take 9 total. About how much do you pay?", "split": "test", "exact_value": 58.64}
{"id": "discounts_001803", "topic": "discounts", "subtopic": "stacked", "prompt": "Stacked deal: 20% off, then $5 coupon if you spend $30 or more. Cart: $33.03, $6.30, $5.14, $29.72. About how much do you pay?", "split": "test", "exact_value": 54.35}
{"id": "discounts_001804", "topic": "discounts", "subtopic": "percent", "prompt": "Cart: $27.48, $37.16, $41.04, $17.55, $41.72. A 10% discount applies to everything. About how much do you pay?", "split": "test", "exact_value": 148.46}
{"id": "discounts_001805", "topic": "discounts", "subtopic": "bogo", "prompt": "BOGO sale (buy one, get one free; free item is the cheaper one in each pair). Items: $23.86, $23.78, $16.62, $14.27, $9.38, $3.01. About how much do you pay?", "split": "test", "exact_value": 49.86}
{"id": "discounts_001806", "topic": "discounts", "subtopic": "stacked", "prompt": "Stacked deal: 15% off, then $5 coupon if you spend $50 or more. Cart: $26.11, $4.86, $30.36, $4.82. About how much do you pay?", "split": "test", "exact_value": 51.23}
{"id": "discounts_001807", "topic": "discounts", "subtopic": "threshold", "prompt": "Threshold coupon applies: $15 off $25+ spend. Cart: $19.28, $12.72, $19.02, $10.12, $36.97. About how much do you pay?", "split": "test", "exact_value": 83.11}
{"id": "discounts_001808", "topic": "discounts", "subtopic": "percent", "prompt": "Cart: $49.29, $34.69, $23.16. A 10% discount applies to everything. About how much do you pay?", "split": "test", "exact_value": 96.43}
{"id": "discounts_001809", "topic": "discounts", "subtopic": "buy_n_get_m", "prompt": "Buy 5 get 2 free on items priced $7.03 each. You take 14 total. About how much do you pay?", "split": "test", "exact_value": 70.3}
{"id": "discounts_001810", "topic": "discounts", "subtopic": "buy_n_get_m", "prompt": "Buy 3 get 2 free on items priced $6.49 each. You take 10 total. About how much do you pay?", "split": "test", "exact_value": 38.94}
{"id": "discounts_001811", "topic": "discounts", "subtopic": "bogo", "prompt": "BOGO sale (buy one, get one free; free item is the cheaper one in each pair). Items: $24.84, $21.77. About how much do you pay?", "split": "test", "exact_value": 24.84}
{"id": "discounts_001812", "topic": "discounts", "subtopic": "percent", "prompt": "Cart: $49.03, $34.99. A 15% discount applies to everything. About how much do you pay?", "split": "test", "exact_value": 71.42}
{"id": "discounts_001813", "topic": "discounts", "subtopic": "bogo", "prompt": "BOGO sale (buy one, get one free; free item is the cheaper one in each pair). Items: $21.75, $11.66. About how much do you pay?", "split": "test", "exact_value": 21.75}
{"id": "discounts_001814", "topic": "discounts", "subtopic": "bogo", "prompt": "BOGO sale (buy one, get one free; free item is the cheaper one in each pair). Items: $24.49, $15.23, $13.33, $12.01, $4.42, $3.71. About how much do you pay?", "split": "test", "exact_value": 42.24}
{"id": "discounts_001815", "topic": "discounts", "subtopic": "buy_n_get_m", "prompt": "Buy 4 get 3 free on items priced $2.40 each. You take 10 total. About how much do you pay?", "split": "test", "exact_value": 16.8}
{"id": "discounts_001816", "topic": "discounts", "subtopic": "threshold", "prompt": "Threshold coupon applies: $10 off $50+ spend. Cart: $30.39, $16.81, $5.03, $30.22, $18.59. About how much do you pay?", "split": "test", "exact_value": 91.04}
{"id": "discounts_001817", "topic": "discounts", "subtopic": "threshold", "prompt": "Threshold coupon applies: $15 off $30+ spend. Cart: $22.32, $21.22. About how much do you pay?", "split": "test", "exact_value": 28.54}
{"id": "discounts_001818", "topic": "discounts", "subtopic": "stacked", "prompt": "Stacked deal: 20% off, then $5 coupon if you spend $40 or more. Cart: $18.13, $11.73, $23.15, $36.51. About how much do you pay?", "split": "test", "exact_value": 66.62}
{"id": "discounts_001819", "topic": "discounts", "subtopic": "percent", "prompt": "Cart: $44.31, $39.76, $10.58, $46.43, $11.07. A 15% discount applies to everything. About how much do you pay?", "split": "test", "exact_value": 129.33}
{"id": "discounts_001820", "topic": "discounts", "subtopic": "bogo", "prompt": "BOGO sale (buy one, get one free; free item is the cheaper one in each pair). Items: $21.01, $14.88, $13.59, $11.92, $11.65. About how much do you pay?", "split": "test", "exact_value": 46.25}
{"id": "discounts_001821", "topic": "discounts", "subtopic": "bogo", "prompt": "BOGO sale (buy one, get one free; free item is the cheaper one in each pair). Items: $20.69, $16.61, $10.78, $5.46, $3.50. About how much do you pay?", "split": "test", "exact_value": 34.97}
{"id": "discounts_001822", "topic": "discounts", "subtopic": "stacked", "prompt": "Stacked deal: 15% off, then $5 coupon if you spend $50 or more. Cart: $20.15, $24.48, $11.94. About how much do you pay?", "split": "test", "exact_value": 48.08}
{"id": "discounts_001823", "topic": "discounts", "subtopic": "bogo", "prompt": "BOGO sale (buy one, get one free; free item is the cheaper one in each pair). Items: $12.69, $12.41, $11.69, $9.51. About how much do you pay?", "split": "test", "exact_value": 24.38}
{"id": "discounts_001824", "topic": "discounts", "subtopic": "stacked", "prompt": "Stacked deal: 10% off, then $5 coupon if you spend $40 or more. Cart: $17.06, $3.91, $34.02, $36.74, $16.66, $30.45. About how much do you pay?", "split": "test", "exact_value": 119.96}
{"id": "discounts_001825", "topic": "discounts", "subtopic": "percent", "prompt": "Cart: $8.86, $23.71, $44.91, $39.68. A 20% discount applies to everything. About how much do you pay?", "split": "test", "exact_value": 93.73}
{"id": "discounts_001826", "topic": "discounts", "subtopic": "threshold", "prompt": "Threshold coupon applies: $10 off $40+ spend. Cart: $24.57, $38.31, $9.00. About how much do you pay?", "split": "test", "exact_value": 61.88}
{"id": "discounts_001827", "topic": "discounts", "subtopic": "buy_n_get_m", "prompt": "Buy 5 get 3 free on items priced $6.70 each. You take 15 total. About how much do you pay?", "split": "test", "exact_value": 67.0}
{"id": "discounts_001828", "topic": "discounts", "subtopic": "percent", "prompt": "Cart: $42.54, $17.48. A 25% discount applies to everything. About how much do you pay?", "split": "test", "exact_value": 45.02}
{"id": "discounts_001829", "topic": "discounts", "subtopic": "percent", "prompt": "Cart: $44.02, $19.96. A 10% discount applies to everything. About how much do you pay?", "split": "test", "exact_value": 57.58}
{"id": "discounts_001830", "topic": "discounts", "subtopic": "percent", "prompt": "Cart: $15.30, $30.93, $33.00. A 30% discount applies to everything. About how much do you pay?", "split": "test", "exact_value": 55.46}
{"id": "discounts_001831", "topic": "discounts", "subtopic": "threshold", "prompt": "Threshold coupon applies: $15 off $30+ spend. Cart: $16.57, $20.66, $5.78, $12.37, $4.59. About how much do you pay?", "split": "test", "exact_value": 44.97}
{"id": "discounts_001832", "topic": "discounts", "subtopic": "bogo", "prompt": "BOGO sale (buy one, get one free; free item is the cheaper one in each pair). Items: $18.67, $4.39. About how much do you pay?", "split": "test", "exact_value": 18.67}
{"id": "discounts_001833", "topic": "discounts", "subtopic": "bogo", "prompt": "BOGO sale (buy one, get one free; free item is the cheaper one in each pair). Items: $21.13, $16.38, $13.41, $2.99. About how much do you pay?", "split": "test", "exact_value": 34.54}
{"id": "discounts_001834", "topic": "discounts", "subtopic": "percent", "prompt": "Cart: $15.93, $29.86, $48.53, $21.86, $33.22. A 20% discount applies to everything. About how much do you pay?", "split": "test", "exact_value": 119.52}
{"id": "discounts_001835", "topic": "discounts", "subtopic": "bogo", "prompt": "BOGO sale (buy one, get one free; free item is the cheaper one in each pair). Items: $21.49, $11.08, $5.30. About how much do you pay?", "split": "test", "exact_value": 26.79}
{"id": "discounts_001836", "topic": "discounts", "subtopic": "bogo", "prompt": "BOGO sale (buy one, get one free; free item is the cheaper one in each pair). Items: $16.39, $1.86. About how much do you pay?", "split": "test", "exact_value": 16.39}
{"id": "discounts_001837", "topic": "discounts", "subtopic": "bogo", "prompt": "BOGO sale (buy one, get one free; free item is the cheaper one in each pair). Items: $23.87, $1.81. About how much do you pay?", "split": "test", "exact_value": 23.87}
{"id": "discounts_001838", "topic": "discounts", "subtopic": "bogo", "prompt": "BOGO sale (buy one, get one free; free item is the cheaper one in each pair). Items: $23.59, $20.58. About how much do you pay?", "split": "test", "exact_value": 23.59}
{"id": "discounts_001839", "topic": "discounts", "subtopic": "bogo", "prompt": "BOGO sale (buy one, get one free; free item is the cheaper one in each pair). Items: $20.41, $16.79, $12.09, $11.44, $7.59. About how much do you pay?", "split": "test", "exact_value": 40.09}
{"id": "discounts_001840", "topic": "discounts", "subtopic": "bogo", "prompt": "BOGO sale (buy one, get one free; free item is the cheaper one in each pair). Items: $23.70, $20.50, $18.76, $8.26, $2.07. About how much do you pay?", "split": "test", "exact_value": 44.53}
{"id": "discounts_001841", "topic": "discounts", "subtopic": "threshold", "prompt": "Threshold coupon applies: $10 off $40+ spend. Cart: $33.03, $31.45. About how much do you pay?", "split": "test", "exact_value": 54.48}
{"id": "discounts_001842", "topic": "discounts", "subtopic": "stacked", "prompt": "Stacked deal: 20% off, then $5 coupon if you spend $40 or more. Cart: $36.34, $28.09, $36.60, $12.45, $29.64. About how much do you pay?", "split": "test", "exact_value": 109.5}
{"id": "discounts_001843", "topic": "discounts", "subtopic": "buy_n_get_m", "prompt": "Buy 4 get 2 free on items priced $5.69 each. You take 7 total. About how much do you pay?", "split": "test", "exact_value": 28.45}
{"id": "discounts_001844", "topic": "discounts", "subtopic": "buy_n_get_m", "prompt": "Buy 3 get 2 free on items priced $3.64 each. You take 8 total. About how much do you pay?", "split": "test", "exact_value": 21.84}
{"id": "discounts_001845", "topic": "discounts", "subtopic": "threshold", "prompt": "Threshold coupon applies: $10 off $30+ spend. Cart: $16.73, $35.45, $11.14, $30.90, $13.63. About how much do you pay?", "split": "test", "exact_value": 97.85}
{"id": "discounts_001846", "topic": "discounts", "subtopic": "stacked", "prompt": "Stacked deal: 20% off, then $10 coupon if you spend $30 or more. Cart: $27.46, $37.28, $27.22, $37.94. About how much do you pay?", "split": "test", "exact_value": 93.92}
{"id": "discounts_001847", "topic": "discounts", "subtopic": "threshold", "prompt": "Threshold coupon applies: $5 off $40+ spend. Cart: $19.62, $18.09, $14.78. About how much do you pay?", "split": "test", "exact_value": 47.49}
{"id": "discounts_001848", "topic": "discounts", "subtopic": "bogo", "prompt": "BOGO sale (buy one, get one free; free item is the cheaper one in each pair). Items: $21.72, $20.56. About how much do you pay?", "split": "test", "exact_value": 21.72}
{"id": "discounts_001849", "topic": "discounts", "subtopic": "threshold", "prompt": "Threshold coupon applies: $5 off $30+ spend. Cart: $22.87, $4.15, $22.27, $25.91. About how much do you pay?", "split": "test", "exact_value": 70.2}
{"id": "discounts_001850", "topic": "discounts", "subtopic": "threshold", "prompt": "Threshold coupon applies: $15 off $50+ spend. Cart: $27.64, $27.35, $14.82. About how much do you pay?", "split": "test", "exact_value": 54.81}
{"id": "discounts_001851", "topic": "discounts", "subtopic": "buy_n_get_m", "prompt": "Buy 3 get 2 free on items priced $7.12 each. You take 5 total. About how much do you pay?", "split": "test", "exact_value": 21.36}
{"id": "discounts_001852", "topic": "discounts", "subtopic": "buy_n_get_m", "prompt": "Buy 3 get 2 free on items priced $3.56 each. You take 10 total. About how much do you pay?", "split": "test", "exact_value": 21.36}
{"id": "discounts_001853", "topic": "discounts", "subtopic": "percent", "prompt": "Cart: $27.99, $21.83, $10.75. A 10% discount applies to everything. About how much do you pay?", "split": "test", "exact_value": 54.51}
{"id": "discounts_001854", "topic": "discounts", "subtopic": "percent", "prompt": "Cart: $12.25, $11.08, $49.32, $31.35, $12.21. A 10% discount applies to everything. About how much do you pay?", "split": "test", "exact_value": 104.59}
{"id": "discounts_001855", "topic": "discounts", "subtopic": "threshold", "prompt": "Threshold coupon applies: $15 off $40+ spend. Cart: $12.17, $30.57, $36.64, $34.39, $25.24. About how much do you pay?", "split": "test", "exact_value": 124.01}
{"id": "discounts_001856", "topic": "discounts", "subtopic": "buy_n_get_m", "prompt": "Buy 5 get 1 free on items priced $5.83 each. You take 7 total. About how much do you pay?", "split": "test", "exact_value": 34.98}
{"id": "discounts_001857", "topic": "discounts", "subtopic": "stacked", "prompt": "Stacked deal: 15% off, then $10 coupon if you spend $30 or more. Cart: $5.34, $8.09, $23.68. About how much do you pay?", "split": "test", "exact_value": 21.54}
{"id": "discounts_001858", "topic": "discounts", "subtopic": "percent", "prompt": "Cart: $35.38, $32.88, $17.09. A 20% discount applies to everything. About how much do you pay?", "split": "test", "exact_value": 68.28}
{"id": "discounts_001859", "topic": "discounts", "subtopic": "percent", "prompt": "Cart: $48.08, $7.42, $12.85. A 15% discount applies to everything. About how much do you pay?", "split": "test", "exact_value": 58.1}
{"id": "discounts_001860", "topic": "discounts", "subtopic": "percent", "prompt": "Cart: $45.71, $31.03, $39.26. A 15% discount applies to everything. About how much do you pay?", "split": "test", "exact_value": 98.6}
{"id": "discounts_001861", "topic": "discounts", "subtopic": "bogo", "prompt": "BOGO sale (buy one, get one free; free item is the cheaper one in each pair). Items: $21.05, $18.45, $16.07, $9.26, $3.34. About how much do you pay?", "split": "test", "exact_value": 40.46}
{"id": "discounts_001862", "topic": "discounts", "subtopic": "percent", "prompt": "Cart: $9.68, $33.86. A 30% discount applies to everything. About how much do you pay?", "split": "test", "exact_value": 30.48}
{"id": "discounts_001863", "topic": "discounts", "subtopic": "percent", "prompt": "Cart: $49.70, $10.83, $19.81, $44.58. A 20% discount applies to everything. About how much do you pay?", "split": "test", "exact_value": 99.94}
{"id": "discounts_001864", "topic": "discounts", "subtopic": "bogo", "prompt": "BOGO sale (buy one, get one free; free item is the cheaper one in each pair). Items: $22.78, $20.43, $17.75, $17.37, $11.69, $9.57. About how much do you pay?", "split": "test", "exact_value": 52.22}
{"id": "discounts_001865", "topic": "discounts", "subtopic": "stacked", "prompt": "Stacked deal: 15% off, then $10 coupon if you spend $30 or more. Cart: $21.34, $22.55, $23.49, $28.04, $15.89. About how much do you pay?", "split": "test", "exact_value": 84.61}
{"id": "discounts_001866", "topic": "discounts", "subtopic": "threshold", "prompt": "Threshold coupon applies: $15 off $25+ spend. Cart: $32.72, $33.65. About how much do you pay?", "split": "test", "exact_value": 51.37}
{"id": "discounts_001867", "topic": "discounts", "subtopic": "bogo", "prompt": "BOGO sale (buy one, get one free; free item is the cheaper one in each pair). Items: $22.68, $12.69, $8.64, $3.69. About how much do you pay?", "split": "test", "exact_value": 31.32}
{"id": "discounts_001868", "topic": "discounts", "subtopic": "buy_n_get_m", "prompt": "Buy 5 get 1 free on items priced $3.52 each. You take 11 total. About how much do you pay?", "split": "test", "exact_value": 35.2}
{"id": "discounts_001869", "topic": "discounts", "subtopic": "threshold", "prompt": "Threshold coupon applies: $5 off $50+ spend. Cart: $37.25, $19.03. About how much do you pay?", "split": "test", "exact_value": 51.28}
{"id": "discounts_001870", "topic": "discounts", "subtopic": "stacked", "prompt": "Stacked deal: 15% off, then $5 coupon if you spend $30 or more. Cart: $18.37, $10.38, $19.35. About how much do you pay?", "split": "test", "exact_value": 35.89}
{"id": "discounts_001871", "topic": "discounts", "subtopic": "percent", "prompt": "Cart: $42.02, $20.59, $22.88, $36.92. A 15% discount applies to everything. About how much do you pay?", "split": "test", "exact_value": 104.05}
{"id": "discounts_001872", "topic": "discounts", "subtopic": "threshold", "prompt": "Threshold coupon applies: $15 off $25+ spend. Cart: $35.78, $10.25, $19.27, $22.48. About how much do you pay?", "split": "test", "exact_value": 72.78}
{"id": "discounts_001873", "topic": "discounts", "subtopic": "threshold", "prompt": "Threshold coupon applies: $5 off $50+ spend. Cart: $9.74, $25.20, $37.57, $19.25, $12.42. About how much do you pay?", "split": "test", "exact_value": 99.18}
{"id": "discounts_001874", "topic": "discounts", "subtopic": "percent", "prompt": "Cart: $46.37, $31.08, $47.63. A 25% discount applies to everything. About how much do you pay?", "split": "test", "exact_value": 93.81}
{"id": "discounts_001875", "topic": "discounts", "subtopic": "threshold", "prompt": "Threshold coupon applies: $15 off $40+ spend. Cart: $15.18, $5.16. About how much do you pay?", "split": "test", "exact_value": 20.34}
{"id": "discounts_001876", "topic": "discounts", "subtopic": "stacked", "prompt": "Stacked deal: 15% off, then $5 coupon if you spend $30 or more. Cart: $36.94, $7.62, $28.05, $29.76. About how much do you pay?", "split": "test", "exact_value": 82.01}
{"id": "discounts_001877", "topic": "discounts", "subtopic": "bogo", "prompt": "BOGO sale (buy one, get one free; free item is the cheaper one in each pair). Items: $19.71, $8.08, $6.88. About how much do you pay?", "split": "test", "exact_value": 26.59}
{"id": "discounts_001878", "topic": "discounts", "subtopic": "stacked", "prompt": "Stacked deal: 20% off, then $5 coupon if you spend $40 or more. Cart: $14.41, $15.72, $37.61. About how much do you pay?", "split": "test", "exact_value": 49.19}
{"id": "discounts_001879", "topic": "discounts", "subtopic": "percent", "prompt": "Cart: $20.35, $41.34, $21.82. A 20% discount applies to everything. About how much do you pay?", "split": "test", "exact_value": 66.81}
{"id": "taxes_000122", "topic": "taxes", "subtopic": "pre_discount_tax", "prompt": "Cart: $34.73, $47.87, $16.91 with a 15% store discount. Local sales tax is 7.0% (tax calculated before discount). About how much is the total?", "split": "test", "exact_value": 91.55}
{"id": "taxes_000123", "topic": "taxes", "subtopic": "pre_discount_tax", "prompt": "Cart: $23.93, $24.46, $24.88, $13.93, $37.93 with a 15% store discount. Local sales tax is 6.0% (tax calculated before discount). About how much is the total?", "split": "test", "exact_value": 113.87}
{"id": "taxes_000124", "topic": "taxes", "subtopic": "post_discount_tax", "prompt": "Cart: $45.78, $39.01. Local sales tax is 7.0% (tax after discount). About how much is the total?", "split": "test", "exact_value": 90.73}
{"id": "taxes_000125", "topic": "taxes", "subtopic": "pre_discount_tax", "prompt": "Cart: $17.54, $53.38, $24.54, $55.21. Local sales tax is 6.0% (tax calculated before discount). About how much is the total?", "split": "test", "exact_value": 159.71}
{"id": "taxes_000126", "topic": "taxes", "subtopic": "pre_discount_tax", "prompt": "Cart: $30.82, $41.81, $9.55, $4.38, $11.80. Local sales tax is 8.5% (tax calculated before discount). About how much is the total?", "split": "test", "exact_value": 106.72}
{"id": "taxes_000127", "topic": "taxes", "subtopic": "post_discount_tax", "prompt": "Cart: $25.52, $47.69, $22.68 with a 20% store discount. Local sales tax is 6.0% (tax after discount). About how much is the total?", "split": "test", "exact_value": 81.31}
{"id": "taxes_000128", "topic": "taxes", "subtopic": "pre_discount_tax", "prompt": "Cart: $32.26, $51.05, $11.47. Local sales tax is 8.5% (tax calculated before discount). About how much is the total?", "split": "test", "exact_value": 102.84}
{"id": "taxes_000129", "topic": "taxes", "subtopic": "pre_discount_tax", "prompt": "Cart: $16.41, $38.44, $12.35, $37.03, $17.40. Local sales tax is 8.5% (tax calculated before discount). About how much is the total?", "split": "test", "exact_value": 131.97}
{"id": "taxes_000130", "topic": "taxes", "subtopic": "post_discount_tax", "prompt": "Cart: $15.80, $29.51, $47.45, $9.93, $5.01 with a 20% store discount. Local sales tax is 7.0% (tax after discount). About how much is the total?", "split": "test", "exact_value": 92.19}
{"id": "taxes_000131", "topic": "taxes", "subtopic": "post_discount_tax", "prompt": "Cart: $28.47, $19.99. Local sales tax is 8.5% (tax after discount). About how much is the total?", "split": "test", "exact_value": 52.58}
{"id": "taxes_000132", "topic": "taxes", "subtopic": "post_discount_tax", "prompt": "Cart: $6.68, $18.98, $6.38. Local sales tax is 7.0% (tax after discount). About how much is the total?", "split": "test", "exact_value": 34.28}
{"id": "taxes_000133", "topic": "taxes", "subtopic": "pre_discount_tax", "prompt": "Cart: $45.44, $32.91, $35.16, $34.84, $5.42 with a 15% store discount. Local sales tax is 7.0% (tax calculated before discount). About how much is the total?", "split": "test", "exact_value": 141.47}
{"id": "taxes_000134", "topic": "taxes", "subtopic": "post_discount_tax", "prompt": "Cart: $13.10, $21.36 with a 20% store discount. Local sales tax is 8.0% (tax after discount). About how much is the total?", "split": "test", "exact_value": 29.77}
{"id": "taxes_000135", "topic": "taxes", "subtopic": "post_discount_tax", "prompt": "Cart: $16.92, $47.51. Local sales tax is 7.5% (tax after discount). About how much is the total?", "split": "test", "exact_value": 69.26}
{"id": "taxes_000136", "topic": "taxes", "subtopic": "pre_discount_tax", "prompt": "Cart: $26.55, $42.46, $41.88, $20.30 with a 10% store discount. Local sales tax is 6.0% (tax calculated before discount). About how much is the total?", "split": "test", "exact_value": 125.94}
{"id": "taxes_000137", "topic": "taxes", "subtopic": "pre_discount_tax", "prompt": "Cart: $34.10, $8.93, $7.76, $17.25, $34.53 with a 20% store discount. Local sales tax is 7.0% (tax calculated before discount). About how much is the total?", "split": "test", "exact_value": 89.24}
{"id": "taxes_000138", "topic": "taxes", "subtopic": "pre_discount_tax", "prompt": "Cart: $6.23, $45.88 with a 10% store discount. Local sales tax is 6.0% (tax calculated before discount). About how much is the total?", "split": "test", "exact_value": 50.03}
{"id": "taxes_000139", "topic": "taxes", "subtopic": "pre_discount_tax", "prompt": "Cart: $24.69, $9.17, $21.03, $11.90 with a 10% store discount. Local sales tax is 6.0% (tax calculated before discount). About how much is the total?", "split": "test", "exact_value": 64.12}
{"id": "taxes_000140", "topic": "taxes", "subtopic": "pre_discount_tax", "prompt": "Cart: $48.47, $13.31, $47.05, $45.31 with a 20% store discount. Local sales tax is 6.0% (tax calculated before discount). About how much is the total?", "split": "test", "exact_value": 132.56}
{"id": "taxes_000141", "topic": "taxes", "subtopic": "pre_discount_tax", "prompt": "Cart: $16.05, $51.01, $16.91, $35.43, $41.21 with a 20% store discount. Local sales tax is 6.0% (tax calculated before discount). About how much is the total?", "split": "test", "exact_value": 138.12}
{"id": "taxes_000142", "topic": "taxes", "subtopic": "pre_discount_tax", "prompt": "Cart: $37.40, $29.81, $32.32, $43.40, $40.10 with a 20% store discount. Local sales tax is 8.0% (tax calculated before discount). About how much is the total?", "split": "test", "exact_value": 161.07}
{"id": "taxes_000143", "topic": "taxes", "subtopic": "pre_discount_tax", "prompt": "Cart: $5.90, $23.47 with a 15% store discount. Local sales tax is 6.0% (tax calculated before discount). About how much is the total?", "split": "test", "exact_value": 26.73}
{"id": "taxes_000144", "topic": "taxes", "subtopic": "pre_discount_tax", "prompt": "Cart: $58.10, $55.09. Local sales tax is 8.0% (tax calculated before discount). About how much is the total?", "split": "test", "exact_value": 122.25}
{"id": "taxes_000145", "topic": "taxes", "subtopic": "post_discount_tax", "prompt": "Cart: $18.69, $24.12, $48.37 with a 15% store discount. Local sales tax is 8.5% (tax after discount). About how much is the total?", "split": "test", "exact_value": 84.09}
{"id": "taxes_000146", "topic": "taxes", "subtopic": "pre_discount_tax", "prompt": "Cart: $15.73, $3.85, $24.47. Local sales tax is 6.0% (tax calculated before discount). About how much is the total?", "split": "test", "exact_value": 46.69}
{"id": "taxes_000147", "topic": "taxes", "subtopic": "post_discount_tax", "prompt": "Cart: $23.93, $56.30, $27.24, $30.19 with a 20% store discount. Local sales tax is 8.5% (tax after discount). About how much is the total?", "split": "test", "exact_value": 119.49}
{"id": "taxes_000148", "topic": "taxes", "subtopic": "post_discount_tax", "prompt": "Cart: $25.50, $9.98, $14.00, $27.66 with a 10% store discount. Local sales tax is 6.0% (tax after discount). About how much is the total?", "split": "test", "exact_value": 73.59}
{"id": "taxes_000149", "topic": "taxes", "subtopic": "post_discount_tax", "prompt": "Cart: $44.98, $49.30, $42.37, $41.67, $31.77 with a 20% store discount. Local sales tax is 7.0% (tax after discount). About how much is the total?", "split": "test", "exact_value": 179.84}
{"id": "taxes_000150", "topic": "taxes", "subtopic": "pre_discount_tax", "prompt": "Cart: $26.13, $11.09, $26.19, $50.34 with a 10% store discount. Local sales tax is 8.0% (tax calculated before discount). About how much is the total?", "split": "test", "exact_value": 111.48}
{"id": "taxes_000151", "topic": "taxes", "subtopic": "pre_discount_tax", "prompt": "Cart: $24.03, $15.21, $9.05, $34.25 with a 20% store discount. Local sales tax is 8.5% (tax calculated before discount). About how much is the total?", "split": "test", "exact_value": 73.05}
{"id": "taxes_000152", "topic": "taxes", "subtopic": "post_discount_tax", "prompt": "Cart: $12.86, $11.39 with a 20% store discount. Local sales tax is 7.5% (tax after discount). About how much is the total?", "split": "test", "exact_value": 20.86}
{"id": "taxes_000153", "topic": "taxes", "subtopic": "pre_discount_tax", "prompt": "Cart: $20.28, $25.58, $25.03, $31.41 with a 10% store discount. Local sales tax is 7.0% (tax calculated before discount). About how much is the total?", "split": "test", "exact_value": 99.23}
{"id": "taxes_000154", "topic": "taxes", "subtopic": "pre_discount_tax", "prompt": "Cart: $57.25, $9.73, $49.00, $27.00 with a 15% store discount. Local sales tax is 6.0% (tax calculated before discount). About how much is the total?", "split": "test", "exact_value": 130.11}
{"id": "taxes_000155", "topic": "taxes", "subtopic": "pre_discount_tax", "prompt": "Cart: $24.65, $20.19. Local sales tax is 7.0% (tax calculated before discount). About how much is the total?", "split": "test", "exact_value": 47.98}
{"id": "taxes_000156", "topic": "taxes", "subtopic": "post_discount_tax", "prompt": "Cart: $15.20, $55.64, $18.29, $5.03, $17.63 with a 20% store discount. Local sales tax is 7.5% (tax after discount). About how much is the total?", "split": "test", "exact_value": 96.14}
{"id": "taxes_000157", "topic": "taxes", "subtopic": "post_discount_tax", "prompt": "Cart: $55.86, $15.72, $34.63, $47.53, $16.56 with a 15% store discount. Local sales tax is 6.0% (tax after discount). About how much is the total?", "split": "test", "exact_value": 153.44}
{"id": "taxes_000158", "topic": "taxes", "subtopic": "pre_discount_tax", "prompt": "Cart: $42.07, $55.50, $16.36, $44.67, $42.48 with a 15% store discount. Local sales tax is 6.0% (tax calculated before discount). About how much is the total?", "split": "test", "exact_value": 182.98}
{"id": "taxes_000159", "topic": "taxes", "subtopic": "pre_discount_tax", "prompt": "Cart: $47.53, $43.43, $57.05 with a 10% store discount. Local sales tax is 6.0% (tax calculated before discount). About how much is the total?", "split": "test", "exact_value": 142.09}
{"id": "taxes_000160", "topic": "taxes", "subtopic": "post_discount_tax", "prompt": "Cart: $25.15, $37.29. Local sales tax is 7.5% (tax after discount). About how much is the total?", "split": "test", "exact_value": 67.12}
{"id": "taxes_000161", "topic": "taxes", "subtopic": "pre_discount_tax", "prompt": "Cart: $6.31, $45.46, $42.23, $36.20 with a 20% store discount. Local sales tax is 6.0% (tax calculated before discount). About how much is the total?", "split": "test", "exact_value": 111.97}
{"id": "taxes_000162", "topic": "taxes", "subtopic": "pre_discount_tax", "prompt": "Cart: $32.51, $19.35, $10.50. Local sales tax is 7.0% (tax calculated before discount). About how much is the total?", "split": "test", "exact_value": 66.73}
{"id": "taxes_000163", "topic": "taxes", "subtopic": "pre_discount_tax", "prompt": "Cart: $28.71, $36.45. Local sales tax is 8.0% (tax calculated before discount). About how much is the total?", "split": "test", "exact_value": 70.37}
{"id": "taxes_000164", "topic": "taxes", "subtopic": "post_discount_tax", "prompt": "Cart: $41.75, $33.20, $44.68, $50.75 with a 15% store discount. Local sales tax is 8.5% (tax after discount). About how much is the total?", "split": "test", "exact_value": 157.13}
{"id": "taxes_000165", "topic": "taxes", "subtopic": "post_discount_tax", "prompt": "Cart: $36.35, $28.85, $37.41, $21.33. Local sales tax is 7.0% (tax after discount). About how much is the total?", "split": "test", "exact_value": 132.62}
{"id": "taxes_000166", "topic": "taxes", "subtopic": "post_discount_tax", "prompt": "Cart: $9.73, $34.36 with a 15% store discount. Local sales tax is 8.0% (tax after discount). About how much is the total?", "split": "test", "exact_value": 40.47}
{"id": "taxes_000167", "topic": "taxes", "subtopic": "post_discount_tax", "prompt": "Cart: $32.69, $8.85, $38.51, $40.94 with a 20% store discount. Local sales tax is 6.0% (tax after discount). About how much is the total?", "split": "test", "exact_value": 102.6}
{"id": "taxes_000168", "topic": "taxes", "subtopic": "pre_discount_tax", "prompt": "Cart: $15.43, $48.73, $51.75, $52.38, $21.20. Local sales tax is 7.0% (tax calculated before discount). About how much is the total?", "split": "test", "exact_value": 202.75}
{"id": "taxes_000169", "topic": "taxes", "subtopic": "post_discount_tax", "prompt": "Cart: $50.33, $12.99, $29.54 with a 15% store discount. Local sales tax is 7.5% (tax after discount). About how much is the total?", "split": "test", "exact_value": 84.85}
{"id": "taxes_000170", "topic": "taxes", "subtopic": "post_discount_tax", "prompt": "Cart: $45.57, $46.05, $9.33 with a 15% store discount. Local sales tax is 8.5% (tax after discount). About how much is the total?", "split": "test", "exact_value": 93.1}
{"id": "taxes_000171", "topic": "taxes", "subtopic": "post_discount_tax", "prompt": "Cart: $31.06, $35.16, $7.50 with a 10% store discount. Local sales tax is 8.5% (tax after discount). About how much is the total?", "split": "test", "exact_value": 71.99}
{"id": "taxes_000172", "topic": "taxes", "subtopic": "pre_discount_tax", "prompt": "Cart: $33.46, $57.04, $42.91, $9.92, $15.20 with a 20% store discount. Local sales tax is 6.0% (tax calculated before discount). About how much is the total?", "split": "test", "exact_value": 136.34}
{"id": "taxes_000173", "topic": "taxes", "subtopic": "pre_discount_tax", "prompt": "Cart: $59.49, $23.16, $48.43, $42.79, $9.98 with a 10% store discount. Local sales tax is 7.0% (tax calculated before discount). About how much is the total?", "split": "test", "exact_value": 178.33}
{"id": "taxes_000174", "topic": "taxes", "subtopic": "post_discount_tax", "prompt": "Cart: $48.82, $17.17 with a 15% store discount. Local sales tax is 8.0% (tax after discount). About how much is the total?", "split": "test", "exact_value": 60.58}
{"id": "taxes_000175", "topic": "taxes", "subtopic": "post_discount_tax", "prompt": "Cart: $46.11, $6.06. Local sales tax is 8.5% (tax after discount). About how much is the total?", "split": "test", "exact_value": 56.6}
{"id": "taxes_000176", "topic": "taxes", "subtopic": "pre_discount_tax", "prompt": "Cart: $41.49, $37.47, $45.85, $24.48, $47.36 with a 10% store discount. Local sales tax is 8.5% (tax calculated before discount). About how much is the total?", "split": "test", "exact_value": 193.7}
{"id": "taxes_000177", "topic": "taxes", "subtopic": "post_discount_tax", "prompt": "Cart: $54.56, $49.84, $16.73, $37.26, $36.60 with a 10% store discount. Local sales tax is 6.0% (tax after discount). About how much is the total?", "split": "test", "exact_value": 186.02}
{"id": "taxes_000178", "topic": "taxes", "subtopic": "post_discount_tax", "prompt": "Cart: $59.94, $15.80, $39.20, $11.71 with a 15% store discount. Local sales tax is 7.5% (tax after discount). About how much is the total?", "split": "test", "exact_value": 115.73}
{"id": "taxes_000179", "topic": "taxes", "subtopic": "pre_discount_tax", "prompt": "Cart: $49.18, $7.43, $37.40, $45.29, $21.72 with a 15% store discount. Local sales tax is 6.0% (tax calculated before discount). About how much is the total?", "split": "test", "exact_value": 146.53}
{"id": "taxes_000180", "topic": "taxes", "subtopic": "post_discount_tax", "prompt": "Cart: $54.23, $54.60, $9.50, $43.22, $13.78 with a 20% store discount. Local sales tax is 7.0% (tax after discount). About how much is the total?", "split": "test", "exact_value": 150.08}
{"id": "taxes_000181", "topic": "taxes", "subtopic": "pre_discount_tax", "prompt": "Cart: $42.83, $25.82 with a 15% store discount. Local sales tax is 8.5% (tax calculated before discount). About how much is the total?", "split": "test", "exact_value": 64.19}
{"id": "taxes_000182", "topic": "taxes", "subtopic": "post_discount_tax", "prompt": "Cart: $9.01, $15.24, $47.14, $17.71. Local sales tax is 7.0% (tax after discount). About how much is the total?", "split": "test", "exact_value": 95.34}
{"id": "taxes_000183", "topic": "taxes", "subtopic": "post_discount_tax", "prompt": "Cart: $15.79, $6.47, $17.18, $54.04, $48.75 with a 20% store discount. Local sales tax is 8.5% (tax after discount). About how much is the total?", "split": "test", "exact_value": 123.46}
{"id": "taxes_000184", "topic": "taxes", "subtopic": "post_discount_tax", "prompt": "Cart: $40.25, $27.71 with a 15% store discount. Local sales tax is 7.5% (tax after discount). About how much is the total?", "split": "test", "exact_value": 62.1}
{"id": "taxes_000185", "topic": "taxes", "subtopic": "post_discount_tax", "prompt": "Cart: $39.06, $55.17, $5.30 with a 10% store discount. Local sales tax is 8.5% (tax after discount). About how much is the total?", "split": "test", "exact_value": 97.19}
{"id": "taxes_000186", "topic": "taxes", "subtopic": "pre_discount_tax", "prompt": "Cart: $30.81, $47.36, $14.12, $40.26, $46.45 with a 20% store discount. Local sales tax is 6.0% (tax calculated before discount). About how much is the total?", "split": "test", "exact_value": 153.94}
{"id": "taxes_000187", "topic": "taxes", "subtopic": "post_discount_tax", "prompt": "Cart: $7.25, $15.14 with a 20% store discount. Local sales tax is 8.5% (tax after discount). About how much is the total?", "split": "test", "exact_value": 19.43}
{"id": "taxes_000188", "topic": "taxes", "subtopic": "pre_discount_tax", "prompt": "Cart: $29.07, $30.51, $11.18, $30.54, $16.28. Local sales tax is 7.5% (tax calculated before discount). About how much is the total?", "split": "test", "exact_value": 126.4}
{"id": "taxes_000189", "topic": "taxes", "subtopic": "pre_discount_tax", "prompt": "Cart: $10.98, $13.19, $13.14, $51.57. Local sales tax is 7.5% (tax calculated before discount). About how much is the total?", "split": "test", "exact_value": 95.55}
{"id": "taxes_000190", "topic": "taxes", "subtopic": "pre_discount_tax", "prompt": "Cart: $26.76, $55.04 with a 10% store discount. Local sales tax is 7.0% (tax calculated before discount). About how much is the total?", "split": "test", "exact_value": 79.35}
{"id": "taxes_000191", "topic": "taxes", "subtopic": "post_discount_tax", "prompt": "Cart: $20.92, $4.30, $53.86, $9.13 with a 15% store discount. Local sales tax is 7.5% (tax after discount). About how much is the total?", "split": "test", "exact_value": 80.6}
{"id": "taxes_000192", "topic": "taxes", "subtopic": "post_discount_tax", "prompt": "Cart: $20.24, $58.41, $52.79 with a 10% store discount. Local sales tax is 7.5% (tax after discount). About how much is the total?", "split": "test", "exact_value": 127.17}
{"id": "taxes_000193", "topic": "taxes", "subtopic": "pre_discount_tax", "prompt": "Cart: $42.65, $17.31, $50.77. Local sales tax is 7.5% (tax calculated before discount). About how much is the total?", "split": "test", "exact_value": 119.03}
{"id": "taxes_000194", "topic": "taxes", "subtopic": "post_discount_tax", "prompt": "Cart: $26.73, $43.13, $56.49, $10.16, $45.06. Local sales tax is 8.0% (tax after discount). About how much is the total?", "split": "test", "exact_value": 196.1}
{"id": "taxes_000195", "topic": "taxes", "subtopic": "post_discount_tax", "prompt": "Cart: $59.41, $3.95, $48.84, $19.59, $20.94 with a 10% store discount. Local sales tax is 7.5% (tax after discount). About how much is the total?", "split": "test", "exact_value": 147.77}
{"id": "taxes_000196", "topic": "taxes", "subtopic": "pre_discount_tax", "prompt": "Cart: $29.90, $21.57, $50.43 with a 15% store discount. Local sales tax is 7.0% (tax calculated before discount). About how much is the total?", "split": "test", "exact_value": 93.75}
{"id": "taxes_000197", "topic": "taxes", "subtopic": "post_discount_tax", "prompt": "Cart: $42.16, $38.72 with a 10% store discount. Local sales tax is 8.5% (tax after discount). About how much is the total?", "split": "test", "exact_value": 78.98}
{"id": "taxes_000198", "topic": "taxes", "subtopic": "post_discount_tax", "prompt": "Cart: $41.20, $49.92. Local sales tax is 6.0% (tax after discount). About how much is the total?", "split": "test", "exact_value": 96.59}
{"id": "taxes_000199", "topic": "taxes", "subtopic": "pre_discount_tax", "prompt": "Cart: $25.15, $38.32, $13.73, $36.14. Local sales tax is 7.0% (tax calculated before discount). About how much is the total?", "split": "test", "exact_value": 121.27}
{"id": "taxes_000200", "topic": "taxes", "subtopic": "pre_discount_tax", "prompt": "Cart: $30.63, $43.67, $27.94 with a 10% store discount. Local sales tax is 8.0% (tax calculated before discount). About how much is the total?", "split": "test", "exact_value": 100.2}
{"id": "taxes_000201", "topic": "taxes", "subtopic": "pre_discount_tax", "prompt": "Cart: $16.70, $33.85, $8.76, $17.62 with a 10% store discount. Local sales tax is 6.0% (tax calculated before discount). About how much is the total?", "split": "test", "exact_value": 73.85}
{"id": "taxes_000202", "topic": "taxes", "subtopic": "pre_discount_tax", "prompt": "Cart: $47.75, $20.75, $19.34 with a 15% store discount. Local sales tax is 7.0% (tax calculated before discount). About how much is the total?", "split": "test", "exact_value": 80.81}
{"id": "taxes_000203", "topic": "taxes", "subtopic": "pre_discount_tax", "prompt": "Cart: $27.48, $13.53, $45.56, $18.75, $14.30 with a 10% store discount. Local sales tax is 7.5% (tax calculated before discount). About how much is the total?", "split": "test", "exact_value": 116.63}
{"id": "taxes_000204", "topic": "taxes", "subtopic": "pre_discount_tax", "prompt": "Cart: $15.28, $24.45, $56.55, $45.16 with a 20% store discount. Local sales tax is 8.0% (tax calculated before discount). About how much is the total?", "split": "test", "exact_value": 124.47}
{"id": "taxes_000205", "topic": "taxes", "subtopic": "post_discount_tax", "prompt": "Cart: $32.18, $47.34 with a 15% store discount. Local sales tax is 7.5% (tax after discount). About how much is the total?", "split": "test", "exact_value": 72.66}
{"id": "taxes_000206", "topic": "taxes", "subtopic": "pre_discount_tax", "prompt": "Cart: $17.56, $35.24, $25.17, $38.53 with a 15% store discount. Local sales tax is 7.0% (tax calculated before discount). About how much is the total?", "split": "test", "exact_value": 107.18}
{"id": "taxes_000207", "topic": "taxes", "subtopic": "post_discount_tax", "prompt": "Cart: $28.90, $15.03 with a 15% store discount. Local sales tax is 6.0% (tax after discount). About how much is the total?", "split": "test", "exact_value": 39.58}
{"id": "taxes_000208", "topic": "taxes", "subtopic": "pre_discount_tax", "prompt": "Cart: $37.89, $53.16, $55.54, $51.15 with a 10% store discount. Local sales tax is 6.0% (tax calculated before discount). About how much is the total?", "split": "test", "exact_value": 189.83}
{"id": "taxes_000209", "topic": "taxes", "subtopic": "post_discount_tax", "prompt": "Cart: $19.50, $15.33, $37.44, $50.92, $30.06. Local sales tax is 7.5% (tax after discount). About how much is the total?", "split": "test", "exact_value": 164.74}
{"id": "taxes_000210", "topic": "taxes", "subtopic": "post_discount_tax", "prompt": "Cart: $10.53, $34.53, $14.87, $5.62, $36.93 with a 15% store discount. Local sales tax is 8.5% (tax after discount). About how much is the total?", "split": "test", "exact_value": 94.51}
{"id": "taxes_000211", "topic": "taxes", "subtopic": "post_discount_tax", "prompt": "Cart: $34.59, $57.14, $15.48 with a 15% store discount. Local sales tax is 7.5% (tax after discount). About how much is the total?", "split": "test", "exact_value": 97.96}
{"id": "taxes_000212", "topic": "taxes", "subtopic": "post_discount_tax", "prompt": "Cart: $32.66, $27.99, $28.91, $33.94, $36.23. Local sales tax is 8.0% (tax after discount). About how much is the total?", "split": "test", "exact_value": 172.51}
{"id": "taxes_000213", "topic": "taxes", "subtopic": "post_discount_tax", "prompt": "Cart: $29.34, $51.70 with a 20% store discount. Local sales tax is 6.0% (tax after discount). About how much is the total?", "split": "test", "exact_value": 68.72}
{"id": "taxes_000214", "topic": "taxes", "subtopic": "pre_discount_tax", "prompt": "Cart: $51.30, $38.59. Local sales tax is 6.0% (tax calculated before discount). About how much is the total?", "split": "test", "exact_value": 95.28}
{"id": "taxes_000215", "topic": "taxes", "subtopic": "pre_discount_tax", "prompt": "Cart: $48.60, $18.22, $57.24. Local sales tax is 8.0% (tax calculated before discount). About how much is the total?", "split": "test", "exact_value": 133.98}
{"id": "taxes_000216", "topic": "taxes", "subtopic": "post_discount_tax", "prompt": "Cart: $30.63, $23.75, $27.91, $21.90, $40.36 with a 20% store discount. Local sales tax is 6.0% (tax after discount). About how much is the total?", "split": "test", "exact_value": 122.58}
{"id": "taxes_000217", "topic": "taxes", "subtopic": "pre_discount_tax", "prompt": "Cart: $25.21, $40.90 with a 10% store discount. Local sales tax is 7.5% (tax calculated before discount). About how much is the total?", "split": "test", "exact_value": 64.46}
{"id": "taxes_000218", "topic": "taxes", "subtopic": "pre_discount_tax", "prompt": "Cart: $42.72, $58.28, $24.28, $53.64 with a 15% store discount. Local sales tax is 8.0% (tax calculated before discount). About how much is the total?", "split": "test", "exact_value": 166.4}
{"id": "taxes_000219", "topic": "taxes", "subtopic": "pre_discount_tax", "prompt": "Cart: $21.81, $54.87, $39.97, $47.65 with a 10% store discount. Local sales tax is 8.0% (tax calculated before discount). About how much is the total?", "split": "test", "exact_value": 161.01}
{"id": "taxes_000220", "topic": "taxes", "subtopic": "post_discount_tax", "prompt": "Cart: $21.05, $11.16, $43.71, $54.41 with a 20% store discount. Local sales tax is 7.0% (tax after discount). About how much is the total?", "split": "test", "exact_value": 111.56}
{"id": "taxes_000221", "topic": "taxes", "subtopic": "pre_discount_tax", "prompt": "Cart: $50.47, $33.83, $12.97, $22.20, $28.67. Local sales tax is 7.5% (tax calculated before discount). About how much is the total?", "split": "test", "exact_value": 159.25}
{"id": "taxes_000222", "topic": "taxes", "subtopic": "pre_discount_tax", "prompt": "Cart: $6.64, $52.20, $52.04, $33.94 with a 20% store discount. Local sales tax is 8.0% (tax calculated before discount). About how much is the total?", "split": "test", "exact_value": 127.44}
{"id": "taxes_000223", "topic": "taxes", "subtopic": "pre_discount_tax", "prompt": "Cart: $52.90, $20.49, $59.58, $7.52, $26.73 with a 15% store discount. Local sales tax is 7.0% (tax calculated before discount). About how much is the total?", "split": "test", "exact_value": 153.84}
{"id": "taxes_000224", "topic": "taxes", "subtopic": "pre_discount_tax", "prompt": "Cart: $52.05, $52.54, $41.41, $14.56, $32.43. Local sales tax is 7.0% (tax calculated before discount). About how much is the total?", "split": "test", "exact_value": 206.5}
{"id": "taxes_000225", "topic": "taxes", "subtopic": "pre_discount_tax", "prompt": "Cart: $46.98, $51.52 with a 20% store discount. Local sales tax is 7.0% (tax calculated before discount). About how much is the total?", "split": "test", "exact_value": 85.7}
{"id": "taxes_000226", "topic": "taxes", "subtopic": "post_discount_tax", "prompt": "Cart: $8.24, $49.06, $40.13, $3.58 with a 15% store discount. Local sales tax is 7.5% (tax after discount). About how much is the total?", "split": "test", "exact_value": 92.3}
{"id": "taxes_000227", "topic": "taxes", "subtopic": "pre_discount_tax", "prompt": "Cart: $29.46, $33.11, $46.37, $6.25, $15.71 with a 20% store discount. Local sales tax is 7.5% (tax calculated before discount). About how much is the total?", "split": "test", "exact_value": 114.54}
{"id": "taxes_000228", "topic": "taxes", "subtopic": "pre_discount_tax", "prompt": "Cart: $56.90, $45.72 with a 15% store discount. Local sales tax is 7.0% (tax calculated before discount). About how much is the total?", "split": "test", "exact_value": 94.41}
{"id": "taxes_000229", "topic": "taxes", "subtopic": "post_discount_tax", "prompt": "Cart: $15.43, $37.12, $26.26, $47.61 with a 10% store discount. Local sales tax is 8.0% (tax after discount). About how much is the total?", "split": "test", "exact_value": 122.88}
{"id": "taxes_000230", "topic": "taxes", "subtopic": "pre_discount_tax", "prompt": "Cart: $33.84, $41.59 with a 10% store discount. Local sales tax is 7.0% (tax calculated before discount). About how much is the total?", "split": "test", "exact_value": 73.17}
{"id": "taxes_000231", "topic": "taxes", "subtopic": "pre_discount_tax", "prompt": "Cart: $28.34, $27.31, $30.43, $51.07 with a 20% store discount. Local sales tax is 6.0% (tax calculated before discount). About how much is the total?", "split": "test", "exact_value": 117.95}
{"id": "taxes_000232", "topic": "taxes", "subtopic": "pre_discount_tax", "prompt": "Cart: $53.54, $20.52 with a 20% store discount. Local sales tax is 7.5% (tax calculated before discount). About how much is the total?", "split": "test", "exact_value": 64.8}
{"id": "taxes_000233", "topic": "taxes", "subtopic": "post_discount_tax", "prompt": "Cart: $13.27, $26.85, $11.17, $17.33, $25.66 with a 15% store discount. Local sales tax is 8.5% (tax after discount). About how much is the total?", "split": "test", "exact_value": 86.95}
{"id": "taxes_000234", "topic": "taxes", "subtopic": "pre_discount_tax", "prompt": "Cart: $49.47, $18.46, $31.50, $47.19, $24.64 with a 15% store discount. Local sales tax is 7.5% (tax calculated before discount). About how much is the total?", "split": "test", "exact_value": 158.42}
{"id": "taxes_000235", "topic": "taxes", "subtopic": "pre_discount_tax", "prompt": "Cart: $50.91, $43.77, $11.31, $23.50 with a 20% store discount. Local sales tax is 7.0% (tax calculated before discount). About how much is the total?", "split": "test", "exact_value": 112.66}
{"id": "taxes_000236", "topic": "taxes", "subtopic": "post_discount_tax", "prompt": "Cart: $53.11, $52.60, $57.86, $47.79 with a 20% store discount. Local sales tax is 8.0% (tax after discount). About how much is the total?", "split": "test", "exact_value": 182.62}
{"id": "taxes_000237", "topic": "taxes", "subtopic": "post_discount_tax", "prompt": "Cart: $34.99, $19.39, $18.47, $11.98, $57.63 with a 20% store discount. Local sales tax is 8.0% (tax after discount). About how much is the total?", "split": "test", "exact_value": 123.09}
{"id": "taxes_000238", "topic": "taxes", "subtopic": "post_discount_tax", "prompt": "Cart: $8.04, $37.21, $23.31, $20.33 with a 15% store discount. Local sales tax is 6.0% (tax after discount). About how much is the total?", "split": "test", "exact_value": 80.09}
{"id": "taxes_000239", "topic": "taxes", "subtopic": "post_discount_tax", "prompt": "Cart: $40.31, $15.24, $38.63. Local sales tax is 6.0% (tax after discount). About how much is the total?", "split": "test", "exact_value": 99.83}
{"id": "taxes_000240", "topic": "taxes", "subtopic": "pre_discount_tax", "prompt": "Cart: $45.21, $48.48, $24.54, $23.66 with a 10% store discount. Local sales tax is 8.5% (tax calculated before discount). About how much is the total?", "split": "test", "exact_value": 139.76}
{"id": "taxes_000241", "topic": "taxes", "subtopic": "pre_discount_tax", "prompt": "Cart: $44.30, $22.89, $33.17, $57.65 with a 20% store discount. Local sales tax is 7.5% (tax calculated before discount). About how much is the total?", "split": "test", "exact_value": 138.26}
{"id": "taxes_000242", "topic": "taxes", "subtopic": "post_discount_tax", "prompt": "Cart: $22.81, $13.68, $14.81 with a 20% store discount. Local sales tax is 7.0% (tax after discount). About how much is the total?", "split": "test", "exact_value": 43.91}
{"id": "taxes_000243", "topic": "taxes", "subtopic": "post_discount_tax", "prompt": "Cart: $39.16, $55.21. Local sales tax is 6.0% (tax after discount). About how much is the total?", "split": "test", "exact_value": 100.03}
{"id": "taxes_000244", "topic": "taxes", "subtopic": "post_discount_tax", "prompt": "Cart: $5.12, $59.96, $45.12, $7.45, $45.05 with a 15% store discount. Local sales tax is 7.5% (tax after discount). About how much is the total?", "split": "test", "exact_value": 148.67}
{"id": "taxes_000245", "topic": "taxes", "subtopic": "post_discount_tax", "prompt": "Cart: $7.93, $42.44 with a 20% store discount. Local sales tax is 8.5% (tax after discount). About how much is the total?", "split": "test", "exact_value": 43.72}
{"id": "taxes_000246", "topic": "taxes", "subtopic": "post_discount_tax", "prompt": "Cart: $8.39, $9.24 with a 10% store discount. Local sales tax is 7.5% (tax after discount). About how much is the total?", "split": "test", "exact_value": 17.06}
{"id": "taxes_000247", "topic": "taxes", "subtopic": "post_discount_tax", "prompt": "Cart: $26.19, $7.81, $44.74, $30.07. Local sales tax is 8.0% (tax after discount). About how much is the total?", "split": "test", "exact_value": 117.51}
{"id": "taxes_000248", "topic": "taxes", "subtopic": "post_discount_tax", "prompt": "Cart: $41.28, $19.35, $29.57, $36.46, $26.08 with a 10% store discount. Local sales tax is 8.0% (tax after discount). About how much is the total?", "split": "test", "exact_value": 148.46}
{"id": "taxes_000249", "topic": "taxes", "subtopic": "pre_discount_tax", "prompt": "Cart: $43.72, $24.33, $22.87, $37.41. Local sales tax is 7.5% (tax calculated before discount). About how much is the total?", "split": "test", "exact_value": 137.95}
{"id": "taxes_000250", "topic": "taxes", "subtopic": "pre_discount_tax", "prompt": "Cart: $44.08, $43.12, $42.57, $3.69 with a 10% store discount. Local sales tax is 7.0% (tax calculated before discount). About how much is the total?", "split": "test", "exact_value": 129.46}
{"id": "taxes_000251", "topic": "taxes", "subtopic": "post_discount_tax", "prompt": "Cart: $54.81, $51.82, $21.32, $50.85, $41.93 with a 20% store discount. Local sales tax is 8.5% (tax after discount). About how much is the total?", "split": "test", "exact_value": 191.59}
{"id": "taxes_000252", "topic": "taxes", "subtopic": "pre_discount_tax", "prompt": "Cart: $7.28, $6.59, $7.29 with a 20% store discount. Local sales tax is 6.0% (tax calculated before discount). About how much is the total?", "split": "test", "exact_value": 18.2}
{"id": "taxes_000253", "topic": "taxes", "subtopic": "post_discount_tax", "prompt": "Cart: $20.91, $20.87 with a 10% store discount. Local sales tax is 7.0% (tax after discount). About how much is the total?", "split": "test", "exact_value": 40.23}
{"id": "taxes_000254", "topic": "taxes", "subtopic": "pre_discount_tax", "prompt": "Cart: $29.13, $45.34, $22.68, $18.24 with a 15% store discount. Local sales tax is 7.5% (tax calculated before discount). About how much is the total?", "split": "test", "exact_value": 106.74}
{"id": "taxes_000255", "topic": "taxes", "subtopic": "pre_discount_tax", "prompt": "Cart: $14.11, $37.71. Local sales tax is 7.5% (tax calculated before discount). About how much is the total?", "split": "test", "exact_value": 55.71}
{"id": "taxes_000256", "topic": "taxes", "subtopic": "pre_discount_tax", "prompt": "Cart: $55.26, $16.26, $32.00 with a 15% store discount. Local sales tax is 7.0% (tax calculated before discount). About how much is the total?", "split": "test", "exact_value": 95.24}
{"id": "taxes_000257", "topic": "taxes", "subtopic": "pre_discount_tax", "prompt": "Cart: $26.86, $55.79, $52.34, $30.56, $8.89 with a 10% store discount. Local sales tax is 6.0% (tax calculated before discount). About how much is the total?", "split": "test", "exact_value": 167.46}
{"id": "taxes_000258", "topic": "taxes", "subtopic": "post_discount_tax", "prompt": "Cart: $32.05, $14.11 with a 15% store discount. Local sales tax is 7.0% (tax after discount). About how much is the total?", "split": "test", "exact_value": 41.98}
{"id": "taxes_000259", "topic": "taxes", "subtopic": "post_discount_tax", "prompt": "Cart: $18.61, $56.86, $27.13. Local sales tax is 7.5% (tax after discount). About how much is the total?", "split": "test", "exact_value": 110.3}
{"id": "taxes_000260", "topic": "taxes", "subtopic": "post_discount_tax", "prompt": "Cart: $57.21, $56.36, $47.32 with a 10% store discount. Local sales tax is 7.5% (tax after discount). About how much is the total?", "split": "test", "exact_value": 155.66}
{"id": "taxes_000261", "topic": "taxes", "subtopic": "pre_discount_tax", "prompt": "Cart: $34.59, $22.01, $53.03, $49.07, $6.76 with a 15% store discount. Local sales tax is 8.5% (tax calculated before discount). About how much is the total?", "split": "test", "exact_value": 154.71}
{"id": "taxes_000262", "topic": "taxes", "subtopic": "pre_discount_tax", "prompt": "Cart: $58.36, $34.79, $24.68. Local sales tax is 7.5% (tax calculated before discount). About how much is the total?", "split": "test", "exact_value": 126.67}
{"id": "taxes_000263", "topic": "taxes", "subtopic": "post_discount_tax", "prompt": "Cart: $22.99, $38.57, $15.64, $15.10, $51.73 with a 10% store discount. Local sales tax is 8.5% (tax after discount). About how much is the total?", "split": "test", "exact_value": 140.65}
{"id": "taxes_000264", "topic": "taxes", "subtopic": "post_discount_tax", "prompt": "Cart: $34.44, $43.97. Local sales tax is 6.0% (tax after discount). About how much is the total?", "split": "test", "exact_value": 83.11}
{"id": "taxes_000265", "topic": "taxes", "subtopic": "pre_discount_tax", "prompt": "Cart: $49.77, $52.43 with a 15% store discount. Local sales tax is 7.0% (tax calculated before discount). About how much is the total?", "split": "test", "exact_value": 94.02}
{"id": "taxes_000266", "topic": "taxes", "subtopic": "pre_discount_tax", "prompt": "Cart: $21.10, $12.36, $42.43 with a 20% store discount. Local sales tax is 7.5% (tax calculated before discount). About how much is the total?", "split": "test", "exact_value": 66.4}
{"id": "taxes_000267", "topic": "taxes", "subtopic": "pre_discount_tax", "prompt": "Cart: $50.97, $45.05 with a 10% store discount. Local sales tax is 6.0% (tax calculated before discount). About how much is the total?", "split": "test", "exact_value": 92.18}
{"id": "taxes_000268", "topic": "taxes", "subtopic": "pre_discount_tax", "prompt": "Cart: $12.23, $54.60, $20.17, $59.43 with a 20% store discount. Local sales tax is 7.5% (tax calculated before discount). About how much is the total?", "split": "test", "exact_value": 128.13}
{"id": "taxes_000269", "topic": "taxes", "subtopic": "pre_discount_tax", "prompt": "Cart: $17.58, $22.27, $39.71 with a 10% store discount. Local sales tax is 7.5% (tax calculated before discount). About how much is the total?", "split": "test", "exact_value": 77.57}
{"id": "taxes_000270", "topic": "taxes", "subtopic": "pre_discount_tax", "prompt": "Cart: $21.61, $5.69 with a 15% store discount. Local sales tax is 6.0% (tax calculated before discount). About how much is the total?", "split": "test", "exact_value": 24.84}
{"id": "taxes_000271", "topic": "taxes", "subtopic": "post_discount_tax", "prompt": "Cart: $28.90, $33.59. Local sales tax is 6.0% (tax after discount). About how much is the total?", "split": "test", "exact_value": 66.24}
{"id": "taxes_000272", "topic": "taxes", "subtopic": "post_discount_tax", "prompt": "Cart: $38.18, $20.61, $46.89, $21.56 with a 20% store discount. Local sales tax is 8.0% (tax after discount). About how much is the total?", "split": "test", "exact_value": 109.94}
{"id": "taxes_000273", "topic": "taxes", "subtopic": "pre_discount_tax", "prompt": "Cart: $21.88, $53.57, $10.25, $35.04. Local sales tax is 7.0% (tax calculated before discount). About how much is the total?", "split": "test", "exact_value": 129.19}
{"id": "taxes_000274", "topic": "taxes", "subtopic": "pre_discount_tax", "prompt": "Cart: $56.53, $51.95, $37.27, $22.77, $6.60. Local sales tax is 7.5% (tax calculated before discount). About how much is the total?", "split": "test", "exact_value": 188.25}
{"id": "taxes_000275", "topic": "taxes", "subtopic": "pre_discount_tax", "prompt": "Cart: $27.18, $9.40 with a 20% store discount. Local sales tax is 8.0% (tax calculated before discount). About how much is the total?", "split": "test", "exact_value": 32.19}
{"id": "taxes_000276", "topic": "taxes", "subtopic": "pre_discount_tax", "prompt": "Cart: $6.82, $46.08 with a 10% store discount. Local sales tax is 8.5% (tax calculated before discount). About how much is the total?", "split": "test", "exact_value": 52.11}
{"id": "taxes_000277", "topic": "taxes", "subtopic": "pre_discount_tax", "prompt": "Cart: $11.06, $45.30, $26.34, $11.48 with a 10% store discount. Local sales tax is 8.5% (tax calculated before discount). About how much is the total?", "split": "test", "exact_value": 92.77}
{"id": "taxes_000278", "topic": "taxes", "subtopic": "pre_discount_tax", "prompt": "Cart: $39.24, $31.70 with a 10% store discount. Local sales tax is 8.0% (tax calculated before discount). About how much is the total?", "split": "test", "exact_value": 69.52}
{"id": "taxes_000279", "topic": "taxes", "subtopic": "post_discount_tax", "prompt": "Cart: $57.43, $5.21, $14.43, $18.80, $35.86. Local sales tax is 6.0% (tax after discount). About how much is the total?", "split": "test", "exact_value": 139.63}
{"id": "taxes_000280", "topic": "taxes", "subtopic": "pre_discount_tax", "prompt": "Cart: $35.62, $11.35, $48.67, $39.27 with a 20% store discount. Local sales tax is 7.5% (tax calculated before discount). About how much is the total?", "split": "test", "exact_value": 118.05}
{"id": "taxes_000281", "topic": "taxes", "subtopic": "pre_discount_tax", "prompt": "Cart: $34.64, $29.25, $43.24 with a 10% store discount. Local sales tax is 7.0% (tax calculated before discount). About how much is the total?", "split": "test", "exact_value": 103.92}
{"id": "taxes_000282", "topic": "taxes", "subtopic": "pre_discount_tax", "prompt": "Cart: $57.74, $40.84 with a 15% store discount. Local sales tax is 7.5% (tax calculated before discount). About how much is the total?", "split": "test", "exact_value": 91.19}
{"id": "taxes_000283", "topic": "taxes", "subtopic": "post_discount_tax", "prompt": "Cart: $17.85, $14.30, $29.65 with a 10% store discount. Local sales tax is 6.0% (tax after discount). About how much is the total?", "split": "test", "exact_value": 58.96}
{"id": "taxes_000284", "topic": "taxes", "subtopic": "post_discount_tax", "prompt": "Cart: $20.17, $14.01 with a 15% store discount. Local sales tax is 6.0% (tax after discount). About how much is the total?", "split": "test", "exact_value": 30.8}
{"id": "taxes_000285", "topic": "taxes", "subtopic": "pre_discount_tax", "prompt": "Cart: $55.10, $57.04, $26.06. Local sales tax is 8.0% (tax calculated before discount). About how much is the total?", "split": "test", "exact_value": 149.26}
{"id": "taxes_000286", "topic": "taxes", "subtopic": "post_discount_tax", "prompt": "Cart: $13.29, $56.33 with a 15% store discount. Local sales tax is 7.0% (tax after discount). About how much is the total?", "split": "test", "exact_value": 63.32}
{"id": "taxes_000287", "topic": "taxes", "subtopic": "pre_discount_tax", "prompt": "Cart: $47.74, $51.36, $53.57, $18.38, $57.43 with a 15% store discount. Local sales tax is 8.0% (tax calculated before discount). About how much is the total?", "split": "test", "exact_value": 212.49}
{"id": "taxes_000288", "topic": "taxes", "subtopic": "pre_discount_tax", "prompt": "Cart: $18.02, $8.20 with a 15% store discount. Local sales tax is 8.5% (tax calculated before discount). About how much is the total?", "split": "test", "exact_value": 24.52}
{"id": "taxes_000289", "topic": "taxes", "subtopic": "post_discount_tax", "prompt": "Cart: $57.90, $18.16, $5.48, $54.37, $22.09 with a 20% store discount. Local sales tax is 7.5% (tax after discount). About how much is the total?", "split": "test", "exact_value": 135.88}
{"id": "taxes_000290", "topic": "taxes", "subtopic": "pre_discount_tax", "prompt": "Cart: $32.58, $31.30, $32.23 with a 20% store discount. Local sales tax is 8.5% (tax calculated before discount). About how much is the total?", "split": "test", "exact_value": 85.06}
{"id": "taxes_000291", "topic": "taxes", "subtopic": "post_discount_tax", "prompt": "Cart: $27.53, $59.00, $58.67, $38.71. Local sales tax is 7.0% (tax after discount). About how much is the total?", "split": "test", "exact_value": 196.78}
{"id": "taxes_000292", "topic": "taxes", "subtopic": "pre_discount_tax", "prompt": "Cart: $40.72, $6.45, $40.05, $53.50, $11.29. Local sales tax is 8.5% (tax calculated before discount). About how much is the total?", "split": "test", "exact_value": 164.93}
{"id": "taxes_000293", "topic": "taxes", "subtopic": "pre_discount_tax", "prompt": "Cart: $48.65, $52.54 with a 20% store discount. Local sales tax is 8.5% (tax calculated before discount). About how much is the total?", "split": "test", "exact_value": 89.55}
{"id": "taxes_000294", "topic": "taxes", "subtopic": "pre_discount_tax", "prompt": "Cart: $30.72, $36.78, $41.09, $28.76. Local sales tax is 6.0% (tax calculated before discount). About how much is the total?", "split": "test", "exact_value": 145.59}
{"id": "taxes_000295", "topic": "taxes", "subtopic": "pre_discount_tax", "prompt": "Cart: $15.20, $10.34 with a 15% store discount. Local sales tax is 7.5% (tax calculated before discount). About how much is the total?", "split": "test", "exact_value": 23.62}
{"id": "taxes_000296", "topic": "taxes", "subtopic": "pre_discount_tax", "prompt": "Cart: $57.21, $35.67, $20.89. Local sales tax is 8.5% (tax calculated before discount). About how much is the total?", "split": "test", "exact_value": 123.44}
{"id": "taxes_000297", "topic": "taxes", "subtopic": "post_discount_tax", "prompt": "Cart: $49.19, $44.80, $57.56, $16.67, $28.38 with a 10% store discount. Local sales tax is 8.5% (tax after discount). About how much is the total?", "split": "test", "exact_value": 191.98}
{"id": "taxes_000298", "topic": "taxes", "subtopic": "post_discount_tax", "prompt": "Cart: $57.58, $26.59. Local sales tax is 7.0% (tax after discount). About how much is the total?", "split": "test", "exact_value": 90.06}
{"id": "taxes_000299", "topic": "taxes", "subtopic": "post_discount_tax", "prompt": "Cart: $10.61, $44.74, $31.37 with a 15% store discount. Local sales tax is 8.5% (tax after discount). About how much is the total?", "split": "test", "exact_value": 79.98}
{"id": "taxes_000300", "topic": "taxes", "subtopic": "post_discount_tax", "prompt": "Cart: $50.65, $22.23, $42.41, $11.92, $53.83 with a 10% store discount. Local sales tax is 7.5% (tax after discount). About how much is the total?", "split": "test", "exact_value": 175.16}
{"id": "taxes_000301", "topic": "taxes", "subtopic": "pre_discount_tax", "prompt": "Cart: $44.00, $54.40, $46.44 with a 10% store discount. Local sales tax is 6.0% (tax calculated before discount). About how much is the total?", "split": "test", "exact_value": 139.05}
{"id": "taxes_000302", "topic": "taxes", "subtopic": "pre_discount_tax", "prompt": "Cart: $24.59, $5.85, $54.24 with a 15% store discount. Local sales tax is 8.5% (tax calculated before discount). About how much is the total?", "split": "test", "exact_value": 79.18}
{"id": "taxes_000303", "topic": "taxes", "subtopic": "post_discount_tax", "prompt": "Cart: $42.00, $50.49, $30.89, $26.63. Local sales tax is 8.0% (tax after discount). About how much is the total?", "split": "test", "exact_value": 162.01}
{"id": "taxes_000304", "topic": "taxes", "subtopic": "post_discount_tax", "prompt": "Cart: $21.79, $34.66, $30.59, $18.68 with a 15% store discount. Local sales tax is 7.5% (tax after discount). About how much is the total?", "split": "test", "exact_value": 96.6}
{"id": "taxes_000305", "topic": "taxes", "subtopic": "post_discount_tax", "prompt": "Cart: $11.77, $16.54, $39.43, $8.08 with a 15% store discount. Local sales tax is 8.0% (tax after discount). About how much is the total?", "split": "test", "exact_value": 69.6}
{"id": "taxes_000306", "topic": "taxes", "subtopic": "post_discount_tax", "prompt": "Cart: $37.37, $12.45, $31.91, $38.67 with a 20% store discount. Local sales tax is 7.5% (tax after discount). About how much is the total?", "split": "test", "exact_value": 103.54}
{"id": "taxes_000307", "topic": "taxes", "subtopic": "post_discount_tax", "prompt": "Cart: $58.12, $7.13 with a 20% store discount. Local sales tax is 7.5% (tax after discount). About how much is the total?", "split": "test", "exact_value": 56.12}
{"id": "taxes_000308", "topic": "taxes", "subtopic": "pre_discount_tax", "prompt": "Cart: $28.56, $46.46, $50.90, $40.32, $48.12 with a 20% store discount. Local sales tax is 8.5% (tax calculated before discount). About how much is the total?", "split": "test", "exact_value": 189.71}
{"id": "taxes_000309", "topic": "taxes", "subtopic": "post_discount_tax", "prompt": "Cart: $22.40, $18.64, $26.44, $47.96 with a 15% store discount. Local sales tax is 6.0% (tax after discount). About how much is the total?", "split": "test", "exact_value": 104.01}
{"id": "taxes_000310", "topic": "taxes", "subtopic": "post_discount_tax", "prompt": "Cart: $53.59, $38.03, $28.38, $37.33. Local sales tax is 7.0% (tax after discount). About how much is the total?", "split": "test", "exact_value": 168.34}
{"id": "taxes_000311", "topic": "taxes", "subtopic": "pre_discount_tax", "prompt": "Cart: $23.32, $31.98, $13.87 with a 20% store discount. Local sales tax is 6.0% (tax calculated before discount). About how much is the total?", "split": "test", "exact_value": 59.49}
{"id": "taxes_000312", "topic": "taxes", "subtopic": "pre_discount_tax", "prompt": "Cart: $8.34, $45.10 with a 20% store discount. Local sales tax is 8.5% (tax calculated before discount). About how much is the total?", "split": "test", "exact_value": 47.29}
{"id": "taxes_000313", "topic": "taxes", "subtopic": "pre_discount_tax", "prompt": "Cart: $55.58, $11.66, $33.11 with a 10% store discount. Local sales tax is 8.5% (tax calculated before discount). About how much is the total?", "split": "test", "exact_value": 98.84}
{"id": "taxes_000314", "topic": "taxes", "subtopic": "post_discount_tax", "prompt": "Cart: $30.59, $26.67, $6.25 with a 15% store discount. Local sales tax is 8.5% (tax after discount). About how much is the total?", "split": "test", "exact_value": 58.57}
{"id": "taxes_000315", "topic": "taxes", "subtopic": "post_discount_tax", "prompt": "Cart: $57.44, $48.94. Local sales tax is 8.5% (tax after discount). About how much is the total?", "split": "test", "exact_value": 115.42}
{"id": "taxes_000316", "topic": "taxes", "subtopic": "post_discount_tax", "prompt": "Cart: $48.33, $14.59. Local sales tax is 7.5% (tax after discount). About how much is the total?", "split": "test", "exact_value": 67.64}
{"id": "taxes_000317", "topic": "taxes", "subtopic": "pre_discount_tax", "prompt": "Cart: $52.67, $28.27, $17.16, $48.38 with a 20% store discount. Local sales tax is 8.5% (tax calculated before discount). About how much is the total?", "split": "test", "exact_value": 129.63}
{"id": "taxes_000318", "topic": "taxes", "subtopic": "post_discount_tax", "prompt": "Cart: $9.38, $23.03, $18.25, $27.04, $4.38 with a 10% store discount. Local sales tax is 7.0% (tax after discount). About how much is the total?", "split": "test", "exact_value": 79.04}
{"id": "taxes_000319", "topic": "taxes", "subtopic": "post_discount_tax", "prompt": "Cart: $38.24, $28.20 with a 20% store discount. Local sales tax is 7.5% (tax after discount). About how much is the total?", "split": "test", "exact_value": 57.14}
{"id": "taxes_000320", "topic": "taxes", "subtopic": "pre_discount_tax", "prompt": "Cart: $11.18, $39.04, $45.83, $25.81, $42.86. Local sales tax is 7.5% (tax calculated before discount). About how much is the total?", "split": "test", "exact_value": 177.07}
{"id": "taxes_000321", "topic": "taxes", "subtopic": "pre_discount_tax", "prompt": "Cart: $43.64, $49.88, $23.21 with a 10% store discount. Local sales tax is 8.0% (tax calculated before discount). About how much is the total?", "split": "test", "exact_value": 114.4}
{"id": "taxes_000322", "topic": "taxes", "subtopic": "post_discount_tax", "prompt": "Cart: $13.14, $8.32 with a 15% store discount. Local sales tax is 7.5% (tax after discount). About how much is the total?", "split": "test", "exact_value": 19.61}
{"id": "taxes_000323", "topic": "taxes", "subtopic": "pre_discount_tax", "prompt": "Cart: $52.13, $41.55, $29.14 with a 10% store discount. Local sales tax is 7.5% (tax calculated before discount). About how much is the total?", "split": "test", "exact_value": 119.75}
{"id": "taxes_000324", "topic": "taxes", "subtopic": "pre_discount_tax", "prompt": "Cart: $25.31, $27.04, $15.78 with a 15% store discount. Local sales tax is 8.5% (tax calculated before discount). About how much is the total?", "split": "test", "exact_value": 63.7}
{"id": "taxes_000325", "topic": "taxes", "subtopic": "post_discount_tax", "prompt": "Cart: $39.73, $18.58, $45.77, $3.63, $35.20 with a 20% store discount. Local sales tax is 6.0% (tax after discount). About how much is the total?", "split": "test", "exact_value": 121.19}
{"id": "taxes_000326", "topic": "taxes", "subtopic": "post_discount_tax", "prompt": "Cart: $41.14, $53.98. Local sales tax is 8.5% (tax after discount). About how much is the total?", "split": "test", "exact_value": 103.21}
{"id": "taxes_000327", "topic": "taxes", "subtopic": "pre_discount_tax", "prompt": "Cart: $30.80, $24.41, $12.14, $41.77, $19.16 with a 15% store discount. Local sales tax is 6.0% (tax calculated before discount). About how much is the total?", "split": "test", "exact_value": 116.73}
{"id": "taxes_000328", "topic": "taxes", "subtopic": "pre_discount_tax", "prompt": "Cart: $15.13, $9.16, $55.34, $38.52 with a 10% store discount. Local sales tax is 7.0% (tax calculated before discount). About how much is the total?", "split": "test", "exact_value": 114.61}
{"id": "taxes_000329", "topic": "taxes", "subtopic": "post_discount_tax", "prompt": "Cart: $18.86, $28.63, $23.29, $47.57, $36.39 with a 20% store discount. Local sales tax is 6.0% (tax after discount). About how much is the total?", "split": "test", "exact_value": 131.22}
{"id": "taxes_000330", "topic": "taxes", "subtopic": "pre_discount_tax", "prompt": "Cart: $21.92, $44.47, $18.37, $48.34 with a 15% store discount. Local sales tax is 7.0% (tax calculated before discount). About how much is the total?", "split": "test", "exact_value": 122.45}
{"id": "taxes_000331", "topic": "taxes", "subtopic": "pre_discount_tax", "prompt": "Cart: $33.83, $40.62, $9.24, $52.07, $48.73 with a 10% store discount. Local sales tax is 7.0% (tax calculated before discount). About how much is the total?", "split": "test", "exact_value": 178.96}
{"id": "taxes_000332", "topic": "taxes", "subtopic": "pre_discount_tax", "prompt": "Cart: $46.86, $52.00, $6.53, $26.37 with a 15% store discount. Local sales tax is 7.0% (tax calculated before discount). About how much is the total?", "split": "test", "exact_value": 121.22}
{"id": "taxes_000333", "topic": "taxes", "subtopic": "pre_discount_tax", "prompt": "Cart: $15.38, $37.04, $29.85, $59.66. Local sales tax is 6.0% (tax calculated before discount). About how much is the total?", "split": "test", "exact_value": 150.45}
{"id": "taxes_000334", "topic": "taxes", "subtopic": "pre_discount_tax", "prompt": "Cart: $39.84, $29.61, $52.01, $46.80 with a 15% store discount. Local sales tax is 8.5% (tax calculated before discount). About how much is the total?", "split": "test", "exact_value": 157.32}
{"id": "taxes_000335", "topic": "taxes", "subtopic": "pre_discount_tax", "prompt": "Cart: $49.74, $40.74 with a 20% store discount. Local sales tax is 8.5% (tax calculated before discount). About how much is the total?", "split": "test", "exact_value": 80.07}
{"id": "taxes_000336", "topic": "taxes", "subtopic": "pre_discount_tax", "prompt": "Cart: $23.40, $24.13, $57.84 with a 20% store discount. Local sales tax is 7.5% (tax calculated before discount). About how much is the total?", "split": "test", "exact_value": 92.2}
{"id": "taxes_000337", "topic": "taxes", "subtopic": "post_discount_tax", "prompt": "Cart: $16.10, $18.77 with a 15% store discount. Local sales tax is 8.0% (tax after discount). About how much is the total?", "split": "test", "exact_value": 32.01}
{"id": "taxes_000338", "topic": "taxes", "subtopic": "pre_discount_tax", "prompt": "Cart: $33.66, $52.96, $24.63, $15.58, $41.07 with a 10% store discount. Local sales tax is 7.0% (tax calculated before discount). About how much is the total?", "split": "test", "exact_value": 162.86}
{"id": "taxes_000339", "topic": "taxes", "subtopic": "pre_discount_tax", "prompt": "Cart: $58.11, $23.24, $4.49, $47.29 with a 15% store discount. Local sales tax is 8.5% (tax calculated before discount). About how much is the total?", "split": "test", "exact_value": 124.48}
{"id": "taxes_000340", "topic": "taxes", "subtopic": "post_discount_tax", "prompt": "Cart: $50.55, $23.95, $31.83, $40.42. Local sales tax is 8.0% (tax after discount). About how much is the total?", "split": "test", "exact_value": 158.49}
{"id": "taxes_000341", "topic": "taxes", "subtopic": "pre_discount_tax", "prompt": "Cart: $38.98, $10.13, $14.42, $12.96 with a 15% store discount. Local sales tax is 7.0% (tax calculated before discount). About how much is the total?", "split": "test", "exact_value": 70.37}
{"id": "taxes_000342", "topic": "taxes", "subtopic": "post_discount_tax", "prompt": "Cart: $20.47, $29.76 with a 20% store discount. Local sales tax is 7.5% (tax after discount). About how much is the total?", "split": "test", "exact_value": 43.2}
{"id": "taxes_000343", "topic": "taxes", "subtopic": "post_discount_tax", "prompt": "Cart: $17.87, $58.81 with a 20% store discount. Local sales tax is 8.5% (tax after discount). About how much is the total?", "split": "test", "exact_value": 66.56}
{"id": "taxes_000344", "topic": "taxes", "subtopic": "pre_discount_tax", "prompt": "Cart: $10.52, $23.23, $21.53, $22.70 with a 10% store discount. Local sales tax is 6.0% (tax calculated before discount). About how much is the total?", "split": "test", "exact_value": 74.86}
{"id": "taxes_000345", "topic": "taxes", "subtopic": "post_discount_tax", "prompt": "Cart: $24.56, $46.80, $5.58, $29.56 with a 20% store discount. Local sales tax is 7.0% (tax after discount). About how much is the total?", "split": "test", "exact_value": 91.16}
{"id": "taxes_000346", "topic": "taxes", "subtopic": "pre_discount_tax", "prompt": "Cart: $7.89, $23.15. Local sales tax is 6.0% (tax calculated before discount). About how much is the total?", "split": "test", "exact_value": 32.9}
{"id": "taxes_000347", "topic": "taxes", "subtopic": "pre_discount_tax", "prompt": "Cart: $45.85, $56.61, $29.48, $48.16, $18.73 with a 20% store discount. Local sales tax is 6.0% (tax calculated before discount). About how much is the total?", "split": "test", "exact_value": 170.99}
{"id": "taxes_000348", "topic": "taxes", "subtopic": "post_discount_tax", "prompt": "Cart: $56.83, $21.15, $41.90 with a 10% store discount. Local sales tax is 8.0% (tax after discount). About how much is the total?", "split": "test", "exact_value": 116.52}
{"id": "taxes_000349", "topic": "taxes", "subtopic": "pre_discount_tax", "prompt": "Cart: $36.16, $47.59, $41.04, $47.03 with a 20% store discount. Local sales tax is 8.5% (tax calculated before discount). About how much is the total?", "split": "test", "exact_value": 152.06}
{"id": "taxes_000350", "topic": "taxes", "subtopic": "post_discount_tax", "prompt": "Cart: $41.73, $23.43, $14.67, $27.70, $59.98 with a 15% store discount. Local sales tax is 7.5% (tax after discount). About how much is the total?", "split": "test", "exact_value": 153.06}
{"id": "taxes_000351", "topic": "taxes", "subtopic": "post_discount_tax", "prompt": "Cart: $31.12, $29.17 with a 10% store discount. Local sales tax is 7.0% (tax after discount). About how much is the total?", "split": "test", "exact_value": 58.06}
{"id": "taxes_000352", "topic": "taxes", "subtopic": "post_discount_tax", "prompt": "Cart: $58.13, $16.51. Local sales tax is 7.5% (tax after discount). About how much is the total?", "split": "test", "exact_value": 80.24}
{"id": "taxes_000353", "topic": "taxes", "subtopic": "pre_discount_tax", "prompt": "Cart: $7.69, $14.20 with a 20% store discount. Local sales tax is 8.5% (tax calculated before discount). About how much is the total?", "split": "test", "exact_value": 19.37}
{"id": "taxes_000354", "topic": "taxes", "subtopic": "post_discount_tax", "prompt": "Cart: $31.32, $20.99, $38.21 with a 20% store discount. Local sales tax is 8.0% (tax after discount). About how much is the total?", "split": "test", "exact_value": 78.21}
{"id": "taxes_000355", "topic": "taxes", "subtopic": "pre_discount_tax", "prompt": "Cart: $30.60, $47.10, $35.57, $28.44 with a 15% store discount. Local sales tax is 6.0% (tax calculated before discount). About how much is the total?", "split": "test", "exact_value": 128.96}
{"id": "taxes_000356", "topic": "taxes", "subtopic": "pre_discount_tax", "prompt": "Cart: $43.24, $51.75, $53.85. Local sales tax is 6.0% (tax calculated before discount). About how much is the total?", "split": "test", "exact_value": 157.77}
{"id": "taxes_000357", "topic": "taxes", "subtopic": "post_discount_tax", "prompt": "Cart: $48.95, $47.23, $28.18 with a 10% store discount. Local sales tax is 7.5% (tax after discount). About how much is the total?", "split": "test", "exact_value": 120.32}
{"id": "taxes_000358", "topic": "taxes", "subtopic": "post_discount_tax", "prompt": "Cart: $32.51, $58.54 with a 10% store discount. Local sales tax is 7.5% (tax after discount). About how much is the total?", "split": "test", "exact_value": 88.09}
{"id": "taxes_000359", "topic": "taxes", "subtopic": "post_discount_tax", "prompt": "Cart: $54.17, $30.09, $36.90. Local sales tax is 7.5% (tax after discount). About how much is the total?", "split": "test", "exact_value": 130.25}
{"id": "taxes_000360", "topic": "taxes", "subtopic": "pre_discount_tax", "prompt": "Cart: $27.74, $36.44, $8.49, $10.62, $10.75 with a 10% store discount. Local sales tax is 7.0% (tax calculated before discount). About how much is the total?", "split": "test", "exact_value": 91.22}
{"id": "taxes_000361", "topic": "taxes", "subtopic": "pre_discount_tax", "prompt": "Cart: $38.89, $12.89, $52.46, $48.98. Local sales tax is 6.0% (tax calculated before discount). About how much is the total?", "split": "test", "exact_value": 162.41}
{"id": "taxes_000362", "topic": "taxes", "subtopic": "post_discount_tax", "prompt": "Cart: $51.11, $49.26, $52.37 with a 15% store discount. Local sales tax is 8.0% (tax after discount). About how much is the total?", "split": "test", "exact_value": 140.22}
{"id": "taxes_000363", "topic": "taxes", "subtopic": "post_discount_tax", "prompt": "Cart: $39.04, $18.91, $55.17, $43.04 with a 15% store discount. Local sales tax is 7.0% (tax after discount). About how much is the total?", "split": "test", "exact_value": 142.03}
{"id": "taxes_000364", "topic": "taxes", "subtopic": "post_discount_tax", "prompt": "Cart: $19.67, $7.81, $32.91, $48.54 with a 15% store discount. Local sales tax is 8.5% (tax after discount). About how much is the total?", "split": "test", "exact_value": 100.46}
{"id": "taxes_000365", "topic": "taxes", "subtopic": "pre_discount_tax", "prompt": "Cart: $25.08, $28.92, $32.37 with a 15% store discount. Local sales tax is 6.0% (tax calculated before discount). About how much is the total?", "split": "test", "exact_value": 78.6}
{"id": "taxes_000366", "topic": "taxes", "subtopic": "pre_discount_tax", "prompt": "Cart: $15.13, $50.13. Local sales tax is 8.5% (tax calculated before discount). About how much is the total?", "split": "test", "exact_value": 70.81}
{"id": "taxes_000367", "topic": "taxes", "subtopic": "pre_discount_tax", "prompt": "Cart: $50.81, $44.30, $32.47, $47.58, $33.83 with a 20% store discount. Local sales tax is 7.5% (tax calculated before discount). About how much is the total?", "split": "test", "exact_value": 182.87}
{"id": "taxes_000368", "topic": "taxes", "subtopic": "pre_discount_tax", "prompt": "Cart: $25.07, $11.09, $5.07, $7.70 with a 10% store discount. Local sales tax is 8.5% (tax calculated before discount). About how much is the total?", "split": "test", "exact_value": 48.2}
{"id": "taxes_000369", "topic": "taxes", "subtopic": "pre_discount_tax", "prompt": "Cart: $21.78, $58.56, $54.31 with a 10% store discount. Local sales tax is 6.0% (tax calculated before discount). About how much is the total?", "split": "test", "exact_value": 129.26}
{"id": "taxes_000370", "topic": "taxes", "subtopic": "post_discount_tax", "prompt": "Cart: $34.10, $54.99, $4.14 with a 20% store discount. Local sales tax is 6.0% (tax after discount). About how much is the total?", "split": "test", "exact_value": 79.06}
{"id": "taxes_000371", "topic": "taxes", "subtopic": "post_discount_tax", "prompt": "Cart: $29.97, $30.77, $44.87, $4.09 with a 20% store discount. Local sales tax is 8.0% (tax after discount). About how much is the total?", "split": "test", "exact_value": 94.78}
{"id": "taxes_000372", "topic": "taxes", "subtopic": "post_discount_tax", "prompt": "Cart: $58.37, $16.89 with a 20% store discount. Local sales tax is 8.0% (tax after discount). About how much is the total?", "split": "test", "exact_value": 65.02}
{"id": "taxes_000373", "topic": "taxes", "subtopic": "pre_discount_tax", "prompt": "Cart: $3.64, $27.28, $30.77, $50.86 with a 10% store discount. Local sales tax is 8.0% (tax calculated before discount). About how much is the total?", "split": "test", "exact_value": 110.3}
{"id": "taxes_000374", "topic": "taxes", "subtopic": "pre_discount_tax", "prompt": "Cart: $11.81, $19.42, $33.07, $32.65, $35.18. Local sales tax is 7.5% (tax calculated before discount). About how much is the total?", "split": "test", "exact_value": 142.04}
{"id": "taxes_000375", "topic": "taxes", "subtopic": "post_discount_tax", "prompt": "Cart: $6.02, $53.55, $41.42 with a 15% store discount. Local sales tax is 8.0% (tax after discount). About how much is the total?", "split": "test", "exact_value": 92.71}
{"id": "taxes_000376", "topic": "taxes", "subtopic": "post_discount_tax", "prompt": "Cart: $17.99, $27.75, $20.36, $36.76, $8.20 with a 15% store discount. Local sales tax is 6.0% (tax after discount). About how much is the total?", "split": "test", "exact_value": 100.07}
{"id": "taxes_000377", "topic": "taxes", "subtopic": "pre_discount_tax", "prompt": "Cart: $25.35, $55.00. Local sales tax is 8.5% (tax calculated before discount). About how much is the total?", "split": "test", "exact_value": 87.18}
{"id": "taxes_000378", "topic": "taxes", "subtopic": "post_discount_tax", "prompt": "Cart: $16.45, $10.87 with a 20% store discount. Local sales tax is 6.0% (tax after discount). About how much is the total?", "split": "test", "exact_value": 23.17}
{"id": "taxes_000379", "topic": "taxes", "subtopic": "pre_discount_tax", "prompt": "Cart: $34.70, $45.15. Local sales tax is 7.5% (tax calculated before discount). About how much is the total?", "split": "test", "exact_value": 85.84}
{"id": "taxes_000380", "topic": "taxes", "subtopic": "pre_discount_tax", "prompt": "Cart: $59.62, $11.52, $25.60, $57.42, $29.61. Local sales tax is 7.0% (tax calculated before discount). About how much is the total?", "split": "test", "exact_value": 196.63}
{"id": "taxes_000381", "topic": "taxes", "subtopic": "post_discount_tax", "prompt": "Cart: $7.27, $17.56, $54.42 with a 15% store discount. Local sales tax is 7.0% (tax after discount). About how much is the total?", "split": "test", "exact_value": 72.08}
{"id": "taxes_000382", "topic": "taxes", "subtopic": "pre_discount_tax", "prompt": "Cart: $48.46, $11.43, $9.88, $35.77, $55.99 with a 20% store discount. Local sales tax is 6.0% (tax calculated before discount). About how much is the total?", "split": "test", "exact_value": 138.92}
{"id": "taxes_000383", "topic": "taxes", "subtopic": "post_discount_tax", "prompt": "Cart: $32.55, $11.49, $51.12, $37.59 with a 15% store discount. Local sales tax is 7.0% (tax after discount). About how much is the total?", "split": "test", "exact_value": 120.74}
{"id": "taxes_000384", "topic": "taxes", "subtopic": "pre_discount_tax", "prompt": "Cart: $14.35, $50.90, $39.58, $3.73 with a 20% store discount. Local sales tax is 7.5% (tax calculated before discount). About how much is the total?", "split": "test", "exact_value": 94.99}
{"id": "taxes_000385", "topic": "taxes", "subtopic": "pre_discount_tax", "prompt": "Cart: $51.59, $30.61, $22.59, $17.83 with a 10% store discount. Local sales tax is 8.5% (tax calculated before discount). About how much is the total?", "split": "test", "exact_value": 120.78}
{"id": "taxes_000386", "topic": "taxes", "subtopic": "post_discount_tax", "prompt": "Cart: $4.96, $12.70 with a 15% store discount. Local sales tax is 6.0% (tax after discount). About how much is the total?", "split": "test", "exact_value": 15.91}
{"id": "taxes_000387", "topic": "taxes", "subtopic": "pre_discount_tax", "prompt": "Cart: $12.00, $34.17. Local sales tax is 7.0% (tax calculated before discount). About how much is the total?", "split": "test", "exact_value": 49.4}
{"id": "taxes_000388", "topic": "taxes", "subtopic": "post_discount_tax", "prompt": "Cart: $32.49, $39.36, $43.41, $35.48 with a 10% store discount. Local sales tax is 6.0% (tax after discount). About how much is the total?", "split": "test", "exact_value": 143.81}
{"id": "taxes_000389", "topic": "taxes", "subtopic": "post_discount_tax", "prompt": "Cart: $9.14, $55.98, $8.09, $30.95, $5.01 with a 15% store discount. Local sales tax is 6.0% (tax after discount). About how much is the total?", "split": "test", "exact_value": 98.36}
{"id": "taxes_000390", "topic": "taxes", "subtopic": "post_discount_tax", "prompt": "Cart: $54.77, $53.96, $20.64, $10.81, $54.91. Local sales tax is 8.0% (tax after discount). About how much is the total?", "split": "test", "exact_value": 210.7}
{"id": "taxes_000391", "topic": "taxes", "subtopic": "post_discount_tax", "prompt": "Cart: $57.91, $17.81 with a 15% store discount. Local sales tax is 7.0% (tax after discount). About how much is the total?", "split": "test", "exact_value": 68.87}
{"id": "taxes_000392", "topic": "taxes", "subtopic": "pre_discount_tax", "prompt": "Cart: $28.81, $35.05, $10.00 with a 20% store discount. Local sales tax is 8.5% (tax calculated before discount). About how much is the total?", "split": "test", "exact_value": 65.37}
{"id": "taxes_000393", "topic": "taxes", "subtopic": "post_discount_tax", "prompt": "Cart: $29.75, $41.19, $51.95, $4.02, $19.30 with a 15% store discount. Local sales tax is 7.5% (tax after discount). About how much is the total?", "split": "test", "exact_value": 133.6}
{"id": "taxes_000394", "topic": "taxes", "subtopic": "post_discount_tax", "prompt": "Cart: $51.11, $39.60, $30.18. Local sales tax is 7.0% (tax after discount). About how much is the total?", "split": "test", "exact_value": 129.35}
{"id": "taxes_000395", "topic": "taxes", "subtopic": "pre_discount_tax", "prompt": "Cart: $13.49, $36.27, $27.23 with a 15% store discount. Local sales tax is 8.0% (tax calculated before discount). About how much is the total?", "split": "test", "exact_value": 71.6}
{"id": "taxes_000396", "topic": "taxes", "subtopic": "post_discount_tax", "prompt": "Cart: $59.68, $22.72, $47.53, $20.56. Local sales tax is 7.5% (tax after discount). About how much is the total?", "split": "test", "exact_value": 161.78}
{"id": "taxes_000397", "topic": "taxes", "subtopic": "post_discount_tax", "prompt": "Cart: $44.47, $15.76, $10.10, $8.73, $22.95 with a 15% store discount. Local sales tax is 6.0% (tax after discount). About how much is the total?", "split": "test", "exact_value": 91.91}
{"id": "taxes_000398", "topic": "taxes", "subtopic": "post_discount_tax", "prompt": "Cart: $30.82, $29.20, $47.53 with a 15% store discount. Local sales tax is 8.5% (tax after discount). About how much is the total?", "split": "test", "exact_value": 99.19}
{"id": "taxes_000399", "topic": "taxes", "subtopic": "post_discount_tax", "prompt": "Cart: $26.86, $10.12, $9.56, $30.84, $59.61 with a 20% store discount. Local sales tax is 8.0% (tax after discount). About how much is the total?", "split": "test", "exact_value": 118.36}
{"id": "taxes_000400", "topic": "taxes", "subtopic": "post_discount_tax", "prompt": "Cart: $23.95, $41.55, $23.33, $22.78, $11.96 with a 20% store discount. Local sales tax is 8.5% (tax after discount). About how much is the total?", "split": "test", "exact_value": 107.26}
{"id": "taxes_000401", "topic": "taxes", "subtopic": "pre_discount_tax", "prompt": "Cart: $25.38, $36.07, $20.22 with a 15% store discount. Local sales tax is 7.5% (tax calculated before discount). About how much is the total?", "split": "test", "exact_value": 75.54}
{"id": "taxes_000402", "topic": "taxes", "subtopic": "pre_discount_tax", "prompt": "Cart: $36.26, $37.89, $18.06 with a 15% store discount. Local sales tax is 8.0% (tax calculated before discount). About how much is the total?", "split": "test", "exact_value": 85.76}
{"id": "taxes_000403", "topic": "taxes", "subtopic": "post_discount_tax", "prompt": "Cart: $51.11, $24.90 with a 10% store discount. Local sales tax is 8.5% (tax after discount). About how much is the total?", "split": "test", "exact_value": 74.22}
{"id": "taxes_000404", "topic": "taxes", "subtopic": "post_discount_tax", "prompt": "Cart: $15.83, $10.96 with a 20% store discount. Local sales tax is 8.0% (tax after discount). About how much is the total?", "split": "test", "exact_value": 23.15}
{"id": "taxes_000405", "topic": "taxes", "subtopic": "pre_discount_tax", "prompt": "Cart: $53.39, $53.80, $28.30, $24.65, $5.80 with a 20% store discount. Local sales tax is 7.0% (tax calculated before discount). About how much is the total?", "split": "test", "exact_value": 144.37}
{"id": "taxes_000406", "topic": "taxes", "subtopic": "pre_discount_tax", "prompt": "Cart: $16.08, $29.96, $13.87, $45.61, $46.36. Local sales tax is 8.0% (tax calculated before discount). About how much is the total?", "split": "test", "exact_value": 164.03}
{"id": "taxes_000407", "topic": "taxes", "subtopic": "pre_discount_tax", "prompt": "Cart: $56.96, $46.39. Local sales tax is 7.5% (tax calculated before discount). About how much is the total?", "split": "test", "exact_value": 111.1}
{"id": "taxes_000408", "topic": "taxes", "subtopic": "pre_discount_tax", "prompt": "Cart: $13.23, $40.82, $5.33, $33.98, $54.40 with a 15% store discount. Local sales tax is 7.0% (tax calculated before discount). About how much is the total?", "split": "test", "exact_value": 135.94}
{"id": "taxes_000409", "topic": "taxes", "subtopic": "pre_discount_tax", "prompt": "Cart: $16.59, $42.16, $47.35 with a 10% store discount. Local sales tax is 6.0% (tax calculated before discount). About how much is the total?", "split": "test", "exact_value": 101.86}
{"id": "taxes_000410", "topic": "taxes", "subtopic": "pre_discount_tax", "prompt": "Cart: $17.74, $24.91, $47.98 with a 20% store discount. Local sales tax is 6.0% (tax calculated before discount). About how much is the total?", "split": "test", "exact_value": 77.94}
{"id": "taxes_000411", "topic": "taxes", "subtopic": "post_discount_tax", "prompt": "Cart: $41.91, $3.62, $38.07 with a 10% store discount. Local sales tax is 7.0% (tax after discount). About how much is the total?", "split": "test", "exact_value": 80.51}
{"id": "taxes_000412", "topic": "taxes", "subtopic": "post_discount_tax", "prompt": "Cart: $33.87, $25.63, $47.48, $37.32, $8.59 with a 15% store discount. Local sales tax is 8.5% (tax after discount). About how much is the total?", "split": "test", "exact_value": 141.0}
{"id": "taxes_000413", "topic": "taxes", "subtopic": "pre_discount_tax", "prompt": "Cart: $43.91, $6.23, $47.87, $52.16, $18.46 with a 15% store discount. Local sales tax is 8.5% (tax calculated before discount). About how much is the total?", "split": "test", "exact_value": 157.67}
{"id": "taxes_000414", "topic": "taxes", "subtopic": "post_discount_tax", "prompt": "Cart: $47.55, $22.74, $9.51, $57.83, $39.18. Local sales tax is 8.5% (tax after discount). About how much is the total?", "split": "test", "exact_value": 191.84}
{"id": "taxes_000415", "topic": "taxes", "subtopic": "post_discount_tax", "prompt": "Cart: $23.95, $57.90, $54.60. Local sales tax is 8.5% (tax after discount). About how much is the total?", "split": "test", "exact_value": 148.05}
{"id": "taxes_000416", "topic": "taxes", "subtopic": "post_discount_tax", "prompt": "Cart: $58.55, $26.67, $59.61 with a 15% store discount. Local sales tax is 7.0% (tax after discount). About how much is the total?", "split": "test", "exact_value": 131.72}
{"id": "taxes_000417", "topic": "taxes", "subtopic": "post_discount_tax", "prompt": "Cart: $30.59, $52.06 with a 20% store discount. Local sales tax is 8.0% (tax after discount). About how much is the total?", "split": "test", "exact_value": 71.41}
{"id": "taxes_000418", "topic": "taxes", "subtopic": "post_discount_tax", "prompt": "Cart: $41.84, $5.87 with a 10% store discount. Local sales tax is 8.5% (tax after discount). About how much is the total?", "split": "test", "exact_value": 46.59}
{"id": "taxes_000419", "topic": "taxes", "subtopic": "pre_discount_tax", "prompt": "Cart: $17.56, $7.74. Local sales tax is 8.0% (tax calculated before discount). About how much is the total?", "split": "test", "exact_value": 27.32}
{"id": "taxes_000420", "topic": "taxes", "subtopic": "pre_discount_tax", "prompt": "Cart: $35.14, $57.98, $55.61, $57.25 with a 10% store discount. Local sales tax is 8.5% (tax calculated before discount). About how much is the total?", "split": "test", "exact_value": 202.89}
{"id": "taxes_000421", "topic": "taxes", "subtopic": "post_discount_tax", "prompt": "Cart: $12.50, $53.52, $31.57, $50.18, $43.02 with a 10% store discount. Local sales tax is 7.5% (tax after discount). About how much is the total?", "split": "test", "exact_value": 184.59}
{"id": "taxes_000422", "topic": "taxes", "subtopic": "post_discount_tax", "prompt": "Cart: $48.53, $13.30, $49.68, $30.26 with a 20% store discount. Local sales tax is 8.5% (tax after discount). About how much is the total?", "split": "test", "exact_value": 123.06}
{"id": "taxes_000423", "topic": "taxes", "subtopic": "post_discount_tax", "prompt": "Cart: $9.98, $3.96, $14.49, $13.82. Local sales tax is 8.5% (tax after discount). About how much is the total?", "split": "test", "exact_value": 45.84}
{"id": "taxes_000424", "topic": "taxes", "subtopic": "post_discount_tax", "prompt": "Cart: $4.59, $7.93 with a 10% store discount. Local sales tax is 6.0% (tax after discount). About how much is the total?", "split": "test", "exact_value": 11.94}
{"id": "taxes_000425", "topic": "taxes", "subtopic": "post_discount_tax", "prompt": "Cart: $22.61, $7.97, $56.54, $11.80. Local sales tax is 7.0% (tax after discount). About how much is the total?", "split": "test", "exact_value": 105.84}
{"id": "taxes_000426", "topic": "taxes", "subtopic": "pre_discount_tax", "prompt": "Cart: $23.88, $24.20, $18.83, $26.00, $33.43 with a 10% store discount. Local sales tax is 8.5% (tax calculated before discount). About how much is the total?", "split": "test", "exact_value": 124.44}
{"id": "taxes_000427", "topic": "taxes", "subtopic": "pre_discount_tax", "prompt": "Cart: $52.56, $18.69 with a 10% store discount. Local sales tax is 8.0% (tax calculated before discount). About how much is the total?", "split": "test", "exact_value": 69.83}
{"id": "taxes_000428", "topic": "taxes", "subtopic": "post_discount_tax", "prompt": "Cart: $40.23, $4.50, $9.01, $13.16 with a 20% store discount. Local sales tax is 8.5% (tax after discount). About how much is the total?", "split": "test", "exact_value": 58.07}
{"id": "taxes_000429", "topic": "taxes", "subtopic": "post_discount_tax", "prompt": "Cart: $13.14, $6.36, $52.52, $25.99 with a 15% store discount. Local sales tax is 8.0% (tax after discount). About how much is the total?", "split": "test", "exact_value": 89.97}
{"id": "taxes_000430", "topic": "taxes", "subtopic": "post_discount_tax", "prompt": "Cart: $14.88, $35.86, $24.53 with a 10% store discount. Local sales tax is 8.0% (tax after discount). About how much is the total?", "split": "test", "exact_value": 73.16}
{"id": "taxes_000431", "topic": "taxes", "subtopic": "pre_discount_tax", "prompt": "Cart: $25.97, $43.45, $4.08. Local sales tax is 6.0% (tax calculated before discount). About how much is the total?", "split": "test", "exact_value": 77.91}
{"id": "taxes_000432", "topic": "taxes", "subtopic": "post_discount_tax", "prompt": "Cart: $28.66, $37.07, $16.44, $26.17 with a 15% store discount. Local sales tax is 6.0% (tax after discount). About how much is the total?", "split": "test", "exact_value": 97.61}
{"id": "taxes_000433", "topic": "taxes", "subtopic": "post_discount_tax", "prompt": "Cart: $38.57, $29.50 with a 15% store discount. Local sales tax is 6.0% (tax after discount). About how much is the total?", "split": "test", "exact_value": 61.33}
{"id": "taxes_000434", "topic": "taxes", "subtopic": "pre_discount_tax", "prompt": "Cart: $35.44, $31.53 with a 10% store discount. Local sales tax is 8.0% (tax calculated before discount). About how much is the total?", "split": "test", "exact_value": 65.63}
{"id": "taxes_000435", "topic": "taxes", "subtopic": "pre_discount_tax", "prompt": "Cart: $23.29, $35.78, $6.10 with a 10% store discount. Local sales tax is 8.5% (tax calculated before discount). About how much is the total?", "split": "test", "exact_value": 64.19}
{"id": "taxes_000436", "topic": "taxes", "subtopic": "post_discount_tax", "prompt": "Cart: $16.95, $43.32, $58.27. Local sales tax is 8.0% (tax after discount). About how much is the total?", "split": "test", "exact_value": 128.02}
{"id": "taxes_000437", "topic": "taxes", "subtopic": "post_discount_tax", "prompt": "Cart: $46.09, $36.57, $32.05. Local sales tax is 8.5% (tax after discount). About how much is the total?", "split": "test", "exact_value": 124.46}
{"id": "taxes_000438", "topic": "taxes", "subtopic": "post_discount_tax", "prompt": "Cart: $55.16, $49.29, $7.86, $51.08 with a 20% store discount. Local sales tax is 8.5% (tax after discount). About how much is the total?", "split": "test", "exact_value": 141.82}
{"id": "taxes_000439", "topic": "taxes", "subtopic": "pre_discount_tax", "prompt": "Cart: $37.48, $58.50, $54.57, $29.86 with a 15% store discount. Local sales tax is 8.0% (tax calculated before discount). About how much is the total?", "split": "test", "exact_value": 167.78}
{"id": "taxes_000440", "topic": "taxes", "subtopic": "pre_discount_tax", "prompt": "Cart: $55.17, $20.39, $49.29, $50.20 with a 20% store discount. Local sales tax is 8.5% (tax calculated before discount). About how much is the total?", "split": "test", "exact_value": 154.92}
{"id": "taxes_000441", "topic": "taxes", "subtopic": "pre_discount_tax", "prompt": "Cart: $10.85, $37.46, $32.71, $34.31, $42.65 with a 15% store discount. Local sales tax is 7.0% (tax calculated before discount). About how much is the total?", "split": "test", "exact_value": 145.34}
{"id": "taxes_000442", "topic": "taxes", "subtopic": "post_discount_tax", "prompt": "Cart: $16.80, $55.70, $28.02, $48.09, $30.61 with a 15% store discount. Local sales tax is 7.5% (tax after discount). About how much is the total?", "split": "test", "exact_value": 163.76}
{"id": "taxes_000443", "topic": "taxes", "subtopic": "pre_discount_tax", "prompt": "Cart: $14.65, $53.40, $52.08, $38.67 with a 20% store discount. Local sales tax is 8.0% (tax calculated before discount). About how much is the total?", "split": "test", "exact_value": 139.74}
{"id": "taxes_000444", "topic": "taxes", "subtopic": "pre_discount_tax", "prompt": "Cart: $23.94, $9.72, $54.57, $46.02, $51.59. Local sales tax is 7.0% (tax calculated before discount). About how much is the total?", "split": "test", "exact_value": 198.85}
{"id": "taxes_000445", "topic": "taxes", "subtopic": "pre_discount_tax", "prompt": "Cart: $46.59, $16.28. Local sales tax is 8.5% (tax calculated before discount). About how much is the total?", "split": "test", "exact_value": 68.21}
{"id": "taxes_000446", "topic": "taxes", "subtopic": "post_discount_tax", "prompt": "Cart: $20.05, $36.33, $27.15. Local sales tax is 6.0% (tax after discount). About how much is the total?", "split": "test", "exact_value": 88.54}
{"id": "taxes_000447", "topic": "taxes", "subtopic": "pre_discount_tax", "prompt": "Cart: $4.03, $7.21, $42.98, $30.78 with a 20% store discount. Local sales tax is 8.0% (tax calculated before discount). About how much is the total?", "split": "test", "exact_value": 74.8}
{"id": "taxes_000448", "topic": "taxes", "subtopic": "pre_discount_tax", "prompt": "Cart: $53.15, $26.40, $42.73, $58.24 with a 10% store discount. Local sales tax is 7.0% (tax calculated before discount). About how much is the total?", "split": "test", "exact_value": 175.1}
{"id": "taxes_000449", "topic": "taxes", "subtopic": "post_discount_tax", "prompt": "Cart: $37.05, $55.63, $15.97, $47.67. Local sales tax is 7.0% (tax after discount). About how much is the total?", "split": "test", "exact_value": 167.26}
{"id": "taxes_000450", "topic": "taxes", "subtopic": "pre_discount_tax", "prompt": "Cart: $55.64, $39.06, $6.80, $9.15 with a 10% store discount. Local sales tax is 7.5% (tax calculated before discount). About how much is the total?", "split": "test", "exact_value": 107.88}
{"id": "taxes_000451", "topic": "taxes", "subtopic": "post_discount_tax", "prompt": "Cart: $9.63, $43.65, $45.99 with a 10% store discount. Local sales tax is 7.0% (tax after discount). About how much is the total?", "split": "test", "exact_value": 95.6}
{"id": "taxes_000452", "topic": "taxes", "subtopic": "post_discount_tax", "prompt": "Cart: $54.99, $18.10, $57.73, $22.04. Local sales tax is 8.5% (tax after discount). About how much is the total?", "split": "test", "exact_value": 165.85}
{"id": "taxes_000453", "topic": "taxes", "subtopic": "pre_discount_tax", "prompt": "Cart: $32.97, $10.60 with a 10% store discount. Local sales tax is 8.5% (tax calculated before discount). About how much is the total?", "split": "test", "exact_value": 42.92}
{"id": "taxes_000454", "topic": "taxes", "subtopic": "pre_discount_tax", "prompt": "Cart: $38.00, $59.15, $18.91, $48.75 with a 10% store discount. Local sales tax is 7.0% (tax calculated before discount). About how much is the total?", "split": "test", "exact_value": 159.87}
{"id": "taxes_000455", "topic": "taxes", "subtopic": "pre_discount_tax", "prompt": "Cart: $38.32, $42.16, $55.00, $30.68. Local sales tax is 8.0% (tax calculated before discount). About how much is the total?", "split": "test", "exact_value": 179.45}
{"id": "taxes_000456", "topic": "taxes", "subtopic": "post_discount_tax", "prompt": "Cart: $52.25, $4.61, $13.03 with a 10% store discount. Local sales tax is 8.0% (tax after discount). About how much is the total?", "split": "test", "exact_value": 67.93}
{"id": "taxes_000457", "topic": "taxes", "subtopic": "post_discount_tax", "prompt": "Cart: $44.66, $16.84, $21.82, $5.90, $14.95. Local sales tax is 8.5% (tax after discount). About how much is the total?", "split": "test", "exact_value": 113.02}
{"id": "taxes_000458", "topic": "taxes", "subtopic": "pre_discount_tax", "prompt": "Cart: $27.92, $51.09. Local sales tax is 8.0% (tax calculated before discount). About how much is the total?", "split": "test", "exact_value": 85.33}
{"id": "taxes_000459", "topic": "taxes", "subtopic": "post_discount_tax", "prompt": "Cart: $11.72, $31.92, $17.58, $45.16 with a 15% store discount. Local sales tax is 7.5% (tax after discount). About how much is the total?", "split": "test", "exact_value": 97.2}
{"id": "taxes_000460", "topic": "taxes", "subtopic": "post_discount_tax", "prompt": "Cart: $43.85, $19.54. Local sales tax is 7.0% (tax after discount). About how much is the total?", "split": "test", "exact_value": 67.83}
{"id": "taxes_000461", "topic": "taxes", "subtopic": "post_discount_tax", "prompt": "Cart: $37.32, $44.40, $45.86, $45.00, $28.51 with a 15% store discount. Local sales tax is 7.5% (tax after discount). About how much is the total?", "split": "test", "exact_value": 183.75}
{"id": "taxes_000462", "topic": "taxes", "subtopic": "pre_discount_tax", "prompt": "Cart: $20.77, $16.55, $35.95. Local sales tax is 8.5% (tax calculated before discount). About how much is the total?", "split": "test", "exact_value": 79.5}
{"id": "taxes_000463", "topic": "taxes", "subtopic": "post_discount_tax", "prompt": "Cart: $51.72, $45.26, $41.45, $52.37 with a 10% store discount. Local sales tax is 7.5% (tax after discount). About how much is the total?", "split": "test", "exact_value": 184.6}
{"id": "taxes_000464", "topic": "taxes", "subtopic": "post_discount_tax", "prompt": "Cart: $22.38, $14.68, $50.23. Local sales tax is 8.5% (tax after discount). About how much is the total?", "split": "test", "exact_value": 94.71}
{"id": "taxes_000465", "topic": "taxes", "subtopic": "pre_discount_tax", "prompt": "Cart: $4.60, $30.69, $19.15 with a 10% store discount. Local sales tax is 7.0% (tax calculated before discount). About how much is the total?", "split": "test", "exact_value": 52.81}
{"id": "taxes_000466", "topic": "taxes", "subtopic": "pre_discount_tax", "prompt": "Cart: $59.19, $27.40, $9.22 with a 10% store discount. Local sales tax is 7.0% (tax calculated before discount). About how much is the total?", "split": "test", "exact_value": 92.94}
{"id": "taxes_000467", "topic": "taxes", "subtopic": "post_discount_tax", "prompt": "Cart: $56.23, $4.71, $35.70, $24.64, $43.86 with a 10% store discount. Local sales tax is 8.0% (tax after discount). About how much is the total?", "split": "test", "exact_value": 160.52}
{"id": "taxes_000468", "topic": "taxes", "subtopic": "pre_discount_tax", "prompt": "Cart: $16.49, $6.02, $55.24. Local sales tax is 8.0% (tax calculated before discount). About how much is the total?", "split": "test", "exact_value": 83.97}
{"id": "taxes_000469", "topic": "taxes", "subtopic": "pre_discount_tax", "prompt": "Cart: $49.90, $21.95, $49.76. Local sales tax is 8.0% (tax calculated before discount). About how much is the total?", "split": "test", "exact_value": 131.34}
{"id": "taxes_000470", "topic": "taxes", "subtopic": "post_discount_tax", "prompt": "Cart: $21.81, $52.03, $6.55, $36.70. Local sales tax is 7.5% (tax after discount). About how much is the total?", "split": "test", "exact_value": 125.87}
{"id": "taxes_000471", "topic": "taxes", "subtopic": "post_discount_tax", "prompt": "Cart: $12.10, $40.08, $42.31 with a 15% store discount. Local sales tax is 7.5% (tax after discount). About how much is the total?", "split": "test", "exact_value": 86.34}
{"id": "taxes_000472", "topic": "taxes", "subtopic": "post_discount_tax", "prompt": "Cart: $7.51, $37.04, $12.32, $49.43 with a 10% store discount. Local sales tax is 6.0% (tax after discount). About how much is the total?", "split": "test", "exact_value": 101.41}
{"id": "taxes_000473", "topic": "taxes", "subtopic": "post_discount_tax", "prompt": "Cart: $32.34, $49.41, $56.68. Local sales tax is 8.5% (tax after discount). About how much is the total?", "split": "test", "exact_value": 150.2}
{"id": "taxes_000474", "topic": "taxes", "subtopic": "pre_discount_tax", "prompt": "Cart: $49.95, $44.89, $53.54 with a 15% store discount. Local sales tax is 6.0% (tax calculated before discount). About how much is the total?", "split": "test", "exact_value": 135.03}
{"id": "taxes_000475", "topic": "taxes", "subtopic": "pre_discount_tax", "prompt": "Cart: $38.03, $17.84, $46.55, $7.35. Local sales tax is 8.0% (tax calculated before discount). About how much is the total?", "split": "test", "exact_value": 118.55}
{"id": "taxes_000476", "topic": "taxes", "subtopic": "post_discount_tax", "prompt": "Cart: $51.99, $21.23, $31.52, $10.34, $56.14 with a 10% store discount. Local sales tax is 8.0% (tax after discount). About how much is the total?", "split": "test", "exact_value": 166.43}
{"id": "taxes_000477", "topic": "taxes", "subtopic": "pre_discount_tax", "prompt": "Cart: $58.90, $26.63, $4.48. Local sales tax is 8.0% (tax calculated before discount). About how much is the total?", "split": "test", "exact_value": 97.21}
{"id": "taxes_000478", "topic": "taxes", "subtopic": "post_discount_tax", "prompt": "Cart: $51.25, $7.70, $41.32 with a 15% store discount. Local sales tax is 8.5% (tax after discount). About how much is the total?", "split": "test", "exact_value": 92.47}
{"id": "taxes_000479", "topic": "taxes", "subtopic": "post_discount_tax", "prompt": "Cart: $21.34, $4.01, $47.51 with a 20% store discount. Local sales tax is 8.0% (tax after discount). About how much is the total?", "split": "test", "exact_value": 62.95}
{"id": "taxes_000480", "topic": "taxes", "subtopic": "pre_discount_tax", "prompt": "Cart: $5.84, $12.18, $21.25, $35.26 with a 15% store discount. Local sales tax is 8.0% (tax calculated before discount). About how much is the total?", "split": "test", "exact_value": 69.31}
{"id": "taxes_000481", "topic": "taxes", "subtopic": "post_discount_tax", "prompt": "Cart: $29.51, $7.86, $14.22, $15.68, $57.98. Local sales tax is 6.0% (tax after discount). About how much is the total?", "split": "test", "exact_value": 132.77}
{"id": "taxes_000482", "topic": "taxes", "subtopic": "pre_discount_tax", "prompt": "Cart: $5.98, $55.27. Local sales tax is 8.0% (tax calculated before discount). About how much is the total?", "split": "test", "exact_value": 66.15}
{"id": "taxes_000483", "topic": "taxes", "subtopic": "pre_discount_tax", "prompt": "Cart: $37.38, $30.93, $32.50. Local sales tax is 8.5% (tax calculated before discount). About how much is the total?", "split": "test", "exact_value": 109.38}
{"id": "taxes_000484", "topic": "taxes", "subtopic": "pre_discount_tax", "prompt": "Cart: $19.37, $58.51. Local sales tax is 8.0% (tax calculated before discount). About how much is the total?", "split": "test", "exact_value": 84.11}
{"id": "taxes_000485", "topic": "taxes", "subtopic": "post_discount_tax", "prompt": "Cart: $34.84, $9.92, $58.12 with a 15% store discount. Local sales tax is 8.0% (tax after discount). About how much is the total?", "split": "test", "exact_value": 94.44}
{"id": "taxes_000486", "topic": "taxes", "subtopic": "pre_discount_tax", "prompt": "Cart: $56.18, $56.09, $6.07, $23.29 with a 20% store discount. Local sales tax is 6.0% (tax calculated before discount). About how much is the total?", "split": "test", "exact_value": 121.8}
{"id": "taxes_000487", "topic": "taxes", "subtopic": "post_discount_tax", "prompt": "Cart: $46.36, $33.79, $12.55, $30.53, $33.10 with a 20% store discount. Local sales tax is 6.0% (tax after discount). About how much is the total?", "split": "test", "exact_value": 132.57}
{"id": "taxes_000488", "topic": "taxes", "subtopic": "pre_discount_tax", "prompt": "Cart: $12.34, $3.59, $39.55, $34.79, $41.53 with a 20% store discount. Local sales tax is 7.5% (tax calculated before discount). About how much is the total?", "split": "test", "exact_value": 115.33}
{"id": "taxes_000489", "topic": "taxes", "subtopic": "pre_discount_tax", "prompt": "Cart: $29.37, $23.36, $19.46 with a 10% store discount. Local sales tax is 8.0% (tax calculated before discount). About how much is the total?", "split": "test", "exact_value": 70.75}
{"id": "taxes_000490", "topic": "taxes", "subtopic": "pre_discount_tax", "prompt": "Cart: $6.30, $26.11, $28.54 with a 15% store discount. Local sales tax is 8.5% (tax calculated before discount). About how much is the total?", "split": "test", "exact_value": 56.99}
{"id": "taxes_000491", "topic": "taxes", "subtopic": "pre_discount_tax", "prompt": "Cart: $23.08, $19.54, $34.49, $26.75 with a 15% store discount. Local sales tax is 6.0% (tax calculated before discount). About how much is the total?", "split": "test", "exact_value": 94.51}
{"id": "taxes_000492", "topic": "taxes", "subtopic": "post_discount_tax", "prompt": "Cart: $18.37, $5.49, $28.06, $33.26, $44.35 with a 15% store discount. Local sales tax is 8.0% (tax after discount). About how much is the total?", "split": "test", "exact_value": 118.91}
{"id": "taxes_000493", "topic": "taxes", "subtopic": "pre_discount_tax", "prompt": "Cart: $46.59, $53.96, $8.24, $20.68. Local sales tax is 8.0% (tax calculated before discount). About how much is the total?", "split": "test", "exact_value": 139.83}
{"id": "taxes_000494", "topic": "taxes", "subtopic": "post_discount_tax", "prompt": "Cart: $49.88, $15.20, $20.65, $55.82. Local sales tax is 6.0% (tax after discount). About how much is the total?", "split": "test", "exact_value": 150.04}
{"id": "taxes_000495", "topic": "taxes", "subtopic": "post_discount_tax", "prompt": "Cart: $36.74, $11.77, $44.16 with a 15% store discount. Local sales tax is 7.0% (tax after discount). About how much is the total?", "split": "test", "exact_value": 84.28}
{"id": "taxes_000496", "topic": "taxes", "subtopic": "post_discount_tax", "prompt": "Cart: $22.21, $48.18, $17.06, $30.03, $30.43. Local sales tax is 7.0% (tax after discount). About how much is the total?", "split": "test", "exact_value": 158.26}
{"id": "taxes_000497", "topic": "taxes", "subtopic": "pre_discount_tax", "prompt": "Cart: $24.88, $42.33. Local sales tax is 8.0% (tax calculated before discount). About how much is the total?", "split": "test", "exact_value": 72.59}
{"id": "taxes_000498", "topic": "taxes", "subtopic": "pre_discount_tax", "prompt": "Cart: $9.58, $19.49, $30.64, $12.17, $51.63 with a 15% store discount. Local sales tax is 7.0% (tax calculated before discount). About how much is the total?", "split": "test", "exact_value": 113.63}
{"id": "taxes_000499", "topic": "taxes", "subtopic": "pre_discount_tax", "prompt": "Cart: $57.39, $57.46, $19.88. Local sales tax is 7.5% (tax calculated before discount). About how much is the total?", "split": "test", "exact_value": 144.83}
{"id": "taxes_000500", "topic": "taxes", "subtopic": "pre_discount_tax", "prompt": "Cart: $20.20, $59.57, $32.15, $45.55 with a 10% store discount. Local sales tax is 6.0% (tax calculated before discount). About how much is the total?", "split": "test", "exact_value": 151.17}
{"id": "taxes_000501", "topic": "taxes", "subtopic": "post_discount_tax", "prompt": "Cart: $39.15, $16.87, $32.31, $11.12, $24.82 with a 10% store discount. Local sales tax is 8.0% (tax after discount). About how much is the total?", "split": "test", "exact_value": 120.79}
{"id": "taxes_000502", "topic": "taxes", "subtopic": "pre_discount_tax", "prompt": "Cart: $48.60, $47.10, $17.54. Local sales tax is 7.0% (tax calculated before discount). About how much is the total?", "split": "test", "exact_value": 121.17}
{"id": "taxes_000503", "topic": "taxes", "subtopic": "pre_discount_tax", "prompt": "Cart: $36.27, $19.93 with a 10% store discount. Local sales tax is 7.5% (tax calculated before discount). About how much is the total?", "split": "test", "exact_value": 54.8}
{"id": "taxes_000504", "topic": "taxes", "subtopic": "post_discount_tax", "prompt": "Cart: $59.19, $31.27, $58.50. Local sales tax is 7.5% (tax after discount). About how much is the total?", "split": "test", "exact_value": 160.13}
{"id": "taxes_000505", "topic": "taxes", "subtopic": "post_discount_tax", "prompt": "Cart: $21.24, $18.83, $46.12, $12.11, $38.47 with a 15% store discount. Local sales tax is 7.0% (tax after discount). About how much is the total?", "split": "test", "exact_value": 124.39}
{"id": "taxes_000506", "topic": "taxes", "subtopic": "pre_discount_tax", "prompt": "Cart: $12.35, $22.52, $29.05, $21.98, $26.33 with a 10% store discount. Local sales tax is 6.0% (tax calculated before discount). About how much is the total?", "split": "test", "exact_value": 107.74}
{"id": "taxes_000507", "topic": "taxes", "subtopic": "pre_discount_tax", "prompt": "Cart: $5.60, $16.17, $57.39 with a 15% store discount. Local sales tax is 6.0% (tax calculated before discount). About how much is the total?", "split": "test", "exact_value": 72.04}
{"id": "taxes_000508", "topic": "taxes", "subtopic": "post_discount_tax", "prompt": "Cart: $29.01, $51.40, $57.36, $13.91, $7.94. Local sales tax is 7.5% (tax after discount). About how much is the total?", "split": "test", "exact_value": 171.59}
{"id": "taxes_000509", "topic": "taxes", "subtopic": "post_discount_tax", "prompt": "Cart: $55.64, $51.56. Local sales tax is 7.0% (tax after discount). About how much is the total?", "split": "test", "exact_value": 114.7}
{"id": "taxes_000510", "topic": "taxes", "subtopic": "post_discount_tax", "prompt": "Cart: $26.81, $27.86. Local sales tax is 8.5% (tax after discount). About how much is the total?", "split": "test", "exact_value": 59.32}
{"id": "taxes_000511", "topic": "taxes", "subtopic": "pre_discount_tax", "prompt": "Cart: $36.21, $31.05, $34.75 with a 20% store discount. Local sales tax is 7.5% (tax calculated before discount). About how much is the total?", "split": "test", "exact_value": 89.26}
{"id": "taxes_000512", "topic": "taxes", "subtopic": "pre_discount_tax", "prompt": "Cart: $48.67, $27.01, $21.93, $30.25, $38.04 with a 15% store discount. Local sales tax is 8.5% (tax calculated before discount). About how much is the total?", "split": "test", "exact_value": 155.12}
{"id": "taxes_000513", "topic": "taxes", "subtopic": "post_discount_tax", "prompt": "Cart: $12.26, $11.67, $48.65, $18.15 with a 10% store discount. Local sales tax is 8.5% (tax after discount). About how much is the total?", "split": "test", "exact_value": 88.6}
{"id": "taxes_000514", "topic": "taxes", "subtopic": "post_discount_tax", "prompt": "Cart: $14.30, $7.47, $52.55, $16.75, $7.83. Local sales tax is 7.5% (tax after discount). About how much is the total?", "split": "test", "exact_value": 106.32}
{"id": "taxes_000515", "topic": "taxes", "subtopic": "pre_discount_tax", "prompt": "Cart: $50.81, $52.73. Local sales tax is 8.5% (tax calculated before discount). About how much is the total?", "split": "test", "exact_value": 112.34}
{"id": "taxes_000516", "topic": "taxes", "subtopic": "pre_discount_tax", "prompt": "Cart: $41.86, $39.16, $49.38, $55.47, $48.01 with a 10% store discount. Local sales tax is 8.5% (tax calculated before discount). About how much is the total?", "split": "test", "exact_value": 230.37}
{"id": "taxes_000517", "topic": "taxes", "subtopic": "post_discount_tax", "prompt": "Cart: $25.14, $4.87. Local sales tax is 8.0% (tax after discount). About how much is the total?", "split": "test", "exact_value": 32.41}
{"id": "taxes_000518", "topic": "taxes", "subtopic": "pre_discount_tax", "prompt": "Cart: $49.51, $48.93 with a 10% store discount. Local sales tax is 8.5% (tax calculated before discount). About how much is the total?", "split": "test", "exact_value": 96.96}
{"id": "taxes_000519", "topic": "taxes", "subtopic": "post_discount_tax", "prompt": "Cart: $57.53, $41.71, $11.57, $20.65, $30.96 with a 10% store discount. Local sales tax is 8.5% (tax after discount). About how much is the total?", "split": "test", "exact_value": 158.6}
{"id": "taxes_000520", "topic": "taxes", "subtopic": "post_discount_tax", "prompt": "Cart: $58.23, $15.95 with a 15% store discount. Local sales tax is 6.0% (tax after discount). About how much is the total?", "split": "test", "exact_value": 66.84}
{"id": "taxes_000521", "topic": "taxes", "subtopic": "pre_discount_tax", "prompt": "Cart: $46.18, $32.63, $9.75. Local sales tax is 8.5% (tax calculated before discount). About how much is the total?", "split": "test", "exact_value": 96.09}
{"id": "taxes_000522", "topic": "taxes", "subtopic": "post_discount_tax", "prompt": "Cart: $57.10, $22.80 with a 10% store discount. Local sales tax is 6.0% (tax after discount). About how much is the total?", "split": "test", "exact_value": 76.22}
{"id": "taxes_000523", "topic": "taxes", "subtopic": "pre_discount_tax", "prompt": "Cart: $39.43, $28.63, $36.67, $3.62 with a 20% store discount. Local sales tax is 7.5% (tax calculated before discount). About how much is the total?", "split": "test", "exact_value": 94.81}
{"id": "taxes_000524", "topic": "taxes", "subtopic": "pre_discount_tax", "prompt": "Cart: $26.88, $35.84, $19.02, $6.19 with a 20% store discount. Local sales tax is 8.0% (tax calculated before discount). About how much is the total?", "split": "test", "exact_value": 77.38}
{"id": "taxes_000525", "topic": "taxes", "subtopic": "pre_discount_tax", "prompt": "Cart: $40.81, $31.93, $33.24, $7.40. Local sales tax is 7.0% (tax calculated before discount). About how much is the total?", "split": "test", "exact_value": 121.32}
{"id": "taxes_000526", "topic": "taxes", "subtopic": "post_discount_tax", "prompt": "Cart: $46.60, $25.51, $21.27, $10.56 with a 20% store discount. Local sales tax is 7.0% (tax after discount). About how much is the total?", "split": "test", "exact_value": 88.97}
{"id": "taxes_000527", "topic": "taxes", "subtopic": "post_discount_tax", "prompt": "Cart: $37.37, $48.16, $29.20, $18.62, $16.06 with a 15% store discount. Local sales tax is 8.0% (tax after discount). About how much is the total?", "split": "test", "exact_value": 137.16}
{"id": "taxes_000528", "topic": "taxes", "subtopic": "post_discount_tax", "prompt": "Cart: $3.70, $56.75, $17.44, $9.51, $16.41 with a 15% store discount. Local sales tax is 8.5% (tax after discount). About how much is the total?", "split": "test", "exact_value": 95.74}
{"id": "taxes_000529", "topic": "taxes", "subtopic": "pre_discount_tax", "prompt": "Cart: $49.58, $26.35, $20.47 with a 20% store discount. Local sales tax is 6.0% (tax calculated before discount). About how much is the total?", "split": "test", "exact_value": 82.9}
{"id": "taxes_000530", "topic": "taxes", "subtopic": "pre_discount_tax", "prompt": "Cart: $12.97, $46.38, $28.97. Local sales tax is 7.0% (tax calculated before discount). About how much is the total?", "split": "test", "exact_value": 94.5}
{"id": "taxes_000531", "topic": "taxes", "subtopic": "pre_discount_tax", "prompt": "Cart: $31.11, $57.05, $17.13, $42.22. Local sales tax is 6.0% (tax calculated before discount). About how much is the total?", "split": "test", "exact_value": 156.36}
{"id": "taxes_000532", "topic": "taxes", "subtopic": "pre_discount_tax", "prompt": "Cart: $39.88, $20.18, $47.94, $12.85, $16.25 with a 20% store discount. Local sales tax is 6.0% (tax calculated before discount). About how much is the total?", "split": "test", "exact_value": 117.91}
{"id": "taxes_000533", "topic": "taxes", "subtopic": "post_discount_tax", "prompt": "Cart: $6.96, $28.40 with a 20% store discount. Local sales tax is 8.5% (tax after discount). About how much is the total?", "split": "test", "exact_value": 30.69}
{"id": "taxes_000534", "topic": "taxes", "subtopic": "post_discount_tax", "prompt": "Cart: $53.03, $24.88, $39.40, $36.48 with a 15% store discount. Local sales tax is 8.5% (tax after discount). About how much is the total?", "split": "test", "exact_value": 141.83}
{"id": "taxes_000535", "topic": "taxes", "subtopic": "post_discount_tax", "prompt": "Cart: $29.89, $54.24 with a 20% store discount. Local sales tax is 7.0% (tax after discount). About how much is the total?", "split": "test", "exact_value": 72.02}
{"id": "taxes_000536", "topic": "taxes", "subtopic": "pre_discount_tax", "prompt": "Cart: $59.32, $55.55 with a 20% store discount. Local sales tax is 8.0% (tax calculated before discount). About how much is the total?", "split": "test", "exact_value": 101.09}
{"id": "taxes_000537", "topic": "taxes", "subtopic": "pre_discount_tax", "prompt": "Cart: $28.61, $57.15 with a 20% store discount. Local sales tax is 7.0% (tax calculated before discount). About how much is the total?", "split": "test", "exact_value": 74.61}
{"id": "taxes_000538", "topic": "taxes", "subtopic": "post_discount_tax", "prompt": "Cart: $37.14, $49.20, $49.59, $56.27. Local sales tax is 8.0% (tax after discount). About how much is the total?", "split": "test", "exact_value": 207.58}
{"id": "taxes_000539", "topic": "taxes", "subtopic": "pre_discount_tax", "prompt": "Cart: $28.48, $35.91. Local sales tax is 8.0% (tax calculated before discount). About how much is the total?", "split": "test", "exact_value": 69.54}
{"id": "taxes_000540", "topic": "taxes", "subtopic": "pre_discount_tax", "prompt": "Cart: $38.30, $13.11, $8.73, $19.68 with a 15% store discount. Local sales tax is 6.0% (tax calculated before discount). About how much is the total?", "split": "test", "exact_value": 72.64}
{"id": "taxes_000541", "topic": "taxes", "subtopic": "post_discount_tax", "prompt": "Cart: $28.79, $16.34, $16.67, $40.89, $20.61 with a 20% store discount. Local sales tax is 8.5% (tax after discount). About how much is the total?", "split": "test", "exact_value": 107.02}
{"id": "taxes_000542", "topic": "taxes", "subtopic": "post_discount_tax", "prompt": "Cart: $56.61, $16.42, $59.18, $30.61 with a 10% store discount. Local sales tax is 6.0% (tax after discount). About how much is the total?", "split": "test", "exact_value": 155.33}
{"id": "taxes_000543", "topic": "taxes", "subtopic": "pre_discount_tax", "prompt": "Cart: $17.26, $3.56, $56.42, $6.62 with a 10% store discount. Local sales tax is 8.5% (tax calculated before discount). About how much is the total?", "split": "test", "exact_value": 82.6}
{"id": "taxes_000544", "topic": "taxes", "subtopic": "post_discount_tax", "prompt": "Cart: $58.86, $15.61, $25.29, $9.80, $45.28 with a 20% store discount. Local sales tax is 8.0% (tax after discount). About how much is the total?", "split": "test", "exact_value": 133.78}
{"id": "taxes_000545", "topic": "taxes", "subtopic": "pre_discount_tax", "prompt": "Cart: $59.68, $15.72 with a 15% store discount. Local sales tax is 8.5% (tax calculated before discount). About how much is the total?", "split": "test", "exact_value": 70.5}
{"id": "taxes_000546", "topic": "taxes", "subtopic": "post_discount_tax", "prompt": "Cart: $18.92, $31.48, $44.33 with a 15% store discount. Local sales tax is 7.0% (tax after discount). About how much is the total?", "split": "test", "exact_value": 86.16}
{"id": "taxes_000547", "topic": "taxes", "subtopic": "post_discount_tax", "prompt": "Cart: $58.28, $17.25, $38.62, $52.41 with a 20% store discount. Local sales tax is 8.0% (tax after discount). About how much is the total?", "split": "test", "exact_value": 143.91}
{"id": "taxes_000548", "topic": "taxes", "subtopic": "pre_discount_tax", "prompt": "Cart: $43.11, $59.48, $57.67, $18.94. Local sales tax is 7.0% (tax calculated before discount). About how much is the total?", "split": "test", "exact_value": 191.74}
{"id": "taxes_000549", "topic": "taxes", "subtopic": "post_discount_tax", "prompt": "Cart: $28.37, $5.38, $3.82, $24.05, $39.71 with a 10% store discount. Local sales tax is 8.0% (tax after discount). About how much is the total?", "split": "test", "exact_value": 98.49}
{"id": "taxes_000550", "topic": "taxes", "subtopic": "post_discount_tax", "prompt": "Cart: $37.82, $10.18, $44.01, $25.44, $22.64 with a 10% store discount. Local sales tax is 8.0% (tax after discount). About how much is the total?", "split": "test", "exact_value": 136.17}
{"id": "taxes_000551", "topic": "taxes", "subtopic": "post_discount_tax", "prompt": "Cart: $25.70, $26.13, $49.80, $33.72 with a 20% store discount. Local sales tax is 8.5% (tax after discount). About how much is the total?", "split": "test", "exact_value": 117.48}
{"id": "taxes_000552", "topic": "taxes", "subtopic": "pre_discount_tax", "prompt": "Cart: $56.52, $40.93 with a 15% store discount. Local sales tax is 7.5% (tax calculated before discount). About how much is the total?", "split": "test", "exact_value": 90.14}
{"id": "taxes_000553", "topic": "taxes", "subtopic": "post_discount_tax", "prompt": "Cart: $51.34, $16.53 with a 15% store discount. Local sales tax is 7.0% (tax after discount). About how much is the total?", "split": "test", "exact_value": 61.73}
{"id": "taxes_000554", "topic": "taxes", "subtopic": "pre_discount_tax", "prompt": "Cart: $42.79, $58.98, $44.41, $59.17, $25.95 with a 10% store discount. Local sales tax is 8.5% (tax calculated before discount). About how much is the total?", "split": "test", "exact_value": 227.83}
{"id": "taxes_000555", "topic": "taxes", "subtopic": "post_discount_tax", "prompt": "Cart: $10.62, $50.60, $40.13, $22.09 with a 10% store discount. Local sales tax is 8.5% (tax after discount). About how much is the total?", "split": "test", "exact_value": 120.54}
{"id": "taxes_000556", "topic": "taxes", "subtopic": "post_discount_tax", "prompt": "Cart: $3.89, $41.16. Local sales tax is 6.0% (tax after discount). About how much is the total?", "split": "test", "exact_value": 47.75}
{"id": "taxes_000557", "topic": "taxes", "subtopic": "pre_discount_tax", "prompt": "Cart: $27.45, $26.95, $51.29, $29.46 with a 15% store discount. Local sales tax is 8.5% (tax calculated before discount). About how much is the total?", "split": "test", "exact_value": 126.37}
{"id": "taxes_000558", "topic": "taxes", "subtopic": "post_discount_tax", "prompt": "Cart: $11.36, $8.45. Local sales tax is 7.0% (tax after discount). About how much is the total?", "split": "test", "exact_value": 21.2}
{"id": "taxes_000559", "topic": "taxes", "subtopic": "pre_discount_tax", "prompt": "Cart: $40.51, $14.41, $51.72. Local sales tax is 8.0% (tax calculated before discount). About how much is the total?", "split": "test", "exact_value": 115.17}
{"id": "taxes_000560", "topic": "taxes", "subtopic": "post_discount_tax", "prompt": "Cart: $10.71, $41.56, $15.81, $6.96, $41.08. Local sales tax is 8.5% (tax after discount). About how much is the total?", "split": "test", "exact_value": 125.99}
{"id": "taxes_000561", "topic": "taxes", "subtopic": "post_discount_tax", "prompt": "Cart: $57.09, $17.33, $59.53, $51.86, $56.53 with a 20% store discount. Local sales tax is 7.5% (tax after discount). About how much is the total?", "split": "test", "exact_value": 208.41}
{"id": "taxes_000562", "topic": "taxes", "subtopic": "pre_discount_tax", "prompt": "Cart: $10.63, $7.55, $59.50 with a 10% store discount. Local sales tax is 8.5% (tax calculated before discount). About how much is the total?", "split": "test", "exact_value": 76.51}
{"id": "taxes_000563", "topic": "taxes", "subtopic": "pre_discount_tax", "prompt": "Cart: $26.69, $45.90 with a 20% store discount. Local sales tax is 8.5% (tax calculated before discount). About how much is the total?", "split": "test", "exact_value": 64.24}
{"id": "taxes_000564", "topic": "taxes", "subtopic": "post_discount_tax", "prompt": "Cart: $30.65, $7.06. Local sales tax is 7.0% (tax after discount). About how much is the total?", "split": "test", "exact_value": 40.35}
{"id": "taxes_000565", "topic": "taxes", "subtopic": "pre_discount_tax", "prompt": "Cart: $26.85, $46.69, $42.49 with a 10% store discount. Local sales tax is 8.0% (tax calculated before discount). About how much is the total?", "split": "test", "exact_value": 113.71}
{"id": "taxes_000566", "topic": "taxes", "subtopic": "post_discount_tax", "prompt": "Cart: $21.39, $38.84, $36.88 with a 20% store discount. Local sales tax is 8.0% (tax after discount). About how much is the total?", "split": "test", "exact_value": 83.9}
{"id": "taxes_000567", "topic": "taxes", "subtopic": "post_discount_tax", "prompt": "Cart: $4.33, $17.27, $16.22, $36.11 with a 10% store discount. Local sales tax is 6.0% (tax after discount). About how much is the total?", "split": "test", "exact_value": 70.53}
{"id": "taxes_000568", "topic": "taxes", "subtopic": "pre_discount_tax", "prompt": "Cart: $11.40, $54.32, $11.92, $53.60 with a 20% store discount. Local sales tax is 8.0% (tax calculated before discount). About how much is the total?", "split": "test", "exact_value": 115.49}
{"id": "taxes_000569", "topic": "taxes", "subtopic": "pre_discount_tax", "prompt": "Cart: $24.99, $37.53, $29.54 with a 15% store discount. Local sales tax is 7.5% (tax calculated before discount). About how much is the total?", "split": "test", "exact_value": 85.16}
{"id": "taxes_000570", "topic": "taxes", "subtopic": "pre_discount_tax", "prompt": "Cart: $21.18, $54.74, $26.91 with a 15% store discount. Local sales tax is 7.5% (tax calculated before discount). About how much is the total?", "split": "test", "exact_value": 95.12}
{"id": "taxes_000571", "topic": "taxes", "subtopic": "post_discount_tax", "prompt": "Cart: $46.44, $17.52, $55.57, $39.07 with a 20% store discount. Local sales tax is 8.5% (tax after discount). About how much is the total?", "split": "test", "exact_value": 137.66}
{"id": "taxes_000572", "topic": "taxes", "subtopic": "pre_discount_tax", "prompt": "Cart: $7.69, $47.74 with a 10% store discount. Local sales tax is 7.0% (tax calculated before discount). About how much is the total?", "split": "test", "exact_value": 53.77}
{"id": "taxes_000573", "topic": "taxes", "subtopic": "pre_discount_tax", "prompt": "Cart: $18.04, $37.67, $32.86, $21.60, $31.72 with a 15% store discount. Local sales tax is 6.0% (tax calculated before discount). About how much is the total?", "split": "test", "exact_value": 129.12}
{"id": "taxes_000574", "topic": "taxes", "subtopic": "post_discount_tax", "prompt": "Cart: $37.04, $40.78, $42.72, $47.05 with a 10% store discount. Local sales tax is 8.0% (tax after discount). About how much is the total?", "split": "test", "exact_value": 162.9}
{"id": "taxes_000575", "topic": "taxes", "subtopic": "post_discount_tax", "prompt": "Cart: $55.98, $6.44, $55.60, $36.10, $42.37 with a 15% store discount. Local sales tax is 6.0% (tax after discount). About how much is the total?", "split": "test", "exact_value": 177.04}
{"id": "taxes_000576", "topic": "taxes", "subtopic": "post_discount_tax", "prompt": "Cart: $29.93, $10.06, $13.58 with a 20% store discount. Local sales tax is 8.0% (tax after discount). About how much is the total?", "split": "test", "exact_value": 46.28}
{"id": "taxes_000577", "topic": "taxes", "subtopic": "pre_discount_tax", "prompt": "Cart: $11.73, $21.80, $20.27. Local sales tax is 8.5% (tax calculated before discount). About how much is the total?", "split": "test", "exact_value": 58.37}
{"id": "taxes_000578", "topic": "taxes", "subtopic": "pre_discount_tax", "prompt": "Cart: $22.97, $38.48, $35.57, $31.16 with a 20% store discount. Local sales tax is 7.0% (tax calculated before discount). About how much is the total?", "split": "test", "exact_value": 111.52}
{"id": "taxes_000579", "topic": "taxes", "subtopic": "pre_discount_tax", "prompt": "Cart: $58.68, $51.67, $21.34, $23.05 with a 10% store discount. Local sales tax is 8.5% (tax calculated before discount). About how much is the total?", "split": "test", "exact_value": 152.42}
{"id": "taxes_000580", "topic": "taxes", "subtopic": "post_discount_tax", "prompt": "Cart: $18.71, $8.31, $7.13, $41.65, $59.29. Local sales tax is 8.0% (tax after discount). About how much is the total?", "split": "test", "exact_value": 145.9}
{"id": "taxes_000581", "topic": "taxes", "subtopic": "pre_discount_tax", "prompt": "Cart: $11.88, $23.56, $57.61, $29.65, $27.85 with a 10% store discount. Local sales tax is 6.0% (tax calculated before discount). About how much is the total?", "split": "test", "exact_value": 144.53}
{"id": "taxes_000582", "topic": "taxes", "subtopic": "post_discount_tax", "prompt": "Cart: $44.75, $12.55, $15.24, $48.49. Local sales tax is 8.5% (tax after discount). About how much is the total?", "split": "test", "exact_value": 131.32}
{"id": "taxes_000583", "topic": "taxes", "subtopic": "post_discount_tax", "prompt": "Cart: $57.52, $5.30, $57.04, $43.01, $36.15 with a 15% store discount. Local sales tax is 7.0% (tax after discount). About how much is the total?", "split": "test", "exact_value": 181.01}
{"id": "taxes_000584", "topic": "taxes", "subtopic": "pre_discount_tax", "prompt": "Cart: $16.10, $54.85, $52.33, $48.65, $5.71 with a 10% store discount. Local sales tax is 8.0% (tax calculated before discount). About how much is the total?", "split": "test", "exact_value": 174.09}
{"id": "taxes_000585", "topic": "taxes", "subtopic": "pre_discount_tax", "prompt": "Cart: $39.46, $16.46, $27.60 with a 15% store discount. Local sales tax is 7.5% (tax calculated before discount). About how much is the total?", "split": "test", "exact_value": 77.26}
{"id": "taxes_000586", "topic": "taxes", "subtopic": "post_discount_tax", "prompt": "Cart: $13.88, $30.15, $3.86 with a 20% store discount. Local sales tax is 8.5% (tax after discount). About how much is the total?", "split": "test", "exact_value": 41.57}
{"id": "taxes_000587", "topic": "taxes", "subtopic": "pre_discount_tax", "prompt": "Cart: $11.27, $30.04, $50.36, $7.41 with a 20% store discount. Local sales tax is 7.0% (tax calculated before discount). About how much is the total?", "split": "test", "exact_value": 86.2}
{"id": "taxes_000588", "topic": "taxes", "subtopic": "post_discount_tax", "prompt": "Cart: $39.04, $21.92, $12.36 with a 15% store discount. Local sales tax is 7.5% (tax after discount). About how much is the total?", "split": "test", "exact_value": 67.0}
{"id": "taxes_000589", "topic": "taxes", "subtopic": "post_discount_tax", "prompt": "Cart: $42.16, $4.59. Local sales tax is 7.5% (tax after discount). About how much is the total?", "split": "test", "exact_value": 50.26}
{"id": "taxes_000590", "topic": "taxes", "subtopic": "pre_discount_tax", "prompt": "Cart: $38.43, $42.40 with a 10% store discount. Local sales tax is 7.5% (tax calculated before discount). About how much is the total?", "split": "test", "exact_value": 78.81}
{"id": "taxes_000591", "topic": "taxes", "subtopic": "pre_discount_tax", "prompt": "Cart: $53.05, $15.24, $6.18, $15.34, $4.10 with a 10% store discount. Local sales tax is 8.0% (tax calculated before discount). About how much is the total?", "split": "test", "exact_value": 92.03}
{"id": "taxes_000592", "topic": "taxes", "subtopic": "pre_discount_tax", "prompt": "Cart: $21.70, $12.17, $40.45. Local sales tax is 7.0% (tax calculated before discount). About how much is the total?", "split": "test", "exact_value": 79.52}
{"id": "taxes_000593", "topic": "taxes", "subtopic": "pre_discount_tax", "prompt": "Cart: $42.07, $53.05, $39.64, $14.65 with a 15% store discount. Local sales tax is 8.0% (tax calculated before discount). About how much is the total?", "split": "test", "exact_value": 138.95}
{"id": "taxes_000594", "topic": "taxes", "subtopic": "pre_discount_tax", "prompt": "Cart: $58.89, $46.85. Local sales tax is 7.0% (tax calculated before discount). About how much is the total?", "split": "test", "exact_value": 113.14}
{"id": "taxes_000595", "topic": "taxes", "subtopic": "pre_discount_tax", "prompt": "Cart: $43.57, $15.98, $27.33, $54.33, $27.57 with a 20% store discount. Local sales tax is 8.0% (tax calculated before discount). About how much is the total?", "split": "test", "exact_value": 148.53}
{"id": "taxes_000596", "topic": "taxes", "subtopic": "post_discount_tax", "prompt": "Cart: $17.54, $51.97 with a 15% store discount. Local sales tax is 7.5% (tax after discount). About how much is the total?", "split": "test", "exact_value": 63.51}
{"id": "taxes_000597", "topic": "taxes", "subtopic": "post_discount_tax", "prompt": "Cart: $7.12, $4.56, $9.12, $25.58 with a 20% store discount. Local sales tax is 8.5% (tax after discount). About how much is the total?", "split": "test", "exact_value": 40.26}
{"id": "taxes_000598", "topic": "taxes", "subtopic": "pre_discount_tax", "prompt": "Cart: $42.24, $19.73. Local sales tax is 7.5% (tax calculated before discount). About how much is the total?", "split": "test", "exact_value": 66.62}
{"id": "taxes_000599", "topic": "taxes", "subtopic": "pre_discount_tax", "prompt": "Cart: $44.67, $8.86, $26.50, $11.55 with a 10% store discount. Local sales tax is 8.0% (tax calculated before discount). About how much is the total?", "split": "test", "exact_value": 89.75}
{"id": "taxes_000600", "topic": "taxes", "subtopic": "pre_discount_tax", "prompt": "Cart: $20.20, $10.21, $3.83 with a 20% store discount. Local sales tax is 6.0% (tax calculated before discount). About how much is the total?", "split": "test", "exact_value": 29.45}
{"id": "taxes_000601", "topic": "taxes", "subtopic": "post_discount_tax", "prompt": "Cart: $44.78, $47.16 with a 15% store discount. Local sales tax is 6.0% (tax after discount). About how much is the total?", "split": "test", "exact_value": 82.84}
{"id": "taxes_000602", "topic": "taxes", "subtopic": "pre_discount_tax", "prompt": "Cart: $24.53, $42.93, $42.83, $11.01. Local sales tax is 8.5% (tax calculated before discount). About how much is the total?", "split": "test", "exact_value": 131.61}
{"id": "taxes_000603", "topic": "taxes", "subtopic": "post_discount_tax", "prompt": "Cart: $59.09, $40.10, $39.42 with a 15% store discount. Local sales tax is 7.0% (tax after discount). About how much is the total?", "split": "test", "exact_value": 126.07}
{"id": "taxes_000604", "topic": "taxes", "subtopic": "post_discount_tax", "prompt": "Cart: $57.43, $51.56 with a 20% store discount. Local sales tax is 7.5% (tax after discount). About how much is the total?", "split": "test", "exact_value": 93.73}
{"id": "taxes_000605", "topic": "taxes", "subtopic": "post_discount_tax", "prompt": "Cart: $56.51, $45.65, $41.70 with a 15% store discount. Local sales tax is 8.5% (tax after discount). About how much is the total?", "split": "test", "exact_value": 132.67}
{"id": "taxes_000606", "topic": "taxes", "subtopic": "pre_discount_tax", "prompt": "Cart: $8.40, $55.17 with a 15% store discount. Local sales tax is 7.0% (tax calculated before discount). About how much is the total?", "split": "test", "exact_value": 58.48}
{"id": "taxes_000607", "topic": "taxes", "subtopic": "post_discount_tax", "prompt": "Cart: $50.66, $29.65, $43.27, $34.69, $13.50 with a 10% store discount. Local sales tax is 6.0% (tax after discount). About how much is the total?", "split": "test", "exact_value": 163.87}
{"id": "taxes_000608", "topic": "taxes", "subtopic": "pre_discount_tax", "prompt": "Cart: $19.10, $36.69, $58.26, $4.61, $54.82. Local sales tax is 7.5% (tax calculated before discount). About how much is the total?", "split": "test", "exact_value": 186.49}
{"id": "taxes_000609", "topic": "taxes", "subtopic": "post_discount_tax", "prompt": "Cart: $50.77, $27.88 with a 10% store discount. Local sales tax is 7.5% (tax after discount). About how much is the total?", "split": "test", "exact_value": 76.09}
{"id": "taxes_000610", "topic": "taxes", "subtopic": "pre_discount_tax", "prompt": "Cart: $24.28, $43.18, $57.71 with a 15% store discount. Local sales tax is 7.5% (tax calculated before discount). About how much is the total?", "split": "test", "exact_value": 115.78}
{"id": "taxes_000611", "topic": "taxes", "subtopic": "pre_discount_tax", "prompt": "Cart: $21.91, $48.32 with a 20% store discount. Local sales tax is 8.5% (tax calculated before discount). About how much is the total?", "split": "test", "exact_value": 62.15}
{"id": "taxes_000612", "topic": "taxes", "subtopic": "post_discount_tax", "prompt": "Cart: $28.63, $37.37, $59.00, $8.48 with a 20% store discount. Local sales tax is 7.0% (tax after discount). About how much is the total?", "split": "test", "exact_value": 114.26}
{"id": "taxes_000613", "topic": "taxes", "subtopic": "pre_discount_tax", "prompt": "Cart: $43.53, $46.35 with a 20% store discount. Local sales tax is 8.0% (tax calculated before discount). About how much is the total?", "split": "test", "exact_value": 79.09}
{"id": "taxes_000614", "topic": "taxes", "subtopic": "pre_discount_tax", "prompt": "Cart: $52.87, $21.86, $52.53, $9.37, $59.84 with a 15% store discount. Local sales tax is 6.0% (tax calculated before discount). About how much is the total?", "split": "test", "exact_value": 178.79}
{"id": "taxes_000615", "topic": "taxes", "subtopic": "post_discount_tax", "prompt": "Cart: $48.58, $9.65 with a 10% store discount. Local sales tax is 7.5% (tax after discount). About how much is the total?", "split": "test", "exact_value": 56.34}
{"id": "taxes_000616", "topic": "taxes", "subtopic": "pre_discount_tax", "prompt": "Cart: $47.37, $14.87 with a 20% store discount. Local sales tax is 8.5% (tax calculated before discount). About how much is the total?", "split": "test", "exact_value": 55.08}
{"id": "taxes_000617", "topic": "taxes", "subtopic": "pre_discount_tax", "prompt": "Cart: $55.21, $14.55 with a 20% store discount. Local sales tax is 8.0% (tax calculated before discount). About how much is the total?", "split": "test", "exact_value": 61.39}
{"id": "taxes_000618", "topic": "taxes", "subtopic": "pre_discount_tax", "prompt": "Cart: $41.44, $39.40, $53.67 with a 10% store discount. Local sales tax is 8.5% (tax calculated before discount). About how much is the total?", "split": "test", "exact_value": 132.49}
{"id": "taxes_000619", "topic": "taxes", "subtopic": "pre_discount_tax", "prompt": "Cart: $19.35, $54.48, $45.33, $45.74, $44.76 with a 20% store discount. Local sales tax is 8.5% (tax calculated before discount). About how much is the total?", "split": "test", "exact_value": 185.55}
{"id": "taxes_000620", "topic": "taxes", "subtopic": "pre_discount_tax", "prompt": "Cart: $9.43, $54.70, $22.04, $25.75, $6.24 with a 10% store discount. Local sales tax is 7.0% (tax calculated before discount). About how much is the total?", "split": "test", "exact_value": 114.62}
{"id": "taxes_000621", "topic": "taxes", "subtopic": "post_discount_tax", "prompt": "Cart: $53.35, $11.71, $24.14, $39.80 with a 20% store discount. Local sales tax is 8.5% (tax after discount). About how much is the total?", "split": "test", "exact_value": 111.97}
{"id": "taxes_000622", "topic": "taxes", "subtopic": "pre_discount_tax", "prompt": "Cart: $47.33, $58.25, $29.90, $42.85. Local sales tax is 6.0% (tax calculated before discount). About how much is the total?", "split": "test", "exact_value": 189.03}
{"id": "taxes_000623", "topic": "taxes", "subtopic": "pre_discount_tax", "prompt": "Cart: $16.89, $36.68, $38.26, $58.87, $51.50 with a 15% store discount. Local sales tax is 7.5% (tax calculated before discount). About how much is the total?", "split": "test", "exact_value": 187.04}
{"id": "taxes_000624", "topic": "taxes", "subtopic": "post_discount_tax", "prompt": "Cart: $42.14, $39.80, $17.76, $48.69, $19.15 with a 20% store discount. Local sales tax is 6.0% (tax after discount). About how much is the total?", "split": "test", "exact_value": 142.07}
{"id": "taxes_000625", "topic": "taxes", "subtopic": "post_discount_tax", "prompt": "Cart: $45.52, $11.14, $39.66 with a 15% store discount. Local sales tax is 7.5% (tax after discount). About how much is the total?", "split": "test", "exact_value": 88.01}
{"id": "taxes_000626", "topic": "taxes", "subtopic": "pre_discount_tax", "prompt": "Cart: $46.92, $50.40, $59.62, $9.66. Local sales tax is 8.0% (tax calculated before discount). About how much is the total?", "split": "test", "exact_value": 179.93}
{"id": "taxes_000627", "topic": "taxes", "subtopic": "post_discount_tax", "prompt": "Cart: $22.75, $40.34, $32.61 with a 15% store discount. Local sales tax is 8.5% (tax after discount). About how much is the total?", "split": "test", "exact_value": 88.26}
{"id": "taxes_000628", "topic": "taxes", "subtopic": "pre_discount_tax", "prompt": "Cart: $49.39, $43.27, $35.83, $27.74, $32.09 with a 20% store discount. Local sales tax is 7.5% (tax calculated before discount). About how much is the total?", "split": "test", "exact_value": 164.78}
{"id": "taxes_000629", "topic": "taxes", "subtopic": "pre_discount_tax", "prompt": "Cart: $22.13, $41.12, $48.54, $7.56, $30.44 with a 10% store discount. Local sales tax is 7.5% (tax calculated before discount). About how much is the total?", "split": "test", "exact_value": 146.05}
{"id": "taxes_000630", "topic": "taxes", "subtopic": "post_discount_tax", "prompt": "Cart: $31.11, $57.46. Local sales tax is 7.0% (tax after discount). About how much is the total?", "split": "test", "exact_value": 94.77}
{"id": "taxes_000631", "topic": "taxes", "subtopic": "post_discount_tax", "prompt": "Cart: $49.05, $50.96 with a 20% store discount. Local sales tax is 8.0% (tax after discount). About how much is the total?", "split": "test", "exact_value": 86.41}
{"id": "taxes_000632", "topic": "taxes", "subtopic": "pre_discount_tax", "prompt": "Cart: $21.36, $4.93, $38.88 with a 10% store discount. Local sales tax is 8.0% (tax calculated before discount). About how much is the total?", "split": "test", "exact_value": 63.87}
{"id": "taxes_000633", "topic": "taxes", "subtopic": "post_discount_tax", "prompt": "Cart: $11.89, $14.64, $43.70 with a 15% store discount. Local sales tax is 7.5% (tax after discount). About how much is the total?", "split": "test", "exact_value": 64.17}
{"id": "taxes_000634", "topic": "taxes", "subtopic": "pre_discount_tax", "prompt": "Cart: $54.58, $26.59, $36.70 with a 10% store discount. Local sales tax is 7.5% (tax calculated before discount). About how much is the total?", "split": "test", "exact_value": 114.92}
{"id": "taxes_000635", "topic": "taxes", "subtopic": "post_discount_tax", "prompt": "Cart: $44.62, $16.16 with a 20% store discount. Local sales tax is 7.0% (tax after discount). About how much is the total?", "split": "test", "exact_value": 52.03}
{"id": "taxes_000636", "topic": "taxes", "subtopic": "post_discount_tax", "prompt": "Cart: $12.45, $16.93, $42.72. Local sales tax is 7.5% (tax after discount). About how much is the total?", "split": "test", "exact_value": 77.51}
{"id": "taxes_000637", "topic": "taxes", "subtopic": "post_discount_tax", "prompt": "Cart: $12.30, $37.06, $6.52, $11.38, $10.72 with a 20% store discount. Local sales tax is 7.5% (tax after discount). About how much is the total?", "split": "test", "exact_value": 67.06}
{"id": "taxes_000638", "topic": "taxes", "subtopic": "post_discount_tax", "prompt": "Cart: $19.99, $48.25. Local sales tax is 7.5% (tax after discount). About how much is the total?", "split": "test", "exact_value": 73.36}
{"id": "taxes_000639", "topic": "taxes", "subtopic": "pre_discount_tax", "prompt": "Cart: $21.23, $22.96, $29.00, $59.35. Local sales tax is 7.0% (tax calculated before discount). About how much is the total?", "split": "test", "exact_value": 141.82}
{"id": "taxes_000640", "topic": "taxes", "subtopic": "pre_discount_tax", "prompt": "Cart: $9.91, $17.70, $14.48, $58.54, $18.49 with a 15% store discount. Local sales tax is 7.5% (tax calculated before discount). About how much is the total?", "split": "test", "exact_value": 110.19}
{"id": "taxes_000641", "topic": "taxes", "subtopic": "post_discount_tax", "prompt": "Cart: $9.77, $12.54, $34.62, $17.57, $40.93 with a 10% store discount. Local sales tax is 6.0% (tax after discount). About how much is the total?", "split": "test", "exact_value": 110.12}
{"id": "taxes_000642", "topic": "taxes", "subtopic": "post_discount_tax", "prompt": "Cart: $51.10, $21.85 with a 20% store discount. Local sales tax is 8.0% (tax after discount). About how much is the total?", "split": "test", "exact_value": 63.03}
{"id": "taxes_000643", "topic": "taxes", "subtopic": "pre_discount_tax", "prompt": "Cart: $13.03, $11.93, $58.77. Local sales tax is 7.0% (tax calculated before discount). About how much is the total?", "split": "test", "exact_value": 89.59}
{"id": "taxes_000644", "topic": "taxes", "subtopic": "post_discount_tax", "prompt": "Cart: $20.22, $27.18, $42.76, $17.52, $3.74 with a 15% store discount. Local sales tax is 7.5% (tax after discount). About how much is the total?", "split": "test", "exact_value": 101.81}
{"id": "taxes_000645", "topic": "taxes", "subtopic": "post_discount_tax", "prompt": "Cart: $49.33, $22.71, $22.30, $10.61 with a 10% store discount. Local sales tax is 8.0% (tax after discount). About how much is the total?", "split": "test", "exact_value": 102.01}
{"id": "taxes_000646", "topic": "taxes", "subtopic": "post_discount_tax", "prompt": "Cart: $3.86, $31.65, $46.89, $37.71, $41.47 with a 10% store discount. Local sales tax is 7.0% (tax after discount). About how much is the total?", "split": "test", "exact_value": 155.6}
{"id": "taxes_000647", "topic": "taxes", "subtopic": "pre_discount_tax", "prompt": "Cart: $26.65, $59.21, $36.07, $37.42, $18.34. Local sales tax is 8.0% (tax calculated before discount). About how much is the total?", "split": "test", "exact_value": 191.91}
{"id": "taxes_000648", "topic": "taxes", "subtopic": "pre_discount_tax", "prompt": "Cart: $42.72, $50.09, $26.11 with a 10% store discount. Local sales tax is 8.0% (tax calculated before discount). About how much is the total?", "split": "test", "exact_value": 116.54}
{"id": "taxes_000649", "topic": "taxes", "subtopic": "post_discount_tax", "prompt": "Cart: $13.87, $42.23. Local sales tax is 7.0% (tax after discount). About how much is the total?", "split": "test", "exact_value": 60.03}
{"id": "taxes_000650", "topic": "taxes", "subtopic": "post_discount_tax", "prompt": "Cart: $57.10, $41.71, $26.11, $29.36. Local sales tax is 8.5% (tax after discount). About how much is the total?", "split": "test", "exact_value": 167.39}
{"id": "taxes_000651", "topic": "taxes", "subtopic": "post_discount_tax", "prompt": "Cart: $4.83, $44.24, $57.51, $41.81, $13.24 with a 10% store discount. Local sales tax is 6.0% (tax after discount). About how much is the total?", "split": "test", "exact_value": 154.2}
{"id": "taxes_000652", "topic": "taxes", "subtopic": "pre_discount_tax", "prompt": "Cart: $20.97, $5.36, $28.15, $30.36. Local sales tax is 7.0% (tax calculated before discount). About how much is the total?", "split": "test", "exact_value": 90.78}
{"id": "taxes_000653", "topic": "taxes", "subtopic": "post_discount_tax", "prompt": "Cart: $44.63, $34.63, $14.43 with a 10% store discount. Local sales tax is 7.0% (tax after discount). About how much is the total?", "split": "test", "exact_value": 90.22}
{"id": "taxes_000654", "topic": "taxes", "subtopic": "pre_discount_tax", "prompt": "Cart: $36.15, $24.84, $40.15. Local sales tax is 7.0% (tax calculated before discount). About how much is the total?", "split": "test", "exact_value": 108.22}
{"id": "taxes_000655", "topic": "taxes", "subtopic": "pre_discount_tax", "prompt": "Cart: $16.16, $30.63, $12.51, $55.45. Local sales tax is 6.0% (tax calculated before discount). About how much is the total?", "split": "test", "exact_value": 121.64}
{"id": "taxes_000656", "topic": "taxes", "subtopic": "pre_discount_tax", "prompt": "Cart: $32.36, $40.35, $28.60 with a 10% store discount. Local sales tax is 7.5% (tax calculated before discount). About how much is the total?", "split": "test", "exact_value": 98.78}
{"id": "taxes_000657", "topic": "taxes", "subtopic": "post_discount_tax", "prompt": "Cart: $21.32, $38.55 with a 20% store discount. Local sales tax is 7.5% (tax after discount). About how much is the total?", "split": "test", "exact_value": 51.49}
{"id": "taxes_000658", "topic": "taxes", "subtopic": "post_discount_tax", "prompt": "Cart: $53.81, $56.23, $7.00 with a 10% store discount. Local sales tax is 7.0% (tax after discount). About how much is the total?", "split": "test", "exact_value": 112.71}
{"id": "taxes_000659", "topic": "taxes", "subtopic": "pre_discount_tax", "prompt": "Cart: $57.73, $58.91 with a 20% store discount. Local sales tax is 7.0% (tax calculated before discount). About how much is the total?", "split": "test", "exact_value": 101.48}
{"id": "taxes_000660", "topic": "taxes", "subtopic": "pre_discount_tax", "prompt": "Cart: $18.11, $43.25, $24.15, $36.24 with a 15% store discount. Local sales tax is 7.0% (tax calculated before discount). About how much is the total?", "split": "test", "exact_value": 112.01}
{"id": "taxes_000661", "topic": "taxes", "subtopic": "post_discount_tax", "prompt": "Cart: $4.23, $35.57, $49.73, $49.93, $40.03 with a 20% store discount. Local sales tax is 7.5% (tax after discount). About how much is the total?", "split": "test", "exact_value": 154.36}
{"id": "taxes_000662", "topic": "taxes", "subtopic": "pre_discount_tax", "prompt": "Cart: $55.29, $59.95, $13.48, $29.54 with a 20% store discount. Local sales tax is 8.0% (tax calculated before discount). About how much is the total?", "split": "test", "exact_value": 139.27}
{"id": "taxes_000663", "topic": "taxes", "subtopic": "post_discount_tax", "prompt": "Cart: $31.45, $54.69, $18.23, $28.44, $49.28 with a 15% store discount. Local sales tax is 8.5% (tax after discount). About how much is the total?", "split": "test", "exact_value": 167.93}
{"id": "taxes_000664", "topic": "taxes", "subtopic": "post_discount_tax", "prompt": "Cart: $30.53, $29.38, $52.51, $59.65 with a 10% store discount. Local sales tax is 6.0% (tax after discount). About how much is the total?", "split": "test", "exact_value": 164.15}
{"id": "taxes_000665", "topic": "taxes", "subtopic": "post_discount_tax", "prompt": "Cart: $34.33, $12.25, $33.01 with a 10% store discount. Local sales tax is 8.5% (tax after discount). About how much is the total?", "split": "test", "exact_value": 77.72}
{"id": "taxes_000666", "topic": "taxes", "subtopic": "pre_discount_tax", "prompt": "Cart: $42.31, $7.51, $39.87, $24.83, $10.24. Local sales tax is 6.0% (tax calculated before discount). About how much is the total?", "split": "test", "exact_value": 132.25}
{"id": "taxes_000667", "topic": "taxes", "subtopic": "post_discount_tax", "prompt": "Cart: $52.40, $7.70, $32.64. Local sales tax is 8.0% (tax after discount). About how much is the total?", "split": "test", "exact_value": 100.16}
{"id": "taxes_000668", "topic": "taxes", "subtopic": "post_discount_tax", "prompt": "Cart: $44.66, $25.97, $32.61, $48.40, $7.69 with a 20% store discount. Local sales tax is 8.0% (tax after discount). About how much is the total?", "split": "test", "exact_value": 137.66}
{"id": "taxes_000669", "topic": "taxes", "subtopic": "post_discount_tax", "prompt": "Cart: $58.26, $36.10, $24.26, $7.11, $29.83 with a 10% store discount. Local sales tax is 8.5% (tax after discount). About how much is the total?", "split": "test", "exact_value": 151.9}
{"id": "taxes_000670", "topic": "taxes", "subtopic": "pre_discount_tax", "prompt": "Cart: $46.48, $59.80, $11.03 with a 10% store discount. Local sales tax is 7.5% (tax calculated before discount). About how much is the total?", "split": "test", "exact_value": 114.38}
{"id": "taxes_000671", "topic": "taxes", "subtopic": "post_discount_tax", "prompt": "Cart: $8.19, $26.03, $4.51, $36.08 with a 15% store discount. Local sales tax is 6.0% (tax after discount). About how much is the total?", "split": "test", "exact_value": 67.4}
{"id": "taxes_000672", "topic": "taxes", "subtopic": "pre_discount_tax", "prompt": "Cart: $3.65, $43.18, $30.12, $42.60, $47.53 with a 20% store discount. Local sales tax is 8.0% (tax calculated before discount). About how much is the total?", "split": "test", "exact_value": 147.03}
{"id": "taxes_000673", "topic": "taxes", "subtopic": "pre_discount_tax", "prompt": "Cart: $13.13, $30.58, $40.15, $44.43 with a 20% store discount. Local sales tax is 6.0% (tax calculated before discount). About how much is the total?", "split": "test", "exact_value": 110.33}
{"id": "taxes_000674", "topic": "taxes", "subtopic": "post_discount_tax", "prompt": "Cart: $19.59, $16.20 with a 15% store discount. Local sales tax is 8.5% (tax after discount). About how much is the total?", "split": "test", "exact_value": 33.01}
{"id": "taxes_000675", "topic": "taxes", "subtopic": "post_discount_tax", "prompt": "Cart: $29.09, $12.06, $55.02, $26.78, $41.33. Local sales tax is 7.5% (tax after discount). About how much is the total?", "split": "test", "exact_value": 176.6}
{"id": "taxes_000676", "topic": "taxes", "subtopic": "pre_discount_tax", "prompt": "Cart: $55.83, $35.73. Local sales tax is 6.0% (tax calculated before discount). About how much is the total?", "split": "test", "exact_value": 97.05}
{"id": "taxes_000677", "topic": "taxes", "subtopic": "post_discount_tax", "prompt": "Cart: $49.55, $31.53. Local sales tax is 7.5% (tax after discount). About how much is the total?", "split": "test", "exact_value": 87.16}
{"id": "taxes_000678", "topic": "taxes", "subtopic": "pre_discount_tax", "prompt": "Cart: $24.52, $11.89 with a 20% store discount. Local sales tax is 7.5% (tax calculated before discount). About how much is the total?", "split": "test", "exact_value": 31.86}
{"id": "taxes_000679", "topic": "taxes", "subtopic": "pre_discount_tax", "prompt": "Cart: $43.23, $38.39, $5.34 with a 10% store discount. Local sales tax is 6.0% (tax calculated before discount). About how much is the total?", "split": "test", "exact_value": 83.48}
{"id": "taxes_000680", "topic": "taxes", "subtopic": "post_discount_tax", "prompt": "Cart: $54.59, $48.16, $30.24, $40.13 with a 10% store discount. Local sales tax is 7.5% (tax after discount). About how much is the total?", "split": "test", "exact_value": 167.49}
{"id": "taxes_000681", "topic": "taxes", "subtopic": "post_discount_tax", "prompt": "Cart: $37.11, $45.78, $28.99, $20.96 with a 15% store discount. Local sales tax is 7.0% (tax after discount). About how much is the total?", "split": "test", "exact_value": 120.82}
{"id": "taxes_000682", "topic": "taxes", "subtopic": "pre_discount_tax", "prompt": "Cart: $40.96, $41.94, $46.63, $18.06, $40.13 with a 15% store discount. Local sales tax is 6.0% (tax calculated before discount). About how much is the total?", "split": "test", "exact_value": 170.83}
{"id": "taxes_000683", "topic": "taxes", "subtopic": "pre_discount_tax", "prompt": "Cart: $19.55, $23.22, $44.10, $28.40, $5.71. Local sales tax is 7.5% (tax calculated before discount). About how much is the total?", "split": "test", "exact_value": 130.05}
{"id": "taxes_000684", "topic": "taxes", "subtopic": "pre_discount_tax", "prompt": "Cart: $29.40, $47.62, $38.10 with a 20% store discount. Local sales tax is 7.0% (tax calculated before discount). About how much is the total?", "split": "test", "exact_value": 100.15}
{"id": "taxes_000685", "topic": "taxes", "subtopic": "post_discount_tax", "prompt": "Cart: $45.39, $47.08, $42.29, $28.76, $33.64. Local sales tax is 8.0% (tax after discount). About how much is the total?", "split": "test", "exact_value": 212.93}
{"id": "taxes_000686", "topic": "taxes", "subtopic": "post_discount_tax", "prompt": "Cart: $31.54, $8.48, $48.45, $20.51 with a 15% store discount. Local sales tax is 6.0% (tax after discount). About how much is the total?", "split": "test", "exact_value": 98.19}
{"id": "taxes_000687", "topic": "taxes", "subtopic": "post_discount_tax", "prompt": "Cart: $32.66, $7.94, $18.91, $38.08, $32.62 with a 15% store discount. Local sales tax is 7.0% (tax after discount). About how much is the total?", "split": "test", "exact_value": 118.43}
{"id": "taxes_000688", "topic": "taxes", "subtopic": "post_discount_tax", "prompt": "Cart: $19.49, $6.04, $23.57 with a 15% store discount. Local sales tax is 7.5% (tax after discount). About how much is the total?", "split": "test", "exact_value": 44.87}
{"id": "taxes_000689", "topic": "taxes", "subtopic": "post_discount_tax", "prompt": "Cart: $35.41, $36.12 with a 10% store discount. Local sales tax is 8.0% (tax after discount). About how much is the total?", "split": "test", "exact_value": 69.53}
{"id": "taxes_000690", "topic": "taxes", "subtopic": "pre_discount_tax", "prompt": "Cart: $24.61, $17.25, $11.70, $28.43. Local sales tax is 8.5% (tax calculated before discount). About how much is the total?", "split": "test", "exact_value": 88.96}
{"id": "taxes_000691", "topic": "taxes", "subtopic": "pre_discount_tax", "prompt": "Cart: $8.60, $57.89 with a 15% store discount. Local sales tax is 8.5% (tax calculated before discount). About how much is the total?", "split": "test", "exact_value": 62.17}
{"id": "taxes_000692", "topic": "taxes", "subtopic": "pre_discount_tax", "prompt": "Cart: $26.68, $27.46, $32.40, $34.79 with a 10% store discount. Local sales tax is 7.5% (tax calculated before discount). About how much is the total?", "split": "test", "exact_value": 118.3}
{"id": "taxes_000693", "topic": "taxes", "subtopic": "pre_discount_tax", "prompt": "Cart: $17.21, $50.20. Local sales tax is 8.0% (tax calculated before discount). About how much is the total?", "split": "test", "exact_value": 72.8}
{"id": "taxes_000694", "topic": "taxes", "subtopic": "pre_discount_tax", "prompt": "Cart: $49.75, $29.14 with a 15% store discount. Local sales tax is 7.0% (tax calculated before discount). About how much is the total?", "split": "test", "exact_value": 72.58}
{"id": "taxes_000695", "topic": "taxes", "subtopic": "pre_discount_tax", "prompt": "Cart: $53.48, $11.84 with a 15% store discount. Local sales tax is 8.0% (tax calculated before discount). About how much is the total?", "split": "test", "exact_value": 60.75}
{"id": "taxes_000696", "topic": "taxes", "subtopic": "pre_discount_tax", "prompt": "Cart: $38.31, $57.07, $40.93, $11.08 with a 15% store discount. Local sales tax is 7.5% (tax calculated before discount). About how much is the total?", "split": "test", "exact_value": 136.34}
{"id": "taxes_000697", "topic": "taxes", "subtopic": "post_discount_tax", "prompt": "Cart: $49.97, $32.70, $53.46. Local sales tax is 8.0% (tax after discount). About how much is the total?", "split": "test", "exact_value": 147.02}
{"id": "taxes_000698", "topic": "taxes", "subtopic": "pre_discount_tax", "prompt": "Cart: $51.73, $48.94 with a 15% store discount. Local sales tax is 8.0% (tax calculated before discount). About how much is the total?", "split": "test", "exact_value": 93.62}
{"id": "taxes_000699", "topic": "taxes", "subtopic": "post_discount_tax", "prompt": "Cart: $20.73, $3.77, $13.35, $17.50, $29.24 with a 20% store discount. Local sales tax is 6.0% (tax after discount). About how much is the total?", "split": "test", "exact_value": 71.73}
{"id": "taxes_000700", "topic": "taxes", "subtopic": "post_discount_tax", "prompt": "Cart: $59.24, $53.19, $8.04, $27.77, $29.37 with a 15% store discount. Local sales tax is 8.0% (tax after discount). About how much is the total?", "split": "test", "exact_value": 163.05}
{"id": "taxes_000701", "topic": "taxes", "subtopic": "pre_discount_tax", "prompt": "Cart: $22.93, $11.63, $50.51, $13.71 with a 20% store discount. Local sales tax is 8.0% (tax calculated before discount). About how much is the total?", "split": "test", "exact_value": 86.93}
{"id": "taxes_000702", "topic": "taxes", "subtopic": "post_discount_tax", "prompt": "Cart: $56.64, $22.17, $19.24, $32.46, $53.41. Local sales tax is 7.5% (tax after discount). About how much is the total?", "split": "test", "exact_value": 197.71}
{"id": "taxes_000703", "topic": "taxes", "subtopic": "pre_discount_tax", "prompt": "Cart: $3.73, $55.36, $55.82, $11.18 with a 10% store discount. Local sales tax is 8.5% (tax calculated before discount). About how much is the total?", "split": "test", "exact_value": 124.2}
{"id": "taxes_000704", "topic": "taxes", "subtopic": "post_discount_tax", "prompt": "Cart: $42.55, $57.87 with a 10% store discount. Local sales tax is 8.0% (tax after discount). About how much is the total?", "split": "test", "exact_value": 97.61}
{"id": "taxes_000705", "topic": "taxes", "subtopic": "post_discount_tax", "prompt": "Cart: $40.98, $7.11, $42.94, $15.29 with a 10% store discount. Local sales tax is 8.0% (tax after discount). About how much is the total?", "split": "test", "exact_value": 103.34}
{"id": "taxes_000706", "topic": "taxes", "subtopic": "pre_discount_tax", "prompt": "Cart: $12.15, $19.24 with a 15% store discount. Local sales tax is 8.5% (tax calculated before discount). About how much is the total?", "split": "test", "exact_value": 29.35}
{"id": "taxes_000707", "topic": "taxes", "subtopic": "post_discount_tax", "prompt": "Cart: $37.62, $27.33, $48.03, $23.24, $10.20 with a 15% store discount. Local sales tax is 6.0% (tax after discount). About how much is the total?", "split": "test", "exact_value": 131.92}
{"id": "taxes_000708", "topic": "taxes", "subtopic": "post_discount_tax", "prompt": "Cart: $11.18, $10.97, $55.56, $52.52, $7.00. Local sales tax is 8.0% (tax after discount). About how much is the total?", "split": "test", "exact_value": 148.21}
{"id": "taxes_000709", "topic": "taxes", "subtopic": "post_discount_tax", "prompt": "Cart: $38.14, $32.78, $52.44, $58.17 with a 20% store discount. Local sales tax is 6.0% (tax after discount). About how much is the total?", "split": "test", "exact_value": 153.94}
{"id": "taxes_000710", "topic": "taxes", "subtopic": "pre_discount_tax", "prompt": "Cart: $43.41, $28.89, $55.68 with a 10% store discount. Local sales tax is 7.0% (tax calculated before discount). About how much is the total?", "split": "test", "exact_value": 124.14}
{"id": "taxes_000711", "topic": "taxes", "subtopic": "pre_discount_tax", "prompt": "Cart: $50.78, $57.74, $13.45. Local sales tax is 8.0% (tax calculated before discount). About how much is the total?", "split": "test", "exact_value": 131.73}
{"id": "taxes_000712", "topic": "taxes", "subtopic": "post_discount_tax", "prompt": "Cart: $19.55, $29.29, $52.89 with a 10% store discount. Local sales tax is 8.0% (tax after discount). About how much is the total?", "split": "test", "exact_value": 98.88}
{"id": "taxes_000713", "topic": "taxes", "subtopic": "pre_discount_tax", "prompt": "Cart: $10.84, $7.81. Local sales tax is 8.5% (tax calculated before discount). About how much is the total?", "split": "test", "exact_value": 20.24}
{"id": "taxes_000714", "topic": "taxes", "subtopic": "post_discount_tax", "prompt": "Cart: $34.99, $31.08, $46.33 with a 20% store discount. Local sales tax is 6.0% (tax after discount). About how much is the total?", "split": "test", "exact_value": 95.32}
{"id": "taxes_000715", "topic": "taxes", "subtopic": "post_discount_tax", "prompt": "Cart: $21.51, $53.32 with a 15% store discount. Local sales tax is 7.5% (tax after discount). About how much is the total?", "split": "test", "exact_value": 68.38}
{"id": "taxes_000716", "topic": "taxes", "subtopic": "post_discount_tax", "prompt": "Cart: $16.58, $27.95, $43.53, $20.24, $33.03 with a 10% store discount. Local sales tax is 6.0% (tax after discount). About how much is the total?", "split": "test", "exact_value": 134.83}
{"id": "taxes_000717", "topic": "taxes", "subtopic": "pre_discount_tax", "prompt": "Cart: $11.37, $56.50, $55.18, $33.06 with a 20% store discount. Local sales tax is 8.5% (tax calculated before discount). About how much is the total?", "split": "test", "exact_value": 138.16}
{"id": "taxes_000718", "topic": "taxes", "subtopic": "post_discount_tax", "prompt": "Cart: $54.98, $21.35 with a 15% store discount. Local sales tax is 8.5% (tax after discount). About how much is the total?", "split": "test", "exact_value": 70.4}
{"id": "taxes_000719", "topic": "taxes", "subtopic": "post_discount_tax", "prompt": "Cart: $13.41, $31.82, $12.32, $42.63 with a 15% store discount. Local sales tax is 8.5% (tax after discount). About how much is the total?", "split": "test", "exact_value": 92.39}
{"id": "taxes_000720", "topic": "taxes", "subtopic": "post_discount_tax", "prompt": "Cart: $22.04, $6.00 with a 10% store discount. Local sales tax is 6.0% (tax after discount). About how much is the total?", "split": "test", "exact_value": 26.75}
{"id": "taxes_000721", "topic": "taxes", "subtopic": "pre_discount_tax", "prompt": "Cart: $8.64, $44.94, $52.36, $15.33, $12.49 with a 10% store discount. Local sales tax is 6.0% (tax calculated before discount). About how much is the total?", "split": "test", "exact_value": 128.41}
{"id": "taxes_000722", "topic": "taxes", "subtopic": "post_discount_tax", "prompt": "Cart: $33.04, $58.87, $10.65, $28.49, $52.80 with a 20% store discount. Local sales tax is 8.0% (tax after discount). About how much is the total?", "split": "test", "exact_value": 158.85}
{"id": "taxes_000723", "topic": "taxes", "subtopic": "pre_discount_tax", "prompt": "Cart: $56.87, $43.18, $47.44, $14.01, $11.63 with a 20% store discount. Local sales tax is 8.0% (tax calculated before discount). About how much is the total?", "split": "test", "exact_value": 152.35}
{"id": "taxes_000724", "topic": "taxes", "subtopic": "pre_discount_tax", "prompt": "Cart: $11.94, $32.07, $55.06 with a 10% store discount. Local sales tax is 8.0% (tax calculated before discount). About how much is the total?", "split": "test", "exact_value": 97.09}
{"id": "taxes_000725", "topic": "taxes", "subtopic": "post_discount_tax", "prompt": "Cart: $58.29, $57.54, $3.90, $13.77, $33.83 with a 15% store discount. Local sales tax is 7.0% (tax after discount). About how much is the total?", "split": "test", "exact_value": 152.19}
{"id": "taxes_000726", "topic": "taxes", "subtopic": "post_discount_tax", "prompt": "Cart: $30.63, $22.82, $27.52, $14.39 with a 20% store discount. Local sales tax is 7.0% (tax after discount). About how much is the total?", "split": "test", "exact_value": 81.63}
{"id": "taxes_000727", "topic": "taxes", "subtopic": "post_discount_tax", "prompt": "Cart: $6.65, $22.17 with a 15% store discount. Local sales tax is 7.5% (tax after discount). About how much is the total?", "split": "test", "exact_value": 26.33}
{"id": "taxes_000728", "topic": "taxes", "subtopic": "post_discount_tax", "prompt": "Cart: $6.93, $10.60, $29.61 with a 10% store discount. Local sales tax is 7.0% (tax after discount). About how much is the total?", "split": "test", "exact_value": 45.4}
{"id": "taxes_000729", "topic": "taxes", "subtopic": "post_discount_tax", "prompt": "Cart: $55.63, $4.77, $43.56, $48.05, $5.85 with a 15% store discount. Local sales tax is 7.0% (tax after discount). About how much is the total?", "split": "test", "exact_value": 143.57}
{"id": "taxes_000730", "topic": "taxes", "subtopic": "post_discount_tax", "prompt": "Cart: $19.89, $26.69, $37.60, $48.11 with a 20% store discount. Local sales tax is 7.0% (tax after discount). About how much is the total?", "split": "test", "exact_value": 113.24}
{"id": "taxes_000731", "topic": "taxes", "subtopic": "post_discount_tax", "prompt": "Cart: $20.05, $9.37. Local sales tax is 8.0% (tax after discount). About how much is the total?", "split": "test", "exact_value": 31.77}
{"id": "taxes_000732", "topic": "taxes", "subtopic": "post_discount_tax", "prompt": "Cart: $39.52, $52.32, $26.07, $39.93, $16.65 with a 15% store discount. Local sales tax is 8.0% (tax after discount). About how much is the total?", "split": "test", "exact_value": 160.18}
{"id": "taxes_000733", "topic": "taxes", "subtopic": "post_discount_tax", "prompt": "Cart: $20.27, $58.03 with a 15% store discount. Local sales tax is 8.5% (tax after discount). About how much is the total?", "split": "test", "exact_value": 72.21}
{"id": "taxes_000734", "topic": "taxes", "subtopic": "post_discount_tax", "prompt": "Cart: $45.65, $15.20, $43.70, $38.72, $7.48 with a 15% store discount. Local sales tax is 7.0% (tax after discount). About how much is the total?", "split": "test", "exact_value": 137.11}
{"id": "taxes_000735", "topic": "taxes", "subtopic": "post_discount_tax", "prompt": "Cart: $33.70, $55.36, $28.22, $4.09 with a 10% store discount. Local sales tax is 8.0% (tax after discount). About how much is the total?", "split": "test", "exact_value": 117.97}
{"id": "taxes_000736", "topic": "taxes", "subtopic": "pre_discount_tax", "prompt": "Cart: $56.60, $36.41, $36.98, $51.06 with a 20% store discount. Local sales tax is 7.0% (tax calculated before discount). About how much is the total?", "split": "test", "exact_value": 157.51}
{"id": "taxes_000737", "topic": "taxes", "subtopic": "post_discount_tax", "prompt": "Cart: $31.07, $4.85 with a 15% store discount. Local sales tax is 8.5% (tax after discount). About how much is the total?", "split": "test", "exact_value": 33.13}
{"id": "taxes_000738", "topic": "taxes", "subtopic": "pre_discount_tax", "prompt": "Cart: $8.30, $56.83 with a 10% store discount. Local sales tax is 6.0% (tax calculated before discount). About how much is the total?", "split": "test", "exact_value": 62.52}
{"id": "taxes_000739", "topic": "taxes", "subtopic": "pre_discount_tax", "prompt": "Cart: $42.69, $17.12 with a 20% store discount. Local sales tax is 8.5% (tax calculated before discount). About how much is the total?", "split": "test", "exact_value": 52.93}
{"id": "taxes_000740", "topic": "taxes", "subtopic": "pre_discount_tax", "prompt": "Cart: $11.61, $16.14, $23.60, $34.55, $6.50. Local sales tax is 8.5% (tax calculated before discount). About how much is the total?", "split": "test", "exact_value": 100.25}
{"id": "taxes_000741", "topic": "taxes", "subtopic": "pre_discount_tax", "prompt": "Cart: $56.98, $24.17 with a 10% store discount. Local sales tax is 7.0% (tax calculated before discount). About how much is the total?", "split": "test", "exact_value": 78.72}
{"id": "taxes_000742", "topic": "taxes", "subtopic": "post_discount_tax", "prompt": "Cart: $50.82, $14.66, $26.30, $4.69 with a 20% store discount. Local sales tax is 8.0% (tax after discount). About how much is the total?", "split": "test", "exact_value": 83.35}
{"id": "taxes_000743", "topic": "taxes", "subtopic": "pre_discount_tax", "prompt": "Cart: $7.49, $21.50, $25.01, $37.85, $40.78 with a 20% store discount. Local sales tax is 7.5% (tax calculated before discount). About how much is the total?", "split": "test", "exact_value": 116.05}
{"id": "taxes_000744", "topic": "taxes", "subtopic": "post_discount_tax", "prompt": "Cart: $57.77, $22.74, $22.88, $35.70. Local sales tax is 7.5% (tax after discount). About how much is the total?", "split": "test", "exact_value": 149.52}
{"id": "taxes_000745", "topic": "taxes", "subtopic": "post_discount_tax", "prompt": "Cart: $54.15, $17.05, $39.04, $11.06 with a 20% store discount. Local sales tax is 6.0% (tax after discount). About how much is the total?", "split": "test", "exact_value": 102.86}
{"id": "taxes_000746", "topic": "taxes", "subtopic": "pre_discount_tax", "prompt": "Cart: $32.53, $52.95, $57.56, $19.66 with a 10% store discount. Local sales tax is 6.0% (tax calculated before discount). About how much is the total?", "split": "test", "exact_value": 156.19}
{"id": "taxes_000747", "topic": "taxes", "subtopic": "post_discount_tax", "prompt": "Cart: $42.46, $10.89, $51.70 with a 10% store discount. Local sales tax is 7.5% (tax after discount). About how much is the total?", "split": "test", "exact_value": 101.64}
{"id": "taxes_000748", "topic": "taxes", "subtopic": "pre_discount_tax", "prompt": "Cart: $54.01, $47.20, $39.95, $31.78, $47.27 with a 20% store discount. Local sales tax is 6.0% (tax calculated before discount). About how much is the total?", "split": "test", "exact_value": 189.38}
{"id": "taxes_000749", "topic": "taxes", "subtopic": "post_discount_tax", "prompt": "Cart: $52.85, $37.97. Local sales tax is 7.0% (tax after discount). About how much is the total?", "split": "test", "exact_value": 97.18}
{"id": "taxes_000750", "topic": "taxes", "subtopic": "post_discount_tax", "prompt": "Cart: $31.26, $43.64, $21.55, $6.88. Local sales tax is 7.0% (tax after discount). About how much is the total?", "split": "test", "exact_value": 110.56}
{"id": "taxes_000751", "topic": "taxes", "subtopic": "pre_discount_tax", "prompt": "Cart: $39.12, $46.71, $53.31, $29.66, $4.94 with a 10% store discount. Local sales tax is 8.5% (tax calculated before discount). About how much is the total?", "split": "test", "exact_value": 171.13}
{"id": "taxes_000752", "topic": "taxes", "subtopic": "post_discount_tax", "prompt": "Cart: $14.14, $44.67 with a 10% store discount. Local sales tax is 7.0% (tax after discount). About how much is the total?", "split": "test", "exact_value": 56.63}
{"id": "taxes_000753", "topic": "taxes", "subtopic": "pre_discount_tax", "prompt": "Cart: $45.18, $19.57, $59.50 with a 10% store discount. Local sales tax is 6.0% (tax calculated before discount). About how much is the total?", "split": "test", "exact_value": 119.28}
{"id": "taxes_000754", "topic": "taxes", "subtopic": "pre_discount_tax", "prompt": "Cart: $16.69, $39.88, $48.37, $4.74, $17.64. Local sales tax is 7.0% (tax calculated before discount). About how much is the total?", "split": "test", "exact_value": 136.23}
{"id": "taxes_000755", "topic": "taxes", "subtopic": "pre_discount_tax", "prompt": "Cart: $44.08, $40.78, $23.47, $35.79. Local sales tax is 8.5% (tax calculated before discount). About how much is the total?", "split": "test", "exact_value": 156.37}
{"id": "taxes_000756", "topic": "taxes", "subtopic": "pre_discount_tax", "prompt": "Cart: $55.76, $30.52, $55.08, $8.49 with a 10% store discount. Local sales tax is 7.0% (tax calculated before discount). About how much is the total?", "split": "test", "exact_value": 145.35}
{"id": "taxes_000757", "topic": "taxes", "subtopic": "post_discount_tax", "prompt": "Cart: $26.46, $8.37, $54.34, $8.40 with a 10% store discount. Local sales tax is 6.0% (tax after discount). About how much is the total?", "split": "test", "exact_value": 93.08}
{"id": "taxes_000758", "topic": "taxes", "subtopic": "post_discount_tax", "prompt": "Cart: $18.29, $31.87, $24.22 with a 10% store discount. Local sales tax is 6.0% (tax after discount). About how much is the total?", "split": "test", "exact_value": 70.96}
{"id": "taxes_000759", "topic": "taxes", "subtopic": "pre_discount_tax", "prompt": "Cart: $42.58, $53.92, $27.64, $26.99, $13.98 with a 15% store discount. Local sales tax is 7.0% (tax calculated before discount). About how much is the total?", "split": "test", "exact_value": 151.9}
{"id": "taxes_000760", "topic": "taxes", "subtopic": "pre_discount_tax", "prompt": "Cart: $46.88, $12.01. Local sales tax is 7.0% (tax calculated before discount). About how much is the total?", "split": "test", "exact_value": 63.01}
{"id": "taxes_000761", "topic": "taxes", "subtopic": "pre_discount_tax", "prompt": "Cart: $59.65, $5.72 with a 15% store discount. Local sales tax is 7.5% (tax calculated before discount). About how much is the total?", "split": "test", "exact_value": 60.47}
{"id": "taxes_000762", "topic": "taxes", "subtopic": "pre_discount_tax", "prompt": "Cart: $38.41, $57.21, $6.36. Local sales tax is 8.5% (tax calculated before discount). About how much is the total?", "split": "test", "exact_value": 110.65}
{"id": "taxes_000763", "topic": "taxes", "subtopic": "post_discount_tax", "prompt": "Cart: $20.55, $23.86, $14.13, $50.07, $9.57. Local sales tax is 8.5% (tax after discount). About how much is the total?", "split": "test", "exact_value": 128.23}
{"id": "taxes_000764", "topic": "taxes", "subtopic": "pre_discount_tax", "prompt": "Cart: $41.38, $14.35 with a 10% store discount. Local sales tax is 8.0% (tax calculated before discount). About how much is the total?", "split": "test", "exact_value": 54.62}
{"id": "taxes_000765", "topic": "taxes", "subtopic": "pre_discount_tax", "prompt": "Cart: $57.68, $16.68, $27.84, $52.23, $26.02 with a 15% store discount. Local sales tax is 6.0% (tax calculated before discount). About how much is the total?", "split": "test", "exact_value": 164.21}
{"id": "taxes_000766", "topic": "taxes", "subtopic": "pre_discount_tax", "prompt": "Cart: $8.30, $51.98, $15.79, $34.44, $35.31. Local sales tax is 8.5% (tax calculated before discount). About how much is the total?", "split": "test", "exact_value": 158.21}
{"id": "taxes_000767", "topic": "taxes", "subtopic": "post_discount_tax", "prompt": "Cart: $5.51, $49.43, $5.19, $17.00 with a 10% store discount. Local sales tax is 7.0% (tax after discount). About how much is the total?", "split": "test", "exact_value": 74.28}
{"id": "taxes_000768", "topic": "taxes", "subtopic": "pre_discount_tax", "prompt": "Cart: $18.88, $48.63, $36.96. Local sales tax is 8.0% (tax calculated before discount). About how much is the total?", "split": "test", "exact_value": 112.83}
{"id": "taxes_000769", "topic": "taxes", "subtopic": "post_discount_tax", "prompt": "Cart: $17.96, $32.83 with a 15% store discount. Local sales tax is 8.0% (tax after discount). About how much is the total?", "split": "test", "exact_value": 46.63}
{"id": "taxes_000770", "topic": "taxes", "subtopic": "pre_discount_tax", "prompt": "Cart: $29.13, $45.93, $12.16, $43.46, $40.39 with a 10% store discount. Local sales tax is 7.0% (tax calculated before discount). About how much is the total?", "split": "test", "exact_value": 165.94}
{"id": "taxes_000771", "topic": "taxes", "subtopic": "pre_discount_tax", "prompt": "Cart: $46.20, $15.30, $25.77, $50.68, $40.90. Local sales tax is 8.5% (tax calculated before discount). About how much is the total?", "split": "test", "exact_value": 194.05}
{"id": "taxes_000772", "topic": "taxes", "subtopic": "pre_discount_tax", "prompt": "Cart: $21.31, $53.71. Local sales tax is 8.0% (tax calculated before discount). About how much is the total?", "split": "test", "exact_value": 81.02}
{"id": "taxes_000773", "topic": "taxes", "subtopic": "pre_discount_tax", "prompt": "Cart: $52.06, $15.12, $27.48, $52.63, $4.77 with a 15% store discount. Local sales tax is 7.5% (tax calculated before discount). About how much is the total?", "split": "test", "exact_value": 140.66}
{"id": "taxes_000774", "topic": "taxes", "subtopic": "post_discount_tax", "prompt": "Cart: $25.93, $37.65, $52.15, $11.23, $46.76 with a 20% store discount. Local sales tax is 7.0% (tax after discount). About how much is the total?", "split": "test", "exact_value": 148.7}
{"id": "taxes_000775", "topic": "taxes", "subtopic": "pre_discount_tax", "prompt": "Cart: $31.35, $45.42. Local sales tax is 7.5% (tax calculated before discount). About how much is the total?", "split": "test", "exact_value": 82.53}
{"id": "taxes_000776", "topic": "taxes", "subtopic": "pre_discount_tax", "prompt": "Cart: $52.46, $7.20, $40.55, $35.10, $14.67 with a 10% store discount. Local sales tax is 7.0% (tax calculated before discount). About how much is the total?", "split": "test", "exact_value": 145.48}
{"id": "taxes_000777", "topic": "taxes", "subtopic": "post_discount_tax", "prompt": "Cart: $51.20, $48.64, $26.44 with a 20% store discount. Local sales tax is 8.5% (tax after discount). About how much is the total?", "split": "test", "exact_value": 109.61}
{"id": "taxes_000778", "topic": "taxes", "subtopic": "post_discount_tax", "prompt": "Cart: $53.31, $34.10, $33.22, $14.38 with a 10% store discount. Local sales tax is 7.0% (tax after discount). About how much is the total?", "split": "test", "exact_value": 130.01}
{"id": "taxes_000779", "topic": "taxes", "subtopic": "post_discount_tax", "prompt": "Cart: $37.38, $3.78, $36.13, $14.03 with a 15% store discount. Local sales tax is 8.5% (tax after discount). About how much is the total?", "split": "test", "exact_value": 84.22}
{"id": "taxes_000780", "topic": "taxes", "subtopic": "pre_discount_tax", "prompt": "Cart: $34.59, $22.57, $18.99, $21.36 with a 10% store discount. Local sales tax is 6.0% (tax calculated before discount). About how much is the total?", "split": "test", "exact_value": 93.61}
{"id": "taxes_000781", "topic": "taxes", "subtopic": "pre_discount_tax", "prompt": "Cart: $47.66, $57.95, $55.43, $32.83, $12.82 with a 20% store discount. Local sales tax is 7.0% (tax calculated before discount). About how much is the total?", "split": "test", "exact_value": 179.82}
{"id": "taxes_000782", "topic": "taxes", "subtopic": "post_discount_tax", "prompt": "Cart: $34.44, $31.12, $25.89 with a 10% store discount. Local sales tax is 8.5% (tax after discount). About how much is the total?", "split": "test", "exact_value": 89.3}
{"id": "taxes_000783", "topic": "taxes", "subtopic": "pre_discount_tax", "prompt": "Cart: $33.54, $5.33, $42.75 with a 15% store discount. Local sales tax is 8.0% (tax calculated before discount). About how much is the total?", "split": "test", "exact_value": 75.91}
{"id": "taxes_000784", "topic": "taxes", "subtopic": "post_discount_tax", "prompt": "Cart: $32.81, $26.84, $54.26, $18.94 with a 20% store discount. Local sales tax is 8.0% (tax after discount). About how much is the total?", "split": "test", "exact_value": 114.78}
{"id": "taxes_000785", "topic": "taxes", "subtopic": "post_discount_tax", "prompt": "Cart: $25.69, $31.24 with a 10% store discount. Local sales tax is 6.0% (tax after discount). About how much is the total?", "split": "test", "exact_value": 54.31}
{"id": "taxes_000786", "topic": "taxes", "subtopic": "pre_discount_tax", "prompt": "Cart: $16.37, $29.33, $22.99, $13.02, $28.48. Local sales tax is 8.0% (tax calculated before discount). About how much is the total?", "split": "test", "exact_value": 119.01}
{"id": "taxes_000787", "topic": "taxes", "subtopic": "pre_discount_tax", "prompt": "Cart: $23.74, $20.55, $32.47, $9.76 with a 15% store discount. Local sales tax is 7.5% (tax calculated before discount). About how much is the total?", "split": "test", "exact_value": 80.03}
{"id": "taxes_000788", "topic": "taxes", "subtopic": "pre_discount_tax", "prompt": "Cart: $28.32, $34.23, $43.42, $43.68. Local sales tax is 8.0% (tax calculated before discount). About how much is the total?", "split": "test", "exact_value": 161.62}
{"id": "taxes_000789", "topic": "taxes", "subtopic": "pre_discount_tax", "prompt": "Cart: $33.94, $10.17, $20.83, $55.32, $52.07. Local sales tax is 8.0% (tax calculated before discount). About how much is the total?", "split": "test", "exact_value": 186.12}
{"id": "taxes_000790", "topic": "taxes", "subtopic": "pre_discount_tax", "prompt": "Cart: $26.07, $45.77, $47.71 with a 15% store discount. Local sales tax is 7.5% (tax calculated before discount). About how much is the total?", "split": "test", "exact_value": 110.58}
{"id": "taxes_000791", "topic": "taxes", "subtopic": "post_discount_tax", "prompt": "Cart: $58.37, $54.89, $13.40, $25.99, $58.28 with a 15% store discount. Local sales tax is 8.0% (tax after discount). About how much is the total?", "split": "test", "exact_value": 193.63}
{"id": "taxes_000792", "topic": "taxes", "subtopic": "pre_discount_tax", "prompt": "Cart: $29.03, $59.35, $49.08, $14.70, $53.06 with a 15% store discount. Local sales tax is 7.5% (tax calculated before discount). About how much is the total?", "split": "test", "exact_value": 189.83}
{"id": "taxes_000793", "topic": "taxes", "subtopic": "post_discount_tax", "prompt": "Cart: $51.38, $23.50, $26.67, $27.45 with a 10% store discount. Local sales tax is 6.0% (tax after discount). About how much is the total?", "split": "test", "exact_value": 123.07}
{"id": "taxes_000794", "topic": "taxes", "subtopic": "pre_discount_tax", "prompt": "Cart: $8.73, $57.46 with a 10% store discount. Local sales tax is 7.0% (tax calculated before discount). About how much is the total?", "split": "test", "exact_value": 64.2}
{"id": "taxes_000795", "topic": "taxes", "subtopic": "post_discount_tax", "prompt": "Cart: $57.53, $58.22, $24.76 with a 20% store discount. Local sales tax is 8.5% (tax after discount). About how much is the total?", "split": "test", "exact_value": 121.96}
{"id": "taxes_000796", "topic": "taxes", "subtopic": "post_discount_tax", "prompt": "Cart: $42.50, $40.31, $44.55 with a 10% store discount. Local sales tax is 8.0% (tax after discount). About how much is the total?", "split": "test", "exact_value": 123.79}
{"id": "taxes_000797", "topic": "taxes", "subtopic": "post_discount_tax", "prompt": "Cart: $33.72, $40.67, $52.91 with a 15% store discount. Local sales tax is 8.5% (tax after discount). About how much is the total?", "split": "test", "exact_value": 117.4}
{"id": "taxes_000798", "topic": "taxes", "subtopic": "post_discount_tax", "prompt": "Cart: $58.85, $36.57. Local sales tax is 7.5% (tax after discount). About how much is the total?", "split": "test", "exact_value": 102.58}
{"id": "taxes_000799", "topic": "taxes", "subtopic": "pre_discount_tax", "prompt": "Cart: $42.08, $54.73, $5.36, $9.90, $14.17. Local sales tax is 7.5% (tax calculated before discount). About how much is the total?", "split": "test", "exact_value": 135.71}
{"id": "taxes_000800", "topic": "taxes", "subtopic": "pre_discount_tax", "prompt": "Cart: $49.61, $38.99, $35.24, $14.16 with a 20% store discount. Local sales tax is 8.0% (tax calculated before discount). About how much is the total?", "split": "test", "exact_value": 121.44}
{"id": "taxes_000801", "topic": "taxes", "subtopic": "pre_discount_tax", "prompt": "Cart: $42.53, $13.25 with a 15% store discount. Local sales tax is 8.0% (tax calculated before discount). About how much is the total?", "split": "test", "exact_value": 51.88}
{"id": "taxes_000802", "topic": "taxes", "subtopic": "post_discount_tax", "prompt": "Cart: $20.72, $13.73 with a 15% store discount. Local sales tax is 7.5% (tax after discount). About how much is the total?", "split": "test", "exact_value": 31.48}
{"id": "taxes_000803", "topic": "taxes", "subtopic": "post_discount_tax", "prompt": "Cart: $27.66, $22.10, $11.30, $8.27, $45.41 with a 15% store discount. Local sales tax is 8.0% (tax after discount). About how much is the total?", "split": "test", "exact_value": 105.33}
{"id": "taxes_000804", "topic": "taxes", "subtopic": "post_discount_tax", "prompt": "Cart: $30.31, $13.01, $3.93. Local sales tax is 6.0% (tax after discount). About how much is the total?", "split": "test", "exact_value": 50.09}
{"id": "taxes_000805", "topic": "taxes", "subtopic": "post_discount_tax", "prompt": "Cart: $40.12, $28.74 with a 15% store discount. Local sales tax is 7.5% (tax after discount). About how much is the total?", "split": "test", "exact_value": 62.92}
{"id": "taxes_000806", "topic": "taxes", "subtopic": "post_discount_tax", "prompt": "Cart: $42.88, $21.51, $13.89, $21.18 with a 20% store discount. Local sales tax is 6.0% (tax after discount). About how much is the total?", "split": "test", "exact_value": 84.34}
{"id": "taxes_000807", "topic": "taxes", "subtopic": "pre_discount_tax", "prompt": "Cart: $50.01, $27.36, $54.87 with a 20% store discount. Local sales tax is 8.5% (tax calculated before discount). About how much is the total?", "split": "test", "exact_value": 117.03}
{"id": "taxes_000808", "topic": "taxes", "subtopic": "pre_discount_tax", "prompt": "Cart: $6.49, $28.63. Local sales tax is 8.0% (tax calculated before discount). About how much is the total?", "split": "test", "exact_value": 37.93}
{"id": "taxes_000809", "topic": "taxes", "subtopic": "pre_discount_tax", "prompt": "Cart: $39.44, $22.58, $26.37, $7.72. Local sales tax is 7.0% (tax calculated before discount). About how much is the total?", "split": "test", "exact_value": 102.84}
{"id": "taxes_000810", "topic": "taxes", "subtopic": "post_discount_tax", "prompt": "Cart: $35.10, $8.57, $55.53, $19.79 with a 15% store discount. Local sales tax is 7.0% (tax after discount). About how much is the total?", "split": "test", "exact_value": 108.22}
{"id": "taxes_000811", "topic": "taxes", "subtopic": "post_discount_tax", "prompt": "Cart: $47.97, $53.61, $53.88 with a 10% store discount. Local sales tax is 7.0% (tax after discount). About how much is the total?", "split": "test", "exact_value": 149.71}
{"id": "taxes_000812", "topic": "taxes", "subtopic": "post_discount_tax", "prompt": "Cart: $41.60, $49.24, $43.77 with a 20% store discount. Local sales tax is 8.0% (tax after discount). About how much is the total?", "split": "test", "exact_value": 116.3}
{"id": "taxes_000813", "topic": "taxes", "subtopic": "pre_discount_tax", "prompt": "Cart: $6.22, $11.32, $53.51 with a 15% store discount. Local sales tax is 8.0% (tax calculated before discount). About how much is the total?", "split": "test", "exact_value": 66.08}
{"id": "taxes_000814", "topic": "taxes", "subtopic": "post_discount_tax", "prompt": "Cart: $8.91, $8.17, $32.74, $10.83, $44.66 with a 20% store discount. Local sales tax is 6.0% (tax after discount). About how much is the total?", "split": "test", "exact_value": 89.3}
{"id": "taxes_000815", "topic": "taxes", "subtopic": "pre_discount_tax", "prompt": "Cart: $7.61, $44.26, $3.60, $44.61. Local sales tax is 6.0% (tax calculated before discount). About how much is the total?", "split": "test", "exact_value": 106.08}
{"id": "taxes_000816", "topic": "taxes", "subtopic": "post_discount_tax", "prompt": "Cart: $7.79, $56.21 with a 15% store discount. Local sales tax is 7.5% (tax after discount). About how much is the total?", "split": "test", "exact_value": 58.48}
{"id": "taxes_000817", "topic": "taxes", "subtopic": "post_discount_tax", "prompt": "Cart: $58.17, $59.95 with a 10% store discount. Local sales tax is 8.5% (tax after discount). About how much is the total?", "split": "test", "exact_value": 115.34}
{"id": "taxes_000818", "topic": "taxes", "subtopic": "pre_discount_tax", "prompt": "Cart: $24.01, $20.63, $44.82, $20.55, $55.37 with a 15% store discount. Local sales tax is 7.0% (tax calculated before discount). About how much is the total?", "split": "test", "exact_value": 152.15}
{"id": "taxes_000819", "topic": "taxes", "subtopic": "pre_discount_tax", "prompt": "Cart: $31.57, $44.26, $30.77 with a 20% store discount. Local sales tax is 7.5% (tax calculated before discount). About how much is the total?", "split": "test", "exact_value": 93.28}
{"id": "taxes_000820", "topic": "taxes", "subtopic": "post_discount_tax", "prompt": "Cart: $6.68, $35.15 with a 10% store discount. Local sales tax is 6.0% (tax after discount). About how much is the total?", "split": "test", "exact_value": 39.91}
{"id": "taxes_000821", "topic": "taxes", "subtopic": "post_discount_tax", "prompt": "Cart: $13.24, $56.12, $12.35. Local sales tax is 8.5% (tax after discount). About how much is the total?", "split": "test", "exact_value": 88.66}
{"id": "taxes_000822", "topic": "taxes", "subtopic": "pre_discount_tax", "prompt": "Cart: $26.44, $35.79, $36.57 with a 20% store discount. Local sales tax is 8.5% (tax calculated before discount). About how much is the total?", "split": "test", "exact_value": 87.44}
{"id": "taxes_000823", "topic": "taxes", "subtopic": "post_discount_tax", "prompt": "Cart: $44.62, $11.87, $27.81, $54.94, $51.15 with a 10% store discount. Local sales tax is 8.5% (tax after discount). About how much is the total?", "split": "test", "exact_value": 185.92}
{"id": "taxes_000824", "topic": "taxes", "subtopic": "post_discount_tax", "prompt": "Cart: $7.06, $20.86, $46.32, $41.27, $11.04. Local sales tax is 6.0% (tax after discount). About how much is the total?", "split": "test", "exact_value": 134.14}
{"id": "taxes_000825", "topic": "taxes", "subtopic": "pre_discount_tax", "prompt": "Cart: $42.07, $45.58, $4.03. Local sales tax is 8.5% (tax calculated before discount). About how much is the total?", "split": "test", "exact_value": 99.47}
{"id": "taxes_000826", "topic": "taxes", "subtopic": "post_discount_tax", "prompt": "Cart: $49.30, $31.03 with a 20% store discount. Local sales tax is 6.0% (tax after discount). About how much is the total?", "split": "test", "exact_value": 68.12}
{"id": "taxes_000827", "topic": "taxes", "subtopic": "post_discount_tax", "prompt": "Cart: $12.77, $31.67, $50.99 with a 10% store discount. Local sales tax is 6.0% (tax after discount). About how much is the total?", "split": "test", "exact_value": 91.04}
{"id": "taxes_000828", "topic": "taxes", "subtopic": "post_discount_tax", "prompt": "Cart: $37.04, $41.48, $42.56, $31.27 with a 20% store discount. Local sales tax is 7.5% (tax after discount). About how much is the total?", "split": "test", "exact_value": 131.02}
{"id": "taxes_000829", "topic": "taxes", "subtopic": "post_discount_tax", "prompt": "Cart: $38.28, $23.13, $51.65 with a 15% store discount. Local sales tax is 7.5% (tax after discount). About how much is the total?", "split": "test", "exact_value": 103.31}
{"id": "taxes_000830", "topic": "taxes", "subtopic": "post_discount_tax", "prompt": "Cart: $21.38, $11.02, $30.10, $23.86, $19.09 with a 10% store discount. Local sales tax is 8.5% (tax after discount). About how much is the total?", "split": "test", "exact_value": 102.97}
{"id": "taxes_000831", "topic": "taxes", "subtopic": "pre_discount_tax", "prompt": "Cart: $59.87, $18.83, $30.42, $23.27, $52.03 with a 10% store discount. Local sales tax is 6.0% (tax calculated before discount). About how much is the total?", "split": "test", "exact_value": 177.04}
{"id": "taxes_000832", "topic": "taxes", "subtopic": "post_discount_tax", "prompt": "Cart: $46.70, $46.14, $6.94, $28.21 with a 20% store discount. Local sales tax is 7.0% (tax after discount). About how much is the total?", "split": "test", "exact_value": 109.56}
{"id": "taxes_000833", "topic": "taxes", "subtopic": "pre_discount_tax", "prompt": "Cart: $15.73, $51.24 with a 15% store discount. Local sales tax is 8.0% (tax calculated before discount). About how much is the total?", "split": "test", "exact_value": 62.28}
{"id": "taxes_000834", "topic": "taxes", "subtopic": "post_discount_tax", "prompt": "Cart: $57.34, $24.46, $28.54. Local sales tax is 7.0% (tax after discount). About how much is the total?", "split": "test", "exact_value": 118.06}
{"id": "taxes_000835", "topic": "taxes", "subtopic": "pre_discount_tax", "prompt": "Cart: $46.06, $49.82, $47.31, $5.71, $25.02. Local sales tax is 7.5% (tax calculated before discount). About how much is the total?", "split": "test", "exact_value": 186.96}
{"id": "taxes_000836", "topic": "taxes", "subtopic": "post_discount_tax", "prompt": "Cart: $11.78, $11.88, $29.76, $45.56. Local sales tax is 7.5% (tax after discount). About how much is the total?", "split": "test", "exact_value": 106.4}
{"id": "taxes_000837", "topic": "taxes", "subtopic": "pre_discount_tax", "prompt": "Cart: $43.50, $14.80, $46.43, $35.96. Local sales tax is 6.0% (tax calculated before discount). About how much is the total?", "split": "test", "exact_value": 149.13}
{"id": "taxes_000838", "topic": "taxes", "subtopic": "post_discount_tax", "prompt": "Cart: $26.06, $55.70, $26.55 with a 10% store discount. Local sales tax is 7.0% (tax after discount). About how much is the total?", "split": "test", "exact_value": 104.3}
{"id": "taxes_000839", "topic": "taxes", "subtopic": "pre_discount_tax", "prompt": "Cart: $28.04, $15.76, $18.06, $11.93, $56.81 with a 10% store discount. Local sales tax is 8.0% (tax calculated before discount). About how much is the total?", "split": "test", "exact_value": 127.99}
{"id": "taxes_000840", "topic": "taxes", "subtopic": "pre_discount_tax", "prompt": "Cart: $11.39, $47.93, $51.79, $15.87, $41.58 with a 15% store discount. Local sales tax is 7.0% (tax calculated before discount). About how much is the total?", "split": "test", "exact_value": 155.08}
{"id": "taxes_000841", "topic": "taxes", "subtopic": "pre_discount_tax", "prompt": "Cart: $5.49, $49.25. Local sales tax is 8.0% (tax calculated before discount). About how much is the total?", "split": "test", "exact_value": 59.12}
{"id": "taxes_000842", "topic": "taxes", "subtopic": "pre_discount_tax", "prompt": "Cart: $11.55, $15.22, $56.35, $5.41. Local sales tax is 8.0% (tax calculated before discount). About how much is the total?", "split": "test", "exact_value": 95.61}
{"id": "taxes_000843", "topic": "taxes", "subtopic": "post_discount_tax", "prompt": "Cart: $14.29, $53.60, $14.60 with a 10% store discount. Local sales tax is 6.0% (tax after discount). About how much is the total?", "split": "test", "exact_value": 78.7}
{"id": "taxes_000844", "topic": "taxes", "subtopic": "post_discount_tax", "prompt": "Cart: $26.01, $46.77, $8.15, $23.83. Local sales tax is 8.0% (tax after discount). About how much is the total?", "split": "test", "exact_value": 113.14}
{"id": "taxes_000845", "topic": "taxes", "subtopic": "post_discount_tax", "prompt": "Cart: $15.87, $9.20, $33.08, $43.65, $38.88 with a 20% store discount. Local sales tax is 6.0% (tax after discount). About how much is the total?", "split": "test", "exact_value": 119.3}
{"id": "taxes_000846", "topic": "taxes", "subtopic": "post_discount_tax", "prompt": "Cart: $34.02, $53.98, $40.36, $25.31, $24.37 with a 15% store discount. Local sales tax is 7.5% (tax after discount). About how much is the total?", "split": "test", "exact_value": 162.68}
{"id": "taxes_000847", "topic": "taxes", "subtopic": "post_discount_tax", "prompt": "Cart: $8.91, $31.14, $42.86 with a 20% store discount. Local sales tax is 7.0% (tax after discount). About how much is the total?", "split": "test", "exact_value": 70.97}
{"id": "taxes_000848", "topic": "taxes", "subtopic": "pre_discount_tax", "prompt": "Cart: $19.84, $21.75, $43.79, $39.04, $28.93 with a 20% store discount. Local sales tax is 8.5% (tax calculated before discount). About how much is the total?", "split": "test", "exact_value": 135.71}
{"id": "taxes_000849", "topic": "taxes", "subtopic": "post_discount_tax", "prompt": "Cart: $18.35, $57.82, $33.22 with a 10% store discount. Local sales tax is 8.5% (tax after discount). About how much is the total?", "split": "test", "exact_value": 106.82}
{"id": "taxes_000850", "topic": "taxes", "subtopic": "pre_discount_tax", "prompt": "Cart: $37.57, $38.16, $37.80 with a 10% store discount. Local sales tax is 8.5% (tax calculated before discount). About how much is the total?", "split": "test", "exact_value": 111.83}
{"id": "taxes_000851", "topic": "taxes", "subtopic": "pre_discount_tax", "prompt": "Cart: $42.67, $4.78. Local sales tax is 7.0% (tax calculated before discount). About how much is the total?", "split": "test", "exact_value": 50.77}
{"id": "taxes_000852", "topic": "taxes", "subtopic": "post_discount_tax", "prompt": "Cart: $57.95, $48.57, $47.52, $41.96, $44.59 with a 15% store discount. Local sales tax is 7.0% (tax after discount). About how much is the total?", "split": "test", "exact_value": 218.82}
{"id": "taxes_000853", "topic": "taxes", "subtopic": "pre_discount_tax", "prompt": "Cart: $28.12, $53.04, $45.10, $33.10, $39.53 with a 20% store discount. Local sales tax is 6.0% (tax calculated before discount). About how much is the total?", "split": "test", "exact_value": 171.05}
{"id": "taxes_000854", "topic": "taxes", "subtopic": "post_discount_tax", "prompt": "Cart: $59.45, $31.41, $30.10 with a 20% store discount. Local sales tax is 7.5% (tax after discount). About how much is the total?", "split": "test", "exact_value": 104.03}
{"id": "taxes_000855", "topic": "taxes", "subtopic": "pre_discount_tax", "prompt": "Cart: $35.10, $23.74, $38.27 with a 10% store discount. Local sales tax is 6.0% (tax calculated before discount). About how much is the total?", "split": "test", "exact_value": 93.23}
{"id": "taxes_000856", "topic": "taxes", "subtopic": "post_discount_tax", "prompt": "Cart: $21.03, $51.88, $25.02. Local sales tax is 7.0% (tax after discount). About how much is the total?", "split": "test", "exact_value": 104.79}
{"id": "taxes_000857", "topic": "taxes", "subtopic": "post_discount_tax", "prompt": "Cart: $35.47, $26.11, $54.77, $28.45 with a 20% store discount. Local sales tax is 7.0% (tax after discount). About how much is the total?", "split": "test", "exact_value": 123.95}
{"id": "taxes_000858", "topic": "taxes", "subtopic": "pre_discount_tax", "prompt": "Cart: $38.24, $55.30, $19.82, $14.85 with a 15% store discount. Local sales tax is 8.5% (tax calculated before discount). About how much is the total?", "split": "test", "exact_value": 119.88}
{"id": "taxes_000859", "topic": "taxes", "subtopic": "post_discount_tax", "prompt": "Cart: $26.92, $28.09, $40.92, $24.28 with a 20% store discount. Local sales tax is 6.0% (tax after discount). About how much is the total?", "split": "test", "exact_value": 101.94}
{"id": "taxes_000860", "topic": "taxes", "subtopic": "pre_discount_tax", "prompt": "Cart: $15.76, $6.52, $45.21, $8.63, $40.90 with a 10% store discount. Local sales tax is 8.0% (tax calculated before discount). About how much is the total?", "split": "test", "exact_value": 114.68}
{"id": "taxes_000861", "topic": "taxes", "subtopic": "post_discount_tax", "prompt": "Cart: $16.00, $45.46, $12.97, $45.06, $40.60 with a 10% store discount. Local sales tax is 8.0% (tax after discount). About how much is the total?", "split": "test", "exact_value": 155.61}
{"id": "taxes_000862", "topic": "taxes", "subtopic": "pre_discount_tax", "prompt": "Cart: $57.00, $15.04, $55.36 with a 15% store discount. Local sales tax is 8.0% (tax calculated before discount). About how much is the total?", "split": "test", "exact_value": 118.48}
{"id": "taxes_000863", "topic": "taxes", "subtopic": "pre_discount_tax", "prompt": "Cart: $27.56, $25.61. Local sales tax is 6.0% (tax calculated before discount). About how much is the total?", "split": "test", "exact_value": 56.36}
{"id": "taxes_000864", "topic": "taxes", "subtopic": "pre_discount_tax", "prompt": "Cart: $20.57, $32.84. Local sales tax is 8.0% (tax calculated before discount). About how much is the total?", "split": "test", "exact_value": 57.68}
{"id": "taxes_000865", "topic": "taxes", "subtopic": "post_discount_tax", "prompt": "Cart: $58.64, $45.63, $26.84 with a 20% store discount. Local sales tax is 7.5% (tax after discount). About how much is the total?", "split": "test", "exact_value": 112.75}
{"id": "taxes_000866", "topic": "taxes", "subtopic": "pre_discount_tax", "prompt": "Cart: $32.54, $38.18, $39.09, $19.28, $30.86. Local sales tax is 8.0% (tax calculated before discount). About how much is the total?", "split": "test", "exact_value": 172.75}
{"id": "taxes_000867", "topic": "taxes", "subtopic": "pre_discount_tax", "prompt": "Cart: $31.49, $55.38, $20.02. Local sales tax is 7.5% (tax calculated before discount). About how much is the total?", "split": "test", "exact_value": 114.91}
{"id": "taxes_000868", "topic": "taxes", "subtopic": "pre_discount_tax", "prompt": "Cart: $23.27, $31.22, $17.44, $18.85 with a 15% store discount. Local sales tax is 8.0% (tax calculated before discount). About how much is the total?", "split": "test", "exact_value": 84.43}
{"id": "taxes_000869", "topic": "taxes", "subtopic": "post_discount_tax", "prompt": "Cart: $48.28, $42.40, $58.21, $33.98, $46.89 with a 15% store discount. Local sales tax is 6.0% (tax after discount). About how much is the total?", "split": "test", "exact_value": 207.01}
{"id": "taxes_000870", "topic": "taxes", "subtopic": "pre_discount_tax", "prompt": "Cart: $40.73, $25.47. Local sales tax is 7.5% (tax calculated before discount). About how much is the total?", "split": "test", "exact_value": 71.17}
{"id": "taxes_000871", "topic": "taxes", "subtopic": "pre_discount_tax", "prompt": "Cart: $34.13, $54.00, $45.31, $28.49, $37.02 with a 10% store discount. Local sales tax is 8.5% (tax calculated before discount). About how much is the total?", "split": "test", "exact_value": 195.97}
{"id": "taxes_000872", "topic": "taxes", "subtopic": "post_discount_tax", "prompt": "Cart: $17.36, $18.41, $5.94, $49.79 with a 15% store discount. Local sales tax is 8.5% (tax after discount). About how much is the total?", "split": "test", "exact_value": 84.39}
{"id": "taxes_000873", "topic": "taxes", "subtopic": "pre_discount_tax", "prompt": "Cart: $25.81, $45.69 with a 10% store discount. Local sales tax is 6.0% (tax calculated before discount). About how much is the total?", "split": "test", "exact_value": 68.64}
{"id": "taxes_000874", "topic": "taxes", "subtopic": "pre_discount_tax", "prompt": "Cart: $32.39, $35.73 with a 20% store discount. Local sales tax is 8.5% (tax calculated before discount). About how much is the total?", "split": "test", "exact_value": 60.29}
{"id": "taxes_000875", "topic": "taxes", "subtopic": "post_discount_tax", "prompt": "Cart: $48.82, $57.30, $12.84, $56.05, $20.34 with a 15% store discount. Local sales tax is 7.0% (tax after discount). About how much is the total?", "split": "test", "exact_value": 177.67}
{"id": "taxes_000876", "topic": "taxes", "subtopic": "post_discount_tax", "prompt": "Cart: $37.10, $13.48, $9.82, $49.83, $42.25. Local sales tax is 8.0% (tax after discount). About how much is the total?", "split": "test", "exact_value": 164.68}
{"id": "taxes_000877", "topic": "taxes", "subtopic": "pre_discount_tax", "prompt": "Cart: $7.08, $32.93, $6.03, $22.14, $21.02 with a 15% store discount. Local sales tax is 8.5% (tax calculated before discount). About how much is the total?", "split": "test", "exact_value": 83.4}
{"id": "taxes_000878", "topic": "taxes", "subtopic": "post_discount_tax", "prompt": "Cart: $3.53, $20.42, $48.82, $15.46, $26.22 with a 15% store discount. Local sales tax is 8.0% (tax after discount). About how much is the total?", "split": "test", "exact_value": 105.07}
{"id": "taxes_000879", "topic": "taxes", "subtopic": "post_discount_tax", "prompt": "Cart: $45.00, $36.42, $40.61, $53.29, $27.56 with a 10% store discount. Local sales tax is 7.0% (tax after discount). About how much is the total?", "split": "test", "exact_value": 195.37}
{"id": "taxes_000880", "topic": "taxes", "subtopic": "pre_discount_tax", "prompt": "Cart: $5.99, $46.12, $44.57, $49.60 with a 15% store discount. Local sales tax is 8.0% (tax calculated before discount). About how much is the total?", "split": "test", "exact_value": 136.04}
{"id": "taxes_000881", "topic": "taxes", "subtopic": "post_discount_tax", "prompt": "Cart: $43.61, $43.66, $43.15, $39.56, $54.51. Local sales tax is 6.0% (tax after discount). About how much is the total?", "split": "test", "exact_value": 237.96}
{"id": "taxes_000882", "topic": "taxes", "subtopic": "post_discount_tax", "prompt": "Cart: $21.22, $37.51 with a 10% store discount. Local sales tax is 7.0% (tax after discount). About how much is the total?", "split": "test", "exact_value": 56.56}
{"id": "taxes_000883", "topic": "taxes", "subtopic": "post_discount_tax", "prompt": "Cart: $51.24, $26.99, $43.89. Local sales tax is 8.0% (tax after discount). About how much is the total?", "split": "test", "exact_value": 131.89}
{"id": "taxes_000884", "topic": "taxes", "subtopic": "pre_discount_tax", "prompt": "Cart: $32.62, $21.32, $3.51 with a 10% store discount. Local sales tax is 6.0% (tax calculated before discount). About how much is the total?", "split": "test", "exact_value": 55.15}
{"id": "taxes_000885", "topic": "taxes", "subtopic": "post_discount_tax", "prompt": "Cart: $14.40, $32.79, $9.47, $52.98, $5.25 with a 15% store discount. Local sales tax is 7.0% (tax after discount). About how much is the total?", "split": "test", "exact_value": 104.49}
{"id": "taxes_000886", "topic": "taxes", "subtopic": "post_discount_tax", "prompt": "Cart: $8.84, $34.11, $54.97, $35.07, $25.23 with a 15% store discount. Local sales tax is 6.0% (tax after discount). About how much is the total?", "split": "test", "exact_value": 142.56}
{"id": "taxes_000887", "topic": "taxes", "subtopic": "pre_discount_tax", "prompt": "Cart: $55.09, $38.83, $44.40 with a 15% store discount. Local sales tax is 6.0% (tax calculated before discount). About how much is the total?", "split": "test", "exact_value": 125.87}
{"id": "taxes_000888", "topic": "taxes", "subtopic": "post_discount_tax", "prompt": "Cart: $36.01, $41.45 with a 10% store discount. Local sales tax is 8.5% (tax after discount). About how much is the total?", "split": "test", "exact_value": 75.64}
{"id": "taxes_000889", "topic": "taxes", "subtopic": "post_discount_tax", "prompt": "Cart: $8.09, $27.96, $40.79, $7.83, $3.93 with a 15% store discount. Local sales tax is 6.0% (tax after discount). About how much is the total?", "split": "test", "exact_value": 79.83}
{"id": "taxes_000890", "topic": "taxes", "subtopic": "pre_discount_tax", "prompt": "Cart: $43.44, $45.93, $57.04 with a 15% store discount. Local sales tax is 8.5% (tax calculated before discount). About how much is the total?", "split": "test", "exact_value": 136.89}
{"id": "taxes_000891", "topic": "taxes", "subtopic": "pre_discount_tax", "prompt": "Cart: $55.38, $43.15, $37.40, $8.22, $57.89 with a 10% store discount. Local sales tax is 7.0% (tax calculated before discount). About how much is the total?", "split": "test", "exact_value": 195.98}
{"id": "taxes_000892", "topic": "taxes", "subtopic": "pre_discount_tax", "prompt": "Cart: $46.57, $19.28 with a 10% store discount. Local sales tax is 7.5% (tax calculated before discount). About how much is the total?", "split": "test", "exact_value": 64.2}
{"id": "taxes_000893", "topic": "taxes", "subtopic": "pre_discount_tax", "prompt": "Cart: $35.27, $56.71. Local sales tax is 7.5% (tax calculated before discount). About how much is the total?", "split": "test", "exact_value": 98.88}
{"id": "taxes_000894", "topic": "taxes", "subtopic": "pre_discount_tax", "prompt": "Cart: $30.50, $41.70, $56.35 with a 20% store discount. Local sales tax is 8.0% (tax calculated before discount). About how much is the total?", "split": "test", "exact_value": 113.12}
{"id": "taxes_000895", "topic": "taxes", "subtopic": "post_discount_tax", "prompt": "Cart: $25.26, $43.96, $17.89, $3.88. Local sales tax is 8.0% (tax after discount). About how much is the total?", "split": "test", "exact_value": 98.27}
{"id": "taxes_000896", "topic": "taxes", "subtopic": "pre_discount_tax", "prompt": "Cart: $54.63, $48.07, $45.34 with a 10% store discount. Local sales tax is 6.0% (tax calculated before discount). About how much is the total?", "split": "test", "exact_value": 142.12}
{"id": "taxes_000897", "topic": "taxes", "subtopic": "pre_discount_tax", "prompt": "Cart: $36.93, $50.39, $56.78, $27.75, $31.20 with a 10% store discount. Local sales tax is 6.0% (tax calculated before discount). About how much is the total?", "split": "test", "exact_value": 194.93}
{"id": "taxes_000898", "topic": "taxes", "subtopic": "pre_discount_tax", "prompt": "Cart: $34.81, $6.21. Local sales tax is 6.0% (tax calculated before discount). About how much is the total?", "split": "test", "exact_value": 43.48}
{"id": "taxes_000899", "topic": "taxes", "subtopic": "pre_discount_tax", "prompt": "Cart: $52.28, $43.63, $47.56 with a 10% store discount. Local sales tax is 8.5% (tax calculated before discount). About how much is the total?", "split": "test", "exact_value": 141.32}
{"id": "taxes_000900", "topic": "taxes", "subtopic": "pre_discount_tax", "prompt": "Cart: $13.78, $23.67 with a 20% store discount. Local sales tax is 8.5% (tax calculated before discount). About how much is the total?", "split": "test", "exact_value": 33.14}
{"id": "taxes_000901", "topic": "taxes", "subtopic": "pre_discount_tax", "prompt": "Cart: $27.74, $12.00 with a 15% store discount. Local sales tax is 6.0% (tax calculated before discount). About how much is the total?", "split": "test", "exact_value": 36.16}
{"id": "taxes_000902", "topic": "taxes", "subtopic": "post_discount_tax", "prompt": "Cart: $34.85, $42.34, $43.10, $59.79, $49.56 with a 20% store discount. Local sales tax is 6.0% (tax after discount). About how much is the total?", "split": "test", "exact_value": 194.73}
{"id": "taxes_000903", "topic": "taxes", "subtopic": "pre_discount_tax", "prompt": "Cart: $52.09, $6.22, $19.77, $5.23, $12.72 with a 10% store discount. Local sales tax is 6.0% (tax calculated before discount). About how much is the total?", "split": "test", "exact_value": 92.19}
{"id": "taxes_000904", "topic": "taxes", "subtopic": "pre_discount_tax", "prompt": "Cart: $48.27, $3.82, $10.41. Local sales tax is 7.5% (tax calculated before discount). About how much is the total?", "split": "test", "exact_value": 67.19}
{"id": "taxes_000905", "topic": "taxes", "subtopic": "pre_discount_tax", "prompt": "Cart: $17.90, $48.48, $26.49, $5.89. Local sales tax is 8.5% (tax calculated before discount). About how much is the total?", "split": "test", "exact_value": 107.15}
{"id": "taxes_000906", "topic": "taxes", "subtopic": "post_discount_tax", "prompt": "Cart: $17.99, $48.94 with a 10% store discount. Local sales tax is 8.5% (tax after discount). About how much is the total?", "split": "test", "exact_value": 65.36}
{"id": "taxes_000907", "topic": "taxes", "subtopic": "post_discount_tax", "prompt": "Cart: $35.35, $18.38, $35.47, $23.40, $49.83 with a 15% store discount. Local sales tax is 6.0% (tax after discount). About how much is the total?", "split": "test", "exact_value": 146.35}
{"id": "taxes_000908", "topic": "taxes", "subtopic": "pre_discount_tax", "prompt": "Cart: $50.25, $42.61, $29.30, $22.73, $27.91 with a 10% store discount. Local sales tax is 8.5% (tax calculated before discount). About how much is the total?", "split": "test", "exact_value": 170.21}
{"id": "taxes_000909", "topic": "taxes", "subtopic": "post_discount_tax", "prompt": "Cart: $31.01, $11.49. Local sales tax is 7.5% (tax after discount). About how much is the total?", "split": "test", "exact_value": 45.69}
{"id": "taxes_000910", "topic": "taxes", "subtopic": "post_discount_tax", "prompt": "Cart: $41.07, $40.66, $19.90 with a 20% store discount. Local sales tax is 7.5% (tax after discount). About how much is the total?", "split": "test", "exact_value": 87.4}
{"id": "taxes_000911", "topic": "taxes", "subtopic": "post_discount_tax", "prompt": "Cart: $13.61, $51.40, $41.60, $38.92, $19.74 with a 20% store discount. Local sales tax is 8.0% (tax after discount). About how much is the total?", "split": "test", "exact_value": 142.79}
{"id": "taxes_000912", "topic": "taxes", "subtopic": "pre_discount_tax", "prompt": "Cart: $14.52, $8.90, $56.50, $58.14 with a 10% store discount. Local sales tax is 8.0% (tax calculated before discount). About how much is the total?", "split": "test", "exact_value": 135.3}
{"id": "taxes_000913", "topic": "taxes", "subtopic": "post_discount_tax", "prompt": "Cart: $30.01, $20.07 with a 15% store discount. Local sales tax is 8.0% (tax after discount). About how much is the total?", "split": "test", "exact_value": 45.97}
{"id": "taxes_000914", "topic": "taxes", "subtopic": "pre_discount_tax", "prompt": "Cart: $58.07, $57.84, $25.38 with a 20% store discount. Local sales tax is 8.5% (tax calculated before discount). About how much is the total?", "split": "test", "exact_value": 125.04}
{"id": "taxes_000915", "topic": "taxes", "subtopic": "post_discount_tax", "prompt": "Cart: $10.32, $25.54 with a 20% store discount. Local sales tax is 7.0% (tax after discount). About how much is the total?", "split": "test", "exact_value": 30.7}
{"id": "taxes_000916", "topic": "taxes", "subtopic": "post_discount_tax", "prompt": "Cart: $46.88, $20.92 with a 10% store discount. Local sales tax is 8.5% (tax after discount). About how much is the total?", "split": "test", "exact_value": 66.21}
{"id": "taxes_000917", "topic": "taxes", "subtopic": "post_discount_tax", "prompt": "Cart: $52.99, $37.08, $39.16, $47.90, $26.83. Local sales tax is 6.0% (tax after discount). About how much is the total?", "split": "test", "exact_value": 216.2}
{"id": "taxes_000918", "topic": "taxes", "subtopic": "post_discount_tax", "prompt": "Cart: $24.87, $50.90, $45.64, $49.91. Local sales tax is 7.5% (tax after discount). About how much is the total?", "split": "test", "exact_value": 184.17}
{"id": "taxes_000919", "topic": "taxes", "subtopic": "pre_discount_tax", "prompt": "Cart: $54.16, $49.93 with a 10% store discount. Local sales tax is 8.0% (tax calculated before discount). About how much is the total?", "split": "test", "exact_value": 102.01}
{"id": "taxes_000920", "topic": "taxes", "subtopic": "pre_discount_tax", "prompt": "Cart: $43.99, $11.82 with a 15% store discount. Local sales tax is 7.0% (tax calculated before discount). About how much is the total?", "split": "test", "exact_value": 51.35}
{"id": "taxes_000921", "topic": "taxes", "subtopic": "pre_discount_tax", "prompt": "Cart: $22.71, $22.79, $45.46. Local sales tax is 6.0% (tax calculated before discount). About how much is the total?", "split": "test", "exact_value": 96.42}
{"id": "taxes_000922", "topic": "taxes", "subtopic": "post_discount_tax", "prompt": "Cart: $37.40, $53.13, $29.06, $9.59 with a 15% store discount. Local sales tax is 6.0% (tax after discount). About how much is the total?", "split": "test", "exact_value": 116.39}
{"id": "taxes_000923", "topic": "taxes", "subtopic": "pre_discount_tax", "prompt": "Cart: $38.86, $54.80 with a 15% store discount. Local sales tax is 7.0% (tax calculated before discount). About how much is the total?", "split": "test", "exact_value": 86.17}
{"id": "taxes_000924", "topic": "taxes", "subtopic": "pre_discount_tax", "prompt": "Cart: $14.14, $10.22 with a 15% store discount. Local sales tax is 7.5% (tax calculated before discount). About how much is the total?", "split": "test", "exact_value": 22.53}
{"id": "taxes_000925", "topic": "taxes", "subtopic": "post_discount_tax", "prompt": "Cart: $22.10, $57.77 with a 10% store discount. Local sales tax is 8.5% (tax after discount). About how much is the total?", "split": "test", "exact_value": 77.99}
{"id": "taxes_000926", "topic": "taxes", "subtopic": "post_discount_tax", "prompt": "Cart: $17.17, $10.66, $44.05. Local sales tax is 6.0% (tax after discount). About how much is the total?", "split": "test", "exact_value": 76.19}
{"id": "taxes_000927", "topic": "taxes", "subtopic": "pre_discount_tax", "prompt": "Cart: $55.55, $36.18, $55.27. Local sales tax is 7.0% (tax calculated before discount). About how much is the total?", "split": "test", "exact_value": 157.29}
{"id": "taxes_000928", "topic": "taxes", "subtopic": "post_discount_tax", "prompt": "Cart: $19.37, $5.24 with a 20% store discount. Local sales tax is 8.5% (tax after discount). About how much is the total?", "split": "test", "exact_value": 21.36}
{"id": "taxes_000929", "topic": "taxes", "subtopic": "pre_discount_tax", "prompt": "Cart: $42.74, $48.71, $14.61, $51.11 with a 20% store discount. Local sales tax is 8.0% (tax calculated before discount). About how much is the total?", "split": "test", "exact_value": 138.31}
{"id": "taxes_000930", "topic": "taxes", "subtopic": "pre_discount_tax", "prompt": "Cart: $6.04, $11.89, $55.92, $27.62 with a 10% store discount. Local sales tax is 8.5% (tax calculated before discount). About how much is the total?", "split": "test", "exact_value": 99.95}
{"id": "taxes_000931", "topic": "taxes", "subtopic": "pre_discount_tax", "prompt": "Cart: $15.75, $38.67. Local sales tax is 8.5% (tax calculated before discount). About how much is the total?", "split": "test", "exact_value": 59.05}
{"id": "taxes_000932", "topic": "taxes", "subtopic": "pre_discount_tax", "prompt": "Cart: $57.74, $48.92 with a 20% store discount. Local sales tax is 8.5% (tax calculated before discount). About how much is the total?", "split": "test", "exact_value": 94.39}
{"id": "taxes_000933", "topic": "taxes", "subtopic": "pre_discount_tax", "prompt": "Cart: $12.68, $26.56, $59.62, $32.83 with a 20% store discount. Local sales tax is 8.5% (tax calculated before discount). About how much is the total?", "split": "test", "exact_value": 116.55}
{"id": "taxes_000934", "topic": "taxes", "subtopic": "pre_discount_tax", "prompt": "Cart: $23.92, $30.24, $58.43, $47.35 with a 10% store discount. Local sales tax is 7.5% (tax calculated before discount). About how much is the total?", "split": "test", "exact_value": 155.94}
{"id": "taxes_000935", "topic": "taxes", "subtopic": "post_discount_tax", "prompt": "Cart: $46.84, $20.47, $33.02 with a 10% store discount. Local sales tax is 8.5% (tax after discount). About how much is the total?", "split": "test", "exact_value": 97.97}
{"id": "taxes_000936", "topic": "taxes", "subtopic": "pre_discount_tax", "prompt": "Cart: $50.04, $11.91, $21.05, $45.74, $10.74 with a 10% store discount. Local sales tax is 7.5% (tax calculated before discount). About how much is the total?", "split": "test", "exact_value": 135.99}
{"id": "taxes_000937", "topic": "taxes", "subtopic": "post_discount_tax", "prompt": "Cart: $7.31, $29.82 with a 10% store discount. Local sales tax is 8.5% (tax after discount). About how much is the total?", "split": "test", "exact_value": 36.26}
{"id": "taxes_000938", "topic": "taxes", "subtopic": "pre_discount_tax", "prompt": "Cart: $6.09, $17.59, $22.50, $16.51 with a 10% store discount. Local sales tax is 8.5% (tax calculated before discount). About how much is the total?", "split": "test", "exact_value": 61.75}
{"id": "taxes_000939", "topic": "taxes", "subtopic": "post_discount_tax", "prompt": "Cart: $3.89, $18.29, $25.90 with a 20% store discount. Local sales tax is 8.0% (tax after discount). About how much is the total?", "split": "test", "exact_value": 41.54}
{"id": "taxes_000940", "topic": "taxes", "subtopic": "post_discount_tax", "prompt": "Cart: $33.56, $34.02 with a 15% store discount. Local sales tax is 8.0% (tax after discount). About how much is the total?", "split": "test", "exact_value": 62.04}
{"id": "taxes_000941", "topic": "taxes", "subtopic": "post_discount_tax", "prompt": "Cart: $7.96, $41.07, $6.63, $30.19, $15.22 with a 20% store discount. Local sales tax is 7.0% (tax after discount). About how much is the total?", "split": "test", "exact_value": 86.52}
{"id": "taxes_000942", "topic": "taxes", "subtopic": "post_discount_tax", "prompt": "Cart: $9.29, $47.40, $43.57 with a 10% store discount. Local sales tax is 8.0% (tax after discount). About how much is the total?", "split": "test", "exact_value": 97.45}
{"id": "taxes_000943", "topic": "taxes", "subtopic": "pre_discount_tax", "prompt": "Cart: $30.65, $20.19 with a 15% store discount. Local sales tax is 6.0% (tax calculated before discount). About how much is the total?", "split": "test", "exact_value": 46.26}
{"id": "taxes_000944", "topic": "taxes", "subtopic": "post_discount_tax", "prompt": "Cart: $3.70, $49.77, $4.35. Local sales tax is 8.0% (tax after discount). About how much is the total?", "split": "test", "exact_value": 62.45}
{"id": "taxes_000945", "topic": "taxes", "subtopic": "post_discount_tax", "prompt": "Cart: $23.57, $36.87, $52.49, $25.07 with a 15% store discount. Local sales tax is 7.5% (tax after discount). About how much is the total?", "split": "test", "exact_value": 126.1}
{"id": "taxes_000946", "topic": "taxes", "subtopic": "post_discount_tax", "prompt": "Cart: $18.81, $15.06, $7.40, $48.45. Local sales tax is 8.0% (tax after discount). About how much is the total?", "split": "test", "exact_value": 96.9}
{"id": "taxes_000947", "topic": "taxes", "subtopic": "pre_discount_tax", "prompt": "Cart: $16.30, $49.75, $53.61, $47.87 with a 10% store discount. Local sales tax is 8.0% (tax calculated before discount). About how much is the total?", "split": "test", "exact_value": 164.18}
{"id": "taxes_000948", "topic": "taxes", "subtopic": "post_discount_tax", "prompt": "Cart: $5.10, $4.91, $6.07, $15.13, $39.26 with a 15% store discount. Local sales tax is 7.0% (tax after discount). About how much is the total?", "split": "test", "exact_value": 64.09}
{"id": "taxes_000949", "topic": "taxes", "subtopic": "post_discount_tax", "prompt": "Cart: $24.07, $43.69, $43.10, $49.47, $44.00. Local sales tax is 6.0% (tax after discount). About how much is the total?", "split": "test", "exact_value": 216.59}
{"id": "taxes_000950", "topic": "taxes", "subtopic": "post_discount_tax", "prompt": "Cart: $6.52, $43.64, $56.06, $53.36, $10.02 with a 10% store discount. Local sales tax is 8.5% (tax after discount). About how much is the total?", "split": "test", "exact_value": 165.61}
{"id": "taxes_000951", "topic": "taxes", "subtopic": "post_discount_tax", "prompt": "Cart: $15.77, $28.19, $55.37, $32.59 with a 15% store discount. Local sales tax is 8.0% (tax after discount). About how much is the total?", "split": "test", "exact_value": 121.1}
{"id": "taxes_000952", "topic": "taxes", "subtopic": "pre_discount_tax", "prompt": "Cart: $15.60, $12.54, $14.01 with a 15% store discount. Local sales tax is 8.5% (tax calculated before discount). About how much is the total?", "split": "test", "exact_value": 39.41}
{"id": "taxes_000953", "topic": "taxes", "subtopic": "post_discount_tax", "prompt": "Cart: $56.00, $28.29 with a 20% store discount. Local sales tax is 7.5% (tax after discount). About how much is the total?", "split": "test", "exact_value": 72.49}
{"id": "taxes_000954", "topic": "taxes", "subtopic": "pre_discount_tax", "prompt": "Cart: $58.89, $44.84 with a 10% store discount. Local sales tax is 8.5% (tax calculated before discount). About how much is the total?", "split": "test", "exact_value": 102.17}
{"id": "taxes_000955", "topic": "taxes", "subtopic": "post_discount_tax", "prompt": "Cart: $20.99, $30.14, $52.00, $17.94, $29.43 with a 20% store discount. Local sales tax is 7.0% (tax after discount). About how much is the total?", "split": "test", "exact_value": 128.83}
{"id": "taxes_000956", "topic": "taxes", "subtopic": "post_discount_tax", "prompt": "Cart: $52.06, $58.97, $23.45, $4.20, $41.47 with a 20% store discount. Local sales tax is 8.0% (tax after discount). About how much is the total?", "split": "test", "exact_value": 155.65}
{"id": "taxes_000957", "topic": "taxes", "subtopic": "pre_discount_tax", "prompt": "Cart: $51.79, $34.54, $12.23 with a 10% store discount. Local sales tax is 7.0% (tax calculated before discount). About how much is the total?", "split": "test", "exact_value": 95.6}
{"id": "taxes_000958", "topic": "taxes", "subtopic": "pre_discount_tax", "prompt": "Cart: $52.01, $31.93, $52.37 with a 10% store discount. Local sales tax is 8.5% (tax calculated before discount). About how much is the total?", "split": "test", "exact_value": 134.27}
{"id": "taxes_000959", "topic": "taxes", "subtopic": "post_discount_tax", "prompt": "Cart: $46.57, $11.04, $18.26, $48.15 with a 10% store discount. Local sales tax is 8.5% (tax after discount). About how much is the total?", "split": "test", "exact_value": 121.11}
{"id": "taxes_000960", "topic": "taxes", "subtopic": "pre_discount_tax", "prompt": "Cart: $54.70, $44.28 with a 20% store discount. Local sales tax is 7.5% (tax calculated before discount). About how much is the total?", "split": "test", "exact_value": 86.61}
{"id": "taxes_000961", "topic": "taxes", "subtopic": "pre_discount_tax", "prompt": "Cart: $54.35, $26.14. Local sales tax is 8.0% (tax calculated before discount). About how much is the total?", "split": "test", "exact_value": 86.93}
{"id": "taxes_000962", "topic": "taxes", "subtopic": "post_discount_tax", "prompt": "Cart: $59.34, $8.83, $14.92, $40.41 with a 10% store discount. Local sales tax is 7.5% (tax after discount). About how much is the total?", "split": "test", "exact_value": 119.49}
{"id": "taxes_000963", "topic": "taxes", "subtopic": "post_discount_tax", "prompt": "Cart: $36.16, $59.97, $8.66, $58.10 with a 20% store discount. Local sales tax is 7.5% (tax after discount). About how much is the total?", "split": "test", "exact_value": 140.09}
{"id": "taxes_000964", "topic": "taxes", "subtopic": "post_discount_tax", "prompt": "Cart: $12.19, $18.26. Local sales tax is 6.0% (tax after discount). About how much is the total?", "split": "test", "exact_value": 32.28}
{"id": "taxes_000965", "topic": "taxes", "subtopic": "post_discount_tax", "prompt": "Cart: $29.91, $42.03, $30.26 with a 15% store discount. Local sales tax is 6.0% (tax after discount). About how much is the total?", "split": "test", "exact_value": 92.08}
{"id": "taxes_000966", "topic": "taxes", "subtopic": "pre_discount_tax", "prompt": "Cart: $17.75, $57.15, $8.85, $42.44, $44.54 with a 15% store discount. Local sales tax is 8.5% (tax calculated before discount). About how much is the total?", "split": "test", "exact_value": 159.63}
{"id": "taxes_000967", "topic": "taxes", "subtopic": "post_discount_tax", "prompt": "Cart: $35.85, $18.07, $7.63, $17.43 with a 10% store discount. Local sales tax is 8.5% (tax after discount). About how much is the total?", "split": "test", "exact_value": 77.12}
{"id": "taxes_000968", "topic": "taxes", "subtopic": "pre_discount_tax", "prompt": "Cart: $46.60, $26.66, $54.88 with a 15% store discount. Local sales tax is 8.0% (tax calculated before discount). About how much is the total?", "split": "test", "exact_value": 119.17}
{"id": "taxes_000969", "topic": "taxes", "subtopic": "post_discount_tax", "prompt": "Cart: $31.11, $29.55, $32.85 with a 20% store discount. Local sales tax is 8.0% (tax after discount). About how much is the total?", "split": "test", "exact_value": 80.79}
{"id": "taxes_000970", "topic": "taxes", "subtopic": "post_discount_tax", "prompt": "Cart: $23.88, $35.07, $7.55. Local sales tax is 7.5% (tax after discount). About how much is the total?", "split": "test", "exact_value": 71.49}
{"id": "taxes_000971", "topic": "taxes", "subtopic": "post_discount_tax", "prompt": "Cart: $59.90, $7.61, $23.04, $47.25. Local sales tax is 8.5% (tax after discount). About how much is the total?", "split": "test", "exact_value": 149.51}
{"id": "taxes_000972", "topic": "taxes", "subtopic": "post_discount_tax", "prompt": "Cart: $27.92, $31.25, $10.85. Local sales tax is 7.0% (tax after discount). About how much is the total?", "split": "test", "exact_value": 74.92}
{"id": "taxes_000973", "topic": "taxes", "subtopic": "post_discount_tax", "prompt": "Cart: $9.99, $52.41, $5.36, $7.73, $16.14 with a 15% store discount. Local sales tax is 6.0% (tax after discount). About how much is the total?", "split": "test", "exact_value": 82.56}
{"id": "taxes_000974", "topic": "taxes", "subtopic": "post_discount_tax", "prompt": "Cart: $20.88, $13.85 with a 20% store discount. Local sales tax is 7.0% (tax after discount). About how much is the total?", "split": "test", "exact_value": 29.73}
{"id": "taxes_000975", "topic": "taxes", "subtopic": "post_discount_tax", "prompt": "Cart: $38.43, $46.32, $18.27, $36.54, $4.21 with a 20% store discount. Local sales tax is 6.0% (tax after discount). About how much is the total?", "split": "test", "exact_value": 121.92}
{"id": "taxes_000976", "topic": "taxes", "subtopic": "pre_discount_tax", "prompt": "Cart: $47.41, $54.76, $17.62, $29.50, $37.71. Local sales tax is 7.5% (tax calculated before discount). About how much is the total?", "split": "test", "exact_value": 201.03}
{"id": "taxes_000977", "topic": "taxes", "subtopic": "post_discount_tax", "prompt": "Cart: $16.16, $40.86, $5.00, $29.15, $56.52 with a 20% store discount. Local sales tax is 8.0% (tax after discount). About how much is the total?", "split": "test", "exact_value": 127.6}
{"id": "taxes_000978", "topic": "taxes", "subtopic": "pre_discount_tax", "prompt": "Cart: $29.03, $58.74, $36.49, $25.77, $6.04 with a 10% store discount. Local sales tax is 7.0% (tax calculated before discount). About how much is the total?", "split": "test", "exact_value": 151.39}
{"id": "taxes_000979", "topic": "taxes", "subtopic": "post_discount_tax", "prompt": "Cart: $27.92, $16.13, $13.29 with a 20% store discount. Local sales tax is 7.5% (tax after discount). About how much is the total?", "split": "test", "exact_value": 49.31}
{"id": "taxes_000980", "topic": "taxes", "subtopic": "post_discount_tax", "prompt": "Cart: $54.10, $54.97, $38.55. Local sales tax is 8.0% (tax after discount). About how much is the total?", "split": "test", "exact_value": 159.43}
{"id": "taxes_000981", "topic": "taxes", "subtopic": "post_discount_tax", "prompt": "Cart: $55.19, $28.57, $14.53, $46.89 with a 20% store discount. Local sales tax is 8.0% (tax after discount). About how much is the total?", "split": "test", "exact_value": 125.44}
{"id": "taxes_000982", "topic": "taxes", "subtopic": "pre_discount_tax", "prompt": "Cart: $10.02, $22.45. Local sales tax is 8.5% (tax calculated before discount). About how much is the total?", "split": "test", "exact_value": 35.23}
{"id": "taxes_000983", "topic": "taxes", "subtopic": "post_discount_tax", "prompt": "Cart: $15.11, $49.16, $44.74, $51.52, $3.75 with a 20% store discount. Local sales tax is 8.5% (tax after discount). About how much is the total?", "split": "test", "exact_value": 142.6}
{"id": "taxes_000984", "topic": "taxes", "subtopic": "post_discount_tax", "prompt": "Cart: $32.21, $42.35, $52.50, $42.29, $27.23. Local sales tax is 6.0% (tax after discount). About how much is the total?", "split": "test", "exact_value": 208.37}
{"id": "taxes_000985", "topic": "taxes", "subtopic": "post_discount_tax", "prompt": "Cart: $14.82, $23.08, $24.88, $58.19, $52.19 with a 15% store discount. Local sales tax is 8.5% (tax after discount). About how much is the total?", "split": "test", "exact_value": 159.7}
{"id": "taxes_000986", "topic": "taxes", "subtopic": "pre_discount_tax", "prompt": "Cart: $59.59, $26.70, $18.83. Local sales tax is 8.0% (tax calculated before discount). About how much is the total?", "split": "test", "exact_value": 113.53}
{"id": "taxes_000987", "topic": "taxes", "subtopic": "pre_discount_tax", "prompt": "Cart: $14.83, $31.18, $50.93, $40.66, $53.49 with a 20% store discount. Local sales tax is 7.5% (tax calculated before discount). About how much is the total?", "split": "test", "exact_value": 167.2}
{"id": "taxes_000988", "topic": "taxes", "subtopic": "post_discount_tax", "prompt": "Cart: $32.77, $40.54, $25.37, $38.46 with a 15% store discount. Local sales tax is 8.5% (tax after discount). About how much is the total?", "split": "test", "exact_value": 126.48}
{"id": "taxes_000989", "topic": "taxes", "subtopic": "post_discount_tax", "prompt": "Cart: $23.20, $51.06 with a 15% store discount. Local sales tax is 7.0% (tax after discount). About how much is the total?", "split": "test", "exact_value": 67.54}
{"id": "taxes_000990", "topic": "taxes", "subtopic": "post_discount_tax", "prompt": "Cart: $52.28, $40.09, $43.99, $10.82 with a 15% store discount. Local sales tax is 6.0% (tax after discount). About how much is the total?", "split": "test", "exact_value": 132.61}
{"id": "taxes_000991", "topic": "taxes", "subtopic": "pre_discount_tax", "prompt": "Cart: $31.47, $37.42, $3.80, $44.45, $41.87 with a 20% store discount. Local sales tax is 8.5% (tax calculated before discount). About how much is the total?", "split": "test", "exact_value": 140.72}
{"id": "taxes_000992", "topic": "taxes", "subtopic": "post_discount_tax", "prompt": "Cart: $39.75, $18.11, $53.07 with a 20% store discount. Local sales tax is 7.0% (tax after discount). About how much is the total?", "split": "test", "exact_value": 94.96}
{"id": "taxes_000993", "topic": "taxes", "subtopic": "post_discount_tax", "prompt": "Cart: $34.79, $56.70, $47.16, $30.73 with a 15% store discount. Local sales tax is 6.0% (tax after discount). About how much is the total?", "split": "test", "exact_value": 152.61}
{"id": "taxes_000994", "topic": "taxes", "subtopic": "pre_discount_tax", "prompt": "Cart: $14.72, $33.64, $55.75 with a 10% store discount. Local sales tax is 8.5% (tax calculated before discount). About how much is the total?", "split": "test", "exact_value": 102.55}
{"id": "taxes_000995", "topic": "taxes", "subtopic": "pre_discount_tax", "prompt": "Cart: $17.48, $37.44. Local sales tax is 7.5% (tax calculated before discount). About how much is the total?", "split": "test", "exact_value": 59.04}
{"id": "taxes_000996", "topic": "taxes", "subtopic": "post_discount_tax", "prompt": "Cart: $30.31, $29.40 with a 15% store discount. Local sales tax is 6.0% (tax after discount). About how much is the total?", "split": "test", "exact_value": 53.8}
{"id": "taxes_000997", "topic": "taxes", "subtopic": "pre_discount_tax", "prompt": "Cart: $3.56, $53.20, $15.83, $49.30. Local sales tax is 7.5% (tax calculated before discount). About how much is the total?", "split": "test", "exact_value": 131.03}
{"id": "taxes_000998", "topic": "taxes", "subtopic": "post_discount_tax", "prompt": "Cart: $6.08, $45.19 with a 20% store discount. Local sales tax is 7.0% (tax after discount). About how much is the total?", "split": "test", "exact_value": 43.89}
{"id": "taxes_000999", "topic": "taxes", "subtopic": "post_discount_tax", "prompt": "Cart: $52.61, $29.03, $36.34 with a 10% store discount. Local sales tax is 7.0% (tax after discount). About how much is the total?", "split": "test", "exact_value": 113.61}
{"id": "taxes_001000", "topic": "taxes", "subtopic": "post_discount_tax", "prompt": "Cart: $29.89, $40.09, $18.55, $59.05, $48.05 with a 20% store discount. Local sales tax is 8.0% (tax after discount). About how much is the total?", "split": "test", "exact_value": 169.02}
{"id": "taxes_001001", "topic": "taxes", "subtopic": "pre_discount_tax", "prompt": "Cart: $15.83, $51.92, $11.20 with a 10% store discount. Local sales tax is 8.0% (tax calculated before discount). About how much is the total?", "split": "test", "exact_value": 77.37}
{"id": "taxes_001002", "topic": "taxes", "subtopic": "post_discount_tax", "prompt": "Cart: $9.79, $37.09, $47.70, $43.53 with a 15% store discount. Local sales tax is 8.5% (tax after discount). About how much is the total?", "split": "test", "exact_value": 127.37}
{"id": "taxes_001003", "topic": "taxes", "subtopic": "pre_discount_tax", "prompt": "Cart: $53.05, $4.68 with a 20% store discount. Local sales tax is 8.0% (tax calculated before discount). About how much is the total?", "split": "test", "exact_value": 50.8}
{"id": "taxes_001004", "topic": "taxes", "subtopic": "pre_discount_tax", "prompt": "Cart: $48.93, $9.71, $52.86, $22.02, $25.62 with a 15% store discount. Local sales tax is 8.5% (tax calculated before discount). About how much is the total?", "split": "test", "exact_value": 148.8}
{"id": "taxes_001005", "topic": "taxes", "subtopic": "post_discount_tax", "prompt": "Cart: $35.46, $30.01, $32.78, $59.76, $52.25 with a 20% store discount. Local sales tax is 6.0% (tax after discount). About how much is the total?", "split": "test", "exact_value": 178.3}
{"id": "taxes_001006", "topic": "taxes", "subtopic": "pre_discount_tax", "prompt": "Cart: $17.71, $53.74, $28.76, $40.51 with a 20% store discount. Local sales tax is 7.5% (tax calculated before discount). About how much is the total?", "split": "test", "exact_value": 123.13}
{"id": "taxes_001007", "topic": "taxes", "subtopic": "pre_discount_tax", "prompt": "Cart: $4.79, $49.17, $22.92, $46.28 with a 20% store discount. Local sales tax is 7.0% (tax calculated before discount). About how much is the total?", "split": "test", "exact_value": 107.15}
{"id": "taxes_001008", "topic": "taxes", "subtopic": "pre_discount_tax", "prompt": "Cart: $46.46, $5.13, $26.29 with a 20% store discount. Local sales tax is 8.5% (tax calculated before discount). About how much is the total?", "split": "test", "exact_value": 68.92}
{"id": "taxes_001009", "topic": "taxes", "subtopic": "post_discount_tax", "prompt": "Cart: $46.22, $6.91, $8.30, $51.30, $43.02 with a 10% store discount. Local sales tax is 6.0% (tax after discount). About how much is the total?", "split": "test", "exact_value": 148.59}
{"id": "taxes_001010", "topic": "taxes", "subtopic": "pre_discount_tax", "prompt": "Cart: $53.38, $26.04, $8.85. Local sales tax is 7.0% (tax calculated before discount). About how much is the total?", "split": "test", "exact_value": 94.45}
{"id": "taxes_001011", "topic": "taxes", "subtopic": "pre_discount_tax", "prompt": "Cart: $31.29, $17.82, $37.29 with a 15% store discount. Local sales tax is 8.5% (tax calculated before discount). About how much is the total?", "split": "test", "exact_value": 80.78}
{"id": "taxes_001012", "topic": "taxes", "subtopic": "pre_discount_tax", "prompt": "Cart: $54.86, $17.53, $26.72 with a 20% store discount. Local sales tax is 8.5% (tax calculated before discount). About how much is the total?", "split": "test", "exact_value": 87.71}
{"id": "taxes_001013", "topic": "taxes", "subtopic": "pre_discount_tax", "prompt": "Cart: $55.28, $32.02, $58.82, $31.13. Local sales tax is 6.0% (tax calculated before discount). About how much is the total?", "split": "test", "exact_value": 187.89}
{"id": "taxes_001014", "topic": "taxes", "subtopic": "post_discount_tax", "prompt": "Cart: $10.22, $5.18, $27.63, $5.80 with a 20% store discount. Local sales tax is 6.0% (tax after discount). About how much is the total?", "split": "test", "exact_value": 41.41}
{"id": "taxes_001015", "topic": "taxes", "subtopic": "pre_discount_tax", "prompt": "Cart: $28.43, $44.78, $32.43, $14.58 with a 10% store discount. Local sales tax is 6.0% (tax calculated before discount). About how much is the total?", "split": "test", "exact_value": 115.41}
{"id": "taxes_001016", "topic": "taxes", "subtopic": "post_discount_tax", "prompt": "Cart: $29.62, $27.95, $52.42, $40.78 with a 15% store discount. Local sales tax is 6.0% (tax after discount). About how much is the total?", "split": "test", "exact_value": 135.84}
{"id": "taxes_001017", "topic": "taxes", "subtopic": "post_discount_tax", "prompt": "Cart: $30.57, $32.54, $38.20. Local sales tax is 7.0% (tax after discount). About how much is the total?", "split": "test", "exact_value": 108.4}
{"id": "taxes_001018", "topic": "taxes", "subtopic": "post_discount_tax", "prompt": "Cart: $48.23, $47.89, $48.89 with a 10% store discount. Local sales tax is 7.5% (tax after discount). About how much is the total?", "split": "test", "exact_value": 140.3}
{"id": "taxes_001019", "topic": "taxes", "subtopic": "pre_discount_tax", "prompt": "Cart: $31.31, $32.83, $45.65, $31.89, $18.57 with a 15% store discount. Local sales tax is 7.5% (tax calculated before discount). About how much is the total?", "split": "test", "exact_value": 148.23}
{"id": "taxes_001020", "topic": "taxes", "subtopic": "pre_discount_tax", "prompt": "Cart: $59.79, $36.69, $4.84, $59.76 with a 20% store discount. Local sales tax is 6.0% (tax calculated before discount). About how much is the total?", "split": "test", "exact_value": 138.53}
{"id": "taxes_001021", "topic": "taxes", "subtopic": "post_discount_tax", "prompt": "Cart: $3.78, $43.79, $22.83, $27.41, $38.80. Local sales tax is 6.0% (tax after discount). About how much is the total?", "split": "test", "exact_value": 144.81}
{"id": "taxes_001022", "topic": "taxes", "subtopic": "post_discount_tax", "prompt": "Cart: $15.17, $55.02, $5.62 with a 20% store discount. Local sales tax is 7.0% (tax after discount). About how much is the total?", "split": "test", "exact_value": 64.89}
{"id": "taxes_001023", "topic": "taxes", "subtopic": "post_discount_tax", "prompt": "Cart: $15.86, $57.70, $49.96 with a 10% store discount. Local sales tax is 7.0% (tax after discount). About how much is the total?", "split": "test", "exact_value": 118.95}
{"id": "taxes_001024", "topic": "taxes", "subtopic": "post_discount_tax", "prompt": "Cart: $23.41, $58.24, $58.77, $5.15, $37.23. Local sales tax is 8.5% (tax after discount). About how much is the total?", "split": "test", "exact_value": 198.34}
{"id": "taxes_001025", "topic": "taxes", "subtopic": "post_discount_tax", "prompt": "Cart: $48.98, $51.04, $48.93, $42.06 with a 10% store discount. Local sales tax is 7.0% (tax after discount). About how much is the total?", "split": "test", "exact_value": 183.94}
{"id": "taxes_001026", "topic": "taxes", "subtopic": "pre_discount_tax", "prompt": "Cart: $11.74, $58.56 with a 15% store discount. Local sales tax is 8.5% (tax calculated before discount). About how much is the total?", "split": "test", "exact_value": 65.73}
{"id": "taxes_001027", "topic": "taxes", "subtopic": "pre_discount_tax", "prompt": "Cart: $35.04, $55.55. Local sales tax is 6.0% (tax calculated before discount). About how much is the total?", "split": "test", "exact_value": 96.03}
{"id": "taxes_001028", "topic": "taxes", "subtopic": "post_discount_tax", "prompt": "Cart: $14.82, $41.02, $33.53 with a 20% store discount. Local sales tax is 6.0% (tax after discount). About how much is the total?", "split": "test", "exact_value": 75.79}
{"id": "taxes_001029", "topic": "taxes", "subtopic": "pre_discount_tax", "prompt": "Cart: $20.49, $52.90 with a 10% store discount. Local sales tax is 6.0% (tax calculated before discount). About how much is the total?", "split": "test", "exact_value": 70.45}
{"id": "taxes_001030", "topic": "taxes", "subtopic": "pre_discount_tax", "prompt": "Cart: $20.29, $19.76, $28.82, $55.20 with a 20% store discount. Local sales tax is 7.5% (tax calculated before discount). About how much is the total?", "split": "test", "exact_value": 108.56}
{"id": "taxes_001031", "topic": "taxes", "subtopic": "post_discount_tax", "prompt": "Cart: $53.49, $36.65, $33.18, $45.78, $18.80 with a 15% store discount. Local sales tax is 7.5% (tax after discount). About how much is the total?", "split": "test", "exact_value": 171.69}
{"id": "taxes_001032", "topic": "taxes", "subtopic": "pre_discount_tax", "prompt": "Cart: $24.66, $8.27 with a 20% store discount. Local sales tax is 7.0% (tax calculated before discount). About how much is the total?", "split": "test", "exact_value": 28.65}
{"id": "taxes_001033", "topic": "taxes", "subtopic": "pre_discount_tax", "prompt": "Cart: $46.69, $52.66, $28.16 with a 10% store discount. Local sales tax is 7.5% (tax calculated before discount). About how much is the total?", "split": "test", "exact_value": 124.32}
{"id": "taxes_001034", "topic": "taxes", "subtopic": "post_discount_tax", "prompt": "Cart: $31.99, $13.92 with a 15% store discount. Local sales tax is 7.5% (tax after discount). About how much is the total?", "split": "test", "exact_value": 41.95}
{"id": "taxes_001035", "topic": "taxes", "subtopic": "post_discount_tax", "prompt": "Cart: $47.22, $47.75, $40.86, $7.97, $54.64. Local sales tax is 8.5% (tax after discount). About how much is the total?", "split": "test", "exact_value": 215.31}
{"id": "taxes_001036", "topic": "taxes", "subtopic": "pre_discount_tax", "prompt": "Cart: $56.42, $10.49 with a 15% store discount. Local sales tax is 8.0% (tax calculated before discount). About how much is the total?", "split": "test", "exact_value": 62.23}
{"id": "taxes_001037", "topic": "taxes", "subtopic": "post_discount_tax", "prompt": "Cart: $45.40, $29.11, $9.33, $48.65 with a 15% store discount. Local sales tax is 6.0% (tax after discount). About how much is the total?", "split": "test", "exact_value": 119.37}
{"id": "taxes_001038", "topic": "taxes", "subtopic": "post_discount_tax", "prompt": "Cart: $53.48, $51.25 with a 10% store discount. Local sales tax is 6.0% (tax after discount). About how much is the total?", "split": "test", "exact_value": 99.91}
{"id": "taxes_001039", "topic": "taxes", "subtopic": "post_discount_tax", "prompt": "Cart: $26.50, $19.90, $16.90, $22.27 with a 20% store discount. Local sales tax is 8.0% (tax after discount). About how much is the total?", "split": "test", "exact_value": 73.93}
{"id": "taxes_001040", "topic": "taxes", "subtopic": "post_discount_tax", "prompt": "Cart: $47.78, $37.47, $48.69, $56.27 with a 15% store discount. Local sales tax is 7.5% (tax after discount). About how much is the total?", "split": "test", "exact_value": 173.8}
{"id": "taxes_001041", "topic": "taxes", "subtopic": "pre_discount_tax", "prompt": "Cart: $32.18, $43.71 with a 20% store discount. Local sales tax is 7.0% (tax calculated before discount). About how much is the total?", "split": "test", "exact_value": 66.02}
{"id": "taxes_001042", "topic": "taxes", "subtopic": "post_discount_tax", "prompt": "Cart: $20.44, $46.86, $29.03, $31.55 with a 15% store discount. Local sales tax is 8.0% (tax after discount). About how much is the total?", "split": "test", "exact_value": 117.39}
{"id": "taxes_001043", "topic": "taxes", "subtopic": "post_discount_tax", "prompt": "Cart: $24.39, $53.18, $10.13 with a 20% store discount. Local sales tax is 7.0% (tax after discount). About how much is the total?", "split": "test", "exact_value": 75.07}
{"id": "taxes_001044", "topic": "taxes", "subtopic": "pre_discount_tax", "prompt": "Cart: $45.11, $49.38, $17.52, $37.17. Local sales tax is 8.5% (tax calculated before discount). About how much is the total?", "split": "test", "exact_value": 161.86}
{"id": "taxes_001045", "topic": "taxes", "subtopic": "pre_discount_tax", "prompt": "Cart: $7.00, $19.59, $22.19, $24.07, $59.04 with a 15% store discount. Local sales tax is 8.5% (tax calculated before discount). About how much is the total?", "split": "test", "exact_value": 123.32}
{"id": "taxes_001046", "topic": "taxes", "subtopic": "post_discount_tax", "prompt": "Cart: $54.14, $55.58, $51.26, $9.45, $27.58 with a 15% store discount. Local sales tax is 7.0% (tax after discount). About how much is the total?", "split": "test", "exact_value": 180.09}
{"id": "taxes_001047", "topic": "taxes", "subtopic": "post_discount_tax", "prompt": "Cart: $10.12, $22.13, $36.61, $22.90, $5.18 with a 20% store discount. Local sales tax is 7.0% (tax after discount). About how much is the total?", "split": "test", "exact_value": 82.98}
{"id": "taxes_001048", "topic": "taxes", "subtopic": "post_discount_tax", "prompt": "Cart: $18.38, $44.97, $4.67, $20.50, $47.69 with a 20% store discount. Local sales tax is 7.0% (tax after discount). About how much is the total?", "split": "test", "exact_value": 116.6}
{"id": "taxes_001049", "topic": "taxes", "subtopic": "pre_discount_tax", "prompt": "Cart: $25.94, $14.64, $7.04, $19.48, $24.27 with a 10% store discount. Local sales tax is 6.0% (tax calculated before discount). About how much is the total?", "split": "test", "exact_value": 87.72}
{"id": "taxes_001050", "topic": "taxes", "subtopic": "post_discount_tax", "prompt": "Cart: $31.54, $55.97. Local sales tax is 6.0% (tax after discount). About how much is the total?", "split": "test", "exact_value": 92.76}
{"id": "taxes_001051", "topic": "taxes", "subtopic": "post_discount_tax", "prompt": "Cart: $57.75, $22.50, $17.09, $19.86 with a 15% store discount. Local sales tax is 7.5% (tax after discount). About how much is the total?", "split": "test", "exact_value": 107.09}
{"id": "taxes_001052", "topic": "taxes", "subtopic": "post_discount_tax", "prompt": "Cart: $48.77, $57.63, $27.44, $35.03, $58.29 with a 10% store discount. Local sales tax is 7.0% (tax after discount). About how much is the total?", "split": "test", "exact_value": 218.76}
{"id": "taxes_001053", "topic": "taxes", "subtopic": "post_discount_tax", "prompt": "Cart: $43.00, $52.12, $26.92, $32.25, $35.16 with a 15% store discount. Local sales tax is 8.5% (tax after discount). About how much is the total?", "split": "test", "exact_value": 174.72}
{"id": "taxes_001054", "topic": "taxes", "subtopic": "pre_discount_tax", "prompt": "Cart: $59.34, $45.52, $8.67, $31.89 with a 15% store discount. Local sales tax is 6.0% (tax calculated before discount). About how much is the total?", "split": "test", "exact_value": 132.33}
{"id": "taxes_001055", "topic": "taxes", "subtopic": "pre_discount_tax", "prompt": "Cart: $30.25, $24.43 with a 20% store discount. Local sales tax is 7.5% (tax calculated before discount). About how much is the total?", "split": "test", "exact_value": 47.85}
{"id": "taxes_001056", "topic": "taxes", "subtopic": "post_discount_tax", "prompt": "Cart: $8.77, $44.07, $29.30 with a 10% store discount. Local sales tax is 7.0% (tax after discount). About how much is the total?", "split": "test", "exact_value": 79.1}
{"id": "taxes_001057", "topic": "taxes", "subtopic": "post_discount_tax", "prompt": "Cart: $53.61, $47.47, $38.30, $58.04, $52.66. Local sales tax is 8.0% (tax after discount). About how much is the total?", "split": "test", "exact_value": 270.09}
{"id": "taxes_001058", "topic": "taxes", "subtopic": "post_discount_tax", "prompt": "Cart: $58.83, $5.38 with a 10% store discount. Local sales tax is 7.5% (tax after discount). About how much is the total?", "split": "test", "exact_value": 62.12}
{"id": "taxes_001059", "topic": "taxes", "subtopic": "pre_discount_tax", "prompt": "Cart: $9.59, $51.02. Local sales tax is 7.0% (tax calculated before discount). About how much is the total?", "split": "test", "exact_value": 64.85}
{"id": "taxes_001060", "topic": "taxes", "subtopic": "pre_discount_tax", "prompt": "Cart: $19.59, $5.35, $43.50, $42.25, $44.94 with a 20% store discount. Local sales tax is 7.0% (tax calculated before discount). About how much is the total?", "split": "test", "exact_value": 135.4}
{"id": "taxes_001061", "topic": "taxes", "subtopic": "pre_discount_tax", "prompt": "Cart: $36.68, $13.94, $3.63, $41.29, $16.84 with a 20% store discount. Local sales tax is 8.5% (tax calculated before discount). About how much is the total?", "split": "test", "exact_value": 99.46}
{"id": "taxes_001062", "topic": "taxes", "subtopic": "pre_discount_tax", "prompt": "Cart: $35.11, $38.23 with a 15% store discount. Local sales tax is 8.5% (tax calculated before discount). About how much is the total?", "split": "test", "exact_value": 68.57}
{"id": "taxes_001063", "topic": "taxes", "subtopic": "post_discount_tax", "prompt": "Cart: $32.85, $46.02, $26.78, $29.07, $26.33 with a 10% store discount. Local sales tax is 7.5% (tax after discount). About how much is the total?", "split": "test", "exact_value": 155.82}
{"id": "taxes_001064", "topic": "taxes", "subtopic": "pre_discount_tax", "prompt": "Cart: $20.38, $43.00, $13.98 with a 20% store discount. Local sales tax is 7.0% (tax calculated before discount). About how much is the total?", "split": "test", "exact_value": 67.3}
{"id": "taxes_001065", "topic": "taxes", "subtopic": "post_discount_tax", "prompt": "Cart: $30.65, $11.90, $49.60, $20.83 with a 15% store discount. Local sales tax is 6.0% (tax after discount). About how much is the total?", "split": "test", "exact_value": 101.79}
{"id": "taxes_001066", "topic": "taxes", "subtopic": "post_discount_tax", "prompt": "Cart: $46.80, $46.71, $46.52 with a 20% store discount. Local sales tax is 8.5% (tax after discount). About how much is the total?", "split": "test", "exact_value": 121.55}
{"id": "taxes_001067", "topic": "taxes", "subtopic": "post_discount_tax", "prompt": "Cart: $28.48, $47.84, $21.98 with a 20% store discount. Local sales tax is 6.0% (tax after discount). About how much is the total?", "split": "test", "exact_value": 83.36}
{"id": "taxes_001068", "topic": "taxes", "subtopic": "post_discount_tax", "prompt": "Cart: $18.89, $35.50, $21.07, $33.24 with a 15% store discount. Local sales tax is 6.0% (tax after discount). About how much is the total?", "split": "test", "exact_value": 97.94}
{"id": "taxes_001069", "topic": "taxes", "subtopic": "post_discount_tax", "prompt": "Cart: $49.56, $15.76, $48.30, $38.33, $22.42 with a 15% store discount. Local sales tax is 6.0% (tax after discount). About how much is the total?", "split": "test", "exact_value": 157.11}
{"id": "taxes_001070", "topic": "taxes", "subtopic": "post_discount_tax", "prompt": "Cart: $26.28, $40.42, $14.56, $19.26, $56.69. Local sales tax is 8.0% (tax after discount). About how much is the total?", "split": "test", "exact_value": 169.79}
{"id": "taxes_001071", "topic": "taxes", "subtopic": "post_discount_tax", "prompt": "Cart: $46.75, $36.78, $25.55, $41.21. Local sales tax is 8.5% (tax after discount). About how much is the total?", "split": "test", "exact_value": 163.06}
{"id": "taxes_001072", "topic": "taxes", "subtopic": "pre_discount_tax", "prompt": "Cart: $50.94, $36.06, $48.16 with a 10% store discount. Local sales tax is 7.0% (tax calculated before discount). About how much is the total?", "split": "test", "exact_value": 131.11}
{"id": "taxes_001073", "topic": "taxes", "subtopic": "post_discount_tax", "prompt": "Cart: $35.14, $11.25, $54.53, $16.29, $15.23 with a 15% store discount. Local sales tax is 8.0% (tax after discount). About how much is the total?", "split": "test", "exact_value": 121.58}
{"id": "taxes_001074", "topic": "taxes", "subtopic": "pre_discount_tax", "prompt": "Cart: $41.66, $7.12, $32.57, $31.28, $20.49 with a 15% store discount. Local sales tax is 8.5% (tax calculated before discount). About how much is the total?", "split": "test", "exact_value": 124.47}
{"id": "taxes_001075", "topic": "taxes", "subtopic": "post_discount_tax", "prompt": "Cart: $6.40, $18.49, $22.12 with a 20% store discount. Local sales tax is 8.5% (tax after discount). About how much is the total?", "split": "test", "exact_value": 40.8}
{"id": "taxes_001076", "topic": "taxes", "subtopic": "post_discount_tax", "prompt": "Cart: $40.93, $40.31, $41.12, $48.17, $24.50 with a 20% store discount. Local sales tax is 8.0% (tax after discount). About how much is the total?", "split": "test", "exact_value": 168.51}
{"id": "taxes_001077", "topic": "taxes", "subtopic": "pre_discount_tax", "prompt": "Cart: $53.59, $22.55 with a 20% store discount. Local sales tax is 7.0% (tax calculated before discount). About how much is the total?", "split": "test", "exact_value": 66.24}
{"id": "taxes_001078", "topic": "taxes", "subtopic": "post_discount_tax", "prompt": "Cart: $18.24, $17.92, $37.48, $15.63, $26.89 with a 10% store discount. Local sales tax is 7.0% (tax after discount). About how much is the total?", "split": "test", "exact_value": 111.86}
{"id": "taxes_001079", "topic": "taxes", "subtopic": "post_discount_tax", "prompt": "Cart: $24.26, $9.56 with a 15% store discount. Local sales tax is 8.0% (tax after discount). About how much is the total?", "split": "test", "exact_value": 31.05}
{"id": "taxes_001080", "topic": "taxes", "subtopic": "pre_discount_tax", "prompt": "Cart: $48.67, $13.52, $6.96, $12.02 with a 20% store discount. Local sales tax is 8.5% (tax calculated before discount). About how much is the total?", "split": "test", "exact_value": 71.84}
{"id": "taxes_001081", "topic": "taxes", "subtopic": "post_discount_tax", "prompt": "Cart: $29.25, $9.13, $24.32, $6.36. Local sales tax is 7.5% (tax after discount). About how much is the total?", "split": "test", "exact_value": 74.24}
{"id": "taxes_001082", "topic": "taxes", "subtopic": "pre_discount_tax", "prompt": "Cart: $41.38, $40.63, $48.94, $26.59 with a 10% store discount. Local sales tax is 6.0% (tax calculated before discount). About how much is the total?", "split": "test", "exact_value": 151.24}
{"id": "taxes_001083", "topic": "taxes", "subtopic": "pre_discount_tax", "prompt": "Cart: $53.16, $34.41, $6.30, $8.44 with a 10% store discount. Local sales tax is 7.5% (tax calculated before discount). About how much is the total?", "split": "test", "exact_value": 99.75}
{"id": "taxes_001084", "topic": "taxes", "subtopic": "pre_discount_tax", "prompt": "Cart: $43.58, $31.78, $55.99 with a 20% store discount. Local sales tax is 8.0% (tax calculated before discount). About how much is the total?", "split": "test", "exact_value": 115.59}
{"id": "taxes_001085", "topic": "taxes", "subtopic": "pre_discount_tax", "prompt": "Cart: $51.75, $41.44, $42.58 with a 15% store discount. Local sales tax is 6.0% (tax calculated before discount). About how much is the total?", "split": "test", "exact_value": 123.55}
{"id": "taxes_001086", "topic": "taxes", "subtopic": "pre_discount_tax", "prompt": "Cart: $15.04, $8.90, $26.21. Local sales tax is 8.5% (tax calculated before discount). About how much is the total?", "split": "test", "exact_value": 54.41}
{"id": "taxes_001087", "topic": "taxes", "subtopic": "post_discount_tax", "prompt": "Cart: $5.65, $12.03. Local sales tax is 8.5% (tax after discount). About how much is the total?", "split": "test", "exact_value": 19.18}
{"id": "taxes_001088", "topic": "taxes", "subtopic": "post_discount_tax", "prompt": "Cart: $29.43, $50.87, $47.48, $55.37 with a 20% store discount. Local sales tax is 8.5% (tax after discount). About how much is the total?", "split": "test", "exact_value": 158.97}
{"id": "taxes_001089", "topic": "taxes", "subtopic": "post_discount_tax", "prompt": "Cart: $22.35, $10.99 with a 10% store discount. Local sales tax is 6.0% (tax after discount). About how much is the total?", "split": "test", "exact_value": 31.81}
{"id": "taxes_001090", "topic": "taxes", "subtopic": "post_discount_tax", "prompt": "Cart: $8.90, $9.88, $19.87, $21.37, $58.87. Local sales tax is 7.0% (tax after discount). About how much is the total?", "split": "test", "exact_value": 127.21}
{"id": "taxes_001091", "topic": "taxes", "subtopic": "post_discount_tax", "prompt": "Cart: $38.94, $30.56. Local sales tax is 7.5% (tax after discount). About how much is the total?", "split": "test", "exact_value": 74.71}
{"id": "taxes_001092", "topic": "taxes", "subtopic": "pre_discount_tax", "prompt": "Cart: $27.68, $4.10 with a 10% store discount. Local sales tax is 7.0% (tax calculated before discount). About how much is the total?", "split": "test", "exact_value": 30.83}
{"id": "taxes_001093", "topic": "taxes", "subtopic": "pre_discount_tax", "prompt": "Cart: $34.55, $29.24, $22.65, $56.37, $50.00 with a 15% store discount. Local sales tax is 6.0% (tax calculated before discount). About how much is the total?", "split": "test", "exact_value": 175.46}
{"id": "taxes_001094", "topic": "taxes", "subtopic": "post_discount_tax", "prompt": "Cart: $58.09, $12.25, $19.50 with a 10% store discount. Local sales tax is 6.0% (tax after discount). About how much is the total?", "split": "test", "exact_value": 85.71}
{"id": "taxes_001095", "topic": "taxes", "subtopic": "post_discount_tax", "prompt": "Cart: $17.55, $8.40, $26.87, $26.72. Local sales tax is 8.0% (tax after discount). About how much is the total?", "split": "test", "exact_value": 85.9}
{"id": "taxes_001096", "topic": "taxes", "subtopic": "pre_discount_tax", "prompt": "Cart: $14.86, $8.37, $26.87 with a 15% store discount. Local sales tax is 7.5% (tax calculated before discount). About how much is the total?", "split": "test", "exact_value": 46.34}
{"id": "taxes_001097", "topic": "taxes", "subtopic": "pre_discount_tax", "prompt": "Cart: $46.59, $17.65, $21.90, $22.61, $27.28. Local sales tax is 7.0% (tax calculated before discount). About how much is the total?", "split": "test", "exact_value": 145.55}
{"id": "taxes_001098", "topic": "taxes", "subtopic": "pre_discount_tax", "prompt": "Cart: $39.03, $30.22, $6.74, $29.18, $21.24. Local sales tax is 6.0% (tax calculated before discount). About how much is the total?", "split": "test", "exact_value": 133.99}
{"id": "taxes_001099", "topic": "taxes", "subtopic": "post_discount_tax", "prompt": "Cart: $34.56, $5.84, $36.21, $21.53, $57.56 with a 10% store discount. Local sales tax is 6.0% (tax after discount). About how much is the total?", "split": "test", "exact_value": 148.54}
{"id": "taxes_001100", "topic": "taxes", "subtopic": "pre_discount_tax", "prompt": "Cart: $51.48, $29.12 with a 10% store discount. Local sales tax is 8.5% (tax calculated before discount). About how much is the total?", "split": "test", "exact_value": 79.39}
{"id": "taxes_001101", "topic": "taxes", "subtopic": "pre_discount_tax", "prompt": "Cart: $24.11, $48.45, $35.94 with a 10% store discount. Local sales tax is 7.0% (tax calculated before discount). About how much is the total?", "split": "test", "exact_value": 105.25}
{"id": "taxes_001102", "topic": "taxes", "subtopic": "pre_discount_tax", "prompt": "Cart: $18.89, $19.42, $36.42, $21.55 with a 20% store discount. Local sales tax is 6.0% (tax calculated before discount). About how much is the total?", "split": "test", "exact_value": 82.8}
{"id": "taxes_001103", "topic": "taxes", "subtopic": "post_discount_tax", "prompt": "Cart: $49.69, $54.14, $36.36, $14.13, $52.12 with a 10% store discount. Local sales tax is 8.5% (tax after discount). About how much is the total?", "split": "test", "exact_value": 201.59}
{"id": "taxes_001104", "topic": "taxes", "subtopic": "pre_discount_tax", "prompt": "Cart: $18.82, $25.86, $18.47 with a 15% store discount. Local sales tax is 8.5% (tax calculated before discount). About how much is the total?", "split": "test", "exact_value": 59.05}
{"id": "taxes_001105", "topic": "taxes", "subtopic": "post_discount_tax", "prompt": "Cart: $35.89, $11.55 with a 15% store discount. Local sales tax is 6.0% (tax after discount). About how much is the total?", "split": "test", "exact_value": 42.74}
{"id": "taxes_001106", "topic": "taxes", "subtopic": "pre_discount_tax", "prompt": "Cart: $21.74, $20.71. Local sales tax is 8.5% (tax calculated before discount). About how much is the total?", "split": "test", "exact_value": 46.06}
{"id": "taxes_001107", "topic": "taxes", "subtopic": "post_discount_tax", "prompt": "Cart: $6.31, $16.00 with a 20% store discount. Local sales tax is 7.5% (tax after discount). About how much is the total?", "split": "test", "exact_value": 19.19}
{"id": "taxes_001108", "topic": "taxes", "subtopic": "post_discount_tax", "prompt": "Cart: $16.16, $27.03, $46.65 with a 15% store discount. Local sales tax is 6.0% (tax after discount). About how much is the total?", "split": "test", "exact_value": 80.95}
{"id": "taxes_001109", "topic": "taxes", "subtopic": "post_discount_tax", "prompt": "Cart: $43.03, $14.42, $43.07, $6.48 with a 15% store discount. Local sales tax is 8.5% (tax after discount). About how much is the total?", "split": "test", "exact_value": 98.68}
{"id": "taxes_001110", "topic": "taxes", "subtopic": "pre_discount_tax", "prompt": "Cart: $47.06, $18.38, $28.96, $28.86, $39.64. Local sales tax is 7.0% (tax calculated before discount). About how much is the total?", "split": "test", "exact_value": 174.3}
{"id": "taxes_001111", "topic": "taxes", "subtopic": "post_discount_tax", "prompt": "Cart: $50.30, $45.68. Local sales tax is 8.0% (tax after discount). About how much is the total?", "split": "test", "exact_value": 103.66}
{"id": "taxes_001112", "topic": "taxes", "subtopic": "pre_discount_tax", "prompt": "Cart: $22.76, $43.04, $38.66 with a 10% store discount. Local sales tax is 8.5% (tax calculated before discount). About how much is the total?", "split": "test", "exact_value": 102.89}
{"id": "taxes_001113", "topic": "taxes", "subtopic": "pre_discount_tax", "prompt": "Cart: $8.72, $39.76, $51.34, $24.63, $33.39 with a 20% store discount. Local sales tax is 8.0% (tax calculated before discount). About how much is the total?", "split": "test", "exact_value": 138.9}
{"id": "taxes_001114", "topic": "taxes", "subtopic": "post_discount_tax", "prompt": "Cart: $5.57, $37.63, $31.38, $45.27 with a 10% store discount. Local sales tax is 8.5% (tax after discount). About how much is the total?", "split": "test", "exact_value": 117.03}
{"id": "taxes_001115", "topic": "taxes", "subtopic": "pre_discount_tax", "prompt": "Cart: $58.92, $42.23. Local sales tax is 7.5% (tax calculated before discount). About how much is the total?", "split": "test", "exact_value": 108.74}
{"id": "taxes_001116", "topic": "taxes", "subtopic": "post_discount_tax", "prompt": "Cart: $17.47, $40.24, $31.07 with a 20% store discount. Local sales tax is 7.0% (tax after discount). About how much is the total?", "split": "test", "exact_value": 76.0}
{"id": "taxes_001117", "topic": "taxes", "subtopic": "post_discount_tax", "prompt": "Cart: $5.07, $37.51, $49.63, $44.32, $5.93 with a 15% store discount. Local sales tax is 7.5% (tax after discount). About how much is the total?", "split": "test", "exact_value": 130.17}
{"id": "taxes_001118", "topic": "taxes", "subtopic": "post_discount_tax", "prompt": "Cart: $58.81, $22.36, $14.94 with a 20% store discount. Local sales tax is 7.5% (tax after discount). About how much is the total?", "split": "test", "exact_value": 82.65}
{"id": "taxes_001119", "topic": "taxes", "subtopic": "pre_discount_tax", "prompt": "Cart: $51.66, $59.45, $52.36, $3.87, $18.23. Local sales tax is 7.0% (tax calculated before discount). About how much is the total?", "split": "test", "exact_value": 198.56}
{"id": "taxes_001120", "topic": "taxes", "subtopic": "post_discount_tax", "prompt": "Cart: $27.52, $40.36, $44.24, $28.92 with a 10% store discount. Local sales tax is 8.5% (tax after discount). About how much is the total?", "split": "test", "exact_value": 137.73}
{"id": "taxes_001121", "topic": "taxes", "subtopic": "post_discount_tax", "prompt": "Cart: $46.43, $58.76. Local sales tax is 8.0% (tax after discount). About how much is the total?", "split": "test", "exact_value": 113.61}
{"id": "taxes_001122", "topic": "taxes", "subtopic": "pre_discount_tax", "prompt": "Cart: $32.45, $52.37, $45.27, $4.98, $37.75 with a 20% store discount. Local sales tax is 7.0% (tax calculated before discount). About how much is the total?", "split": "test", "exact_value": 150.35}
{"id": "taxes_001123", "topic": "taxes", "subtopic": "pre_discount_tax", "prompt": "Cart: $36.80, $51.19. Local sales tax is 6.0% (tax calculated before discount). About how much is the total?", "split": "test", "exact_value": 93.27}
{"id": "taxes_001124", "topic": "taxes", "subtopic": "post_discount_tax", "prompt": "Cart: $6.26, $14.58 with a 20% store discount. Local sales tax is 7.0% (tax after discount). About how much is the total?", "split": "test", "exact_value": 17.84}
{"id": "taxes_001125", "topic": "taxes", "subtopic": "post_discount_tax", "prompt": "Cart: $33.29, $22.97, $51.18 with a 20% store discount. Local sales tax is 8.5% (tax after discount). About how much is the total?", "split": "test", "exact_value": 93.26}
{"id": "taxes_001126", "topic": "taxes", "subtopic": "post_discount_tax", "prompt": "Cart: $51.58, $47.84, $8.27, $41.40, $29.71 with a 10% store discount. Local sales tax is 8.0% (tax after discount). About how much is the total?", "split": "test", "exact_value": 173.79}
{"id": "taxes_001127", "topic": "taxes", "subtopic": "pre_discount_tax", "prompt": "Cart: $35.31, $27.60 with a 20% store discount. Local sales tax is 8.5% (tax calculated before discount). About how much is the total?", "split": "test", "exact_value": 55.68}
{"id": "taxes_001128", "topic": "taxes", "subtopic": "post_discount_tax", "prompt": "Cart: $5.08, $31.22, $14.92, $21.45, $37.09. Local sales tax is 8.0% (tax after discount). About how much is the total?", "split": "test", "exact_value": 118.54}
{"id": "taxes_001129", "topic": "taxes", "subtopic": "pre_discount_tax", "prompt": "Cart: $5.58, $52.38, $54.43 with a 10% store discount. Local sales tax is 6.0% (tax calculated before discount). About how much is the total?", "split": "test", "exact_value": 107.89}
{"id": "taxes_001130", "topic": "taxes", "subtopic": "post_discount_tax", "prompt": "Cart: $17.06, $55.89, $50.61, $56.25, $40.94 with a 10% store discount. Local sales tax is 7.5% (tax after discount). About how much is the total?", "split": "test", "exact_value": 213.58}
{"id": "taxes_001131", "topic": "taxes", "subtopic": "post_discount_tax", "prompt": "Cart: $6.24, $23.66 with a 20% store discount. Local sales tax is 8.0% (tax after discount). About how much is the total?", "split": "test", "exact_value": 25.83}
{"id": "taxes_001132", "topic": "taxes", "subtopic": "post_discount_tax", "prompt": "Cart: $39.59, $14.18, $34.08, $34.62, $44.78 with a 20% store discount. Local sales tax is 8.0% (tax after discount). About how much is the total?", "split": "test", "exact_value": 144.5}
{"id": "taxes_001133", "topic": "taxes", "subtopic": "post_discount_tax", "prompt": "Cart: $56.82, $19.43, $28.98, $16.98, $52.27 with a 15% store discount. Local sales tax is 8.5% (tax after discount). About how much is the total?", "split": "test", "exact_value": 160.91}
{"id": "taxes_001134", "topic": "taxes", "subtopic": "post_discount_tax", "prompt": "Cart: $33.83, $24.56, $37.64 with a 20% store discount. Local sales tax is 8.5% (tax after discount). About how much is the total?", "split": "test", "exact_value": 83.35}
{"id": "taxes_001135", "topic": "taxes", "subtopic": "pre_discount_tax", "prompt": "Cart: $23.30, $47.17, $51.08 with a 10% store discount. Local sales tax is 8.5% (tax calculated before discount). About how much is the total?", "split": "test", "exact_value": 119.73}
{"id": "taxes_001136", "topic": "taxes", "subtopic": "pre_discount_tax", "prompt": "Cart: $53.89, $27.55, $36.14, $11.89, $49.25. Local sales tax is 6.0% (tax calculated before discount). About how much is the total?", "split": "test", "exact_value": 189.44}
{"id": "taxes_001137", "topic": "taxes", "subtopic": "post_discount_tax", "prompt": "Cart: $15.40, $16.99, $5.61 with a 10% store discount. Local sales tax is 6.0% (tax after discount). About how much is the total?", "split": "test", "exact_value": 36.25}
{"id": "taxes_001138", "topic": "taxes", "subtopic": "post_discount_tax", "prompt": "Cart: $5.73, $39.73, $33.46 with a 20% store discount. Local sales tax is 8.5% (tax after discount). About how much is the total?", "split": "test", "exact_value": 68.5}
{"id": "taxes_001139", "topic": "taxes", "subtopic": "post_discount_tax", "prompt": "Cart: $16.79, $51.13, $13.54. Local sales tax is 7.0% (tax after discount). About how much is the total?", "split": "test", "exact_value": 87.16}
{"id": "taxes_001140", "topic": "taxes", "subtopic": "pre_discount_tax", "prompt": "Cart: $47.31, $57.51, $17.82, $31.98 with a 10% store discount. Local sales tax is 6.0% (tax calculated before discount). About how much is the total?", "split": "test", "exact_value": 148.44}
{"id": "taxes_001141", "topic": "taxes", "subtopic": "pre_discount_tax", "prompt": "Cart: $36.88, $41.03, $14.62, $45.64, $10.40 with a 10% store discount. Local sales tax is 7.0% (tax calculated before discount). About how much is the total?", "split": "test", "exact_value": 144.11}
{"id": "taxes_001142", "topic": "taxes", "subtopic": "pre_discount_tax", "prompt": "Cart: $36.20, $8.16, $39.92 with a 20% store discount. Local sales tax is 8.5% (tax calculated before discount). About how much is the total?", "split": "test", "exact_value": 74.59}
{"id": "taxes_001143", "topic": "taxes", "subtopic": "post_discount_tax", "prompt": "Cart: $48.31, $35.56 with a 20% store discount. Local sales tax is 7.5% (tax after discount). About how much is the total?", "split": "test", "exact_value": 72.13}
{"id": "taxes_001144", "topic": "taxes", "subtopic": "post_discount_tax", "prompt": "Cart: $21.36, $58.04 with a 20% store discount. Local sales tax is 8.0% (tax after discount). About how much is the total?", "split": "test", "exact_value": 68.6}
{"id": "taxes_001145", "topic": "taxes", "subtopic": "pre_discount_tax", "prompt": "Cart: $20.48, $7.68, $10.58, $20.51, $20.54 with a 10% store discount. Local sales tax is 7.5% (tax calculated before discount). About how much is the total?", "split": "test", "exact_value": 77.8}
{"id": "taxes_001146", "topic": "taxes", "subtopic": "post_discount_tax", "prompt": "Cart: $31.90, $42.80, $7.37 with a 20% store discount. Local sales tax is 7.5% (tax after discount). About how much is the total?", "split": "test", "exact_value": 70.58}
{"id": "taxes_001147", "topic": "taxes", "subtopic": "post_discount_tax", "prompt": "Cart: $51.91, $11.44 with a 10% store discount. Local sales tax is 8.0% (tax after discount). About how much is the total?", "split": "test", "exact_value": 61.58}
{"id": "taxes_001148", "topic": "taxes", "subtopic": "pre_discount_tax", "prompt": "Cart: $32.62, $44.91, $14.12, $36.91 with a 20% store discount. Local sales tax is 7.5% (tax calculated before discount). About how much is the total?", "split": "test", "exact_value": 112.49}
{"id": "taxes_001149", "topic": "taxes", "subtopic": "post_discount_tax", "prompt": "Cart: $14.02, $38.06, $14.62, $36.07, $26.48 with a 20% store discount. Local sales tax is 8.0% (tax after discount). About how much is the total?", "split": "test", "exact_value": 111.67}
{"id": "taxes_001150", "topic": "taxes", "subtopic": "pre_discount_tax", "prompt": "Cart: $21.82, $26.08, $46.37, $16.36 with a 15% store discount. Local sales tax is 8.5% (tax calculated before discount). About how much is the total?", "split": "test", "exact_value": 103.44}
{"id": "taxes_001151", "topic": "taxes", "subtopic": "post_discount_tax", "prompt": "Cart: $6.91, $43.99 with a 15% store discount. Local sales tax is 6.0% (tax after discount). About how much is the total?", "split": "test", "exact_value": 45.86}
{"id": "taxes_001152", "topic": "taxes", "subtopic": "pre_discount_tax", "prompt": "Cart: $47.53, $36.99, $18.21, $14.39, $19.22 with a 10% store discount. Local sales tax is 8.5% (tax calculated before discount). About how much is the total?", "split": "test", "exact_value": 134.29}
{"id": "taxes_001153", "topic": "taxes", "subtopic": "pre_discount_tax", "prompt": "Cart: $9.52, $33.13 with a 20% store discount. Local sales tax is 6.0% (tax calculated before discount). About how much is the total?", "split": "test", "exact_value": 36.68}
{"id": "taxes_001154", "topic": "taxes", "subtopic": "pre_discount_tax", "prompt": "Cart: $57.70, $46.58, $52.23 with a 10% store discount. Local sales tax is 8.5% (tax calculated before discount). About how much is the total?", "split": "test", "exact_value": 154.16}
{"id": "taxes_001155", "topic": "taxes", "subtopic": "post_discount_tax", "prompt": "Cart: $58.36, $21.62, $33.36, $48.50, $53.65. Local sales tax is 6.0% (tax after discount). About how much is the total?", "split": "test", "exact_value": 228.42}
{"id": "taxes_001156", "topic": "taxes", "subtopic": "pre_discount_tax", "prompt": "Cart: $43.98, $5.61, $14.15, $29.37. Local sales tax is 8.0% (tax calculated before discount). About how much is the total?", "split": "test", "exact_value": 100.56}
{"id": "taxes_001157", "topic": "taxes", "subtopic": "pre_discount_tax", "prompt": "Cart: $19.67, $56.21, $42.31, $25.21, $20.55 with a 15% store discount. Local sales tax is 7.5% (tax calculated before discount). About how much is the total?", "split": "test", "exact_value": 151.65}
{"id": "taxes_001158", "topic": "taxes", "subtopic": "post_discount_tax", "prompt": "Cart: $59.38, $3.67, $13.54, $10.46, $16.51 with a 20% store discount. Local sales tax is 7.5% (tax after discount). About how much is the total?", "split": "test", "exact_value": 89.06}
{"id": "taxes_001159", "topic": "taxes", "subtopic": "pre_discount_tax", "prompt": "Cart: $40.98, $35.67, $3.71 with a 20% store discount. Local sales tax is 6.0% (tax calculated before discount). About how much is the total?", "split": "test", "exact_value": 69.11}
{"id": "taxes_001160", "topic": "taxes", "subtopic": "pre_discount_tax", "prompt": "Cart: $16.43, $25.24, $55.08, $55.38 with a 15% store discount. Local sales tax is 8.5% (tax calculated before discount). About how much is the total?", "split": "test", "exact_value": 142.24}
{"id": "taxes_001161", "topic": "taxes", "subtopic": "post_discount_tax", "prompt": "Cart: $42.20, $44.21, $6.35, $6.36, $48.20. Local sales tax is 8.5% (tax after discount). About how much is the total?", "split": "test", "exact_value": 159.84}
{"id": "taxes_001162", "topic": "taxes", "subtopic": "pre_discount_tax", "prompt": "Cart: $36.15, $47.21, $9.61, $14.22, $11.03. Local sales tax is 7.5% (tax calculated before discount). About how much is the total?", "split": "test", "exact_value": 127.09}
{"id": "taxes_001163", "topic": "taxes", "subtopic": "pre_discount_tax", "prompt": "Cart: $55.05, $12.84 with a 20% store discount. Local sales tax is 6.0% (tax calculated before discount). About how much is the total?", "split": "test", "exact_value": 58.39}
{"id": "taxes_001164", "topic": "taxes", "subtopic": "post_discount_tax", "prompt": "Cart: $7.30, $32.56, $54.65, $22.56, $17.79 with a 15% store discount. Local sales tax is 6.0% (tax after discount). About how much is the total?", "split": "test", "exact_value": 121.51}
{"id": "taxes_001165", "topic": "taxes", "subtopic": "post_discount_tax", "prompt": "Cart: $14.32, $41.58 with a 20% store discount. Local sales tax is 8.0% (tax after discount). About how much is the total?", "split": "test", "exact_value": 48.3}
{"id": "taxes_001166", "topic": "taxes", "subtopic": "post_discount_tax", "prompt": "Cart: $11.43, $22.73. Local sales tax is 8.5% (tax after discount). About how much is the total?", "split": "test", "exact_value": 37.06}
{"id": "taxes_001167", "topic": "taxes", "subtopic": "post_discount_tax", "prompt": "Cart: $42.85, $53.17, $34.67, $28.31, $38.10 with a 20% store discount. Local sales tax is 7.5% (tax after discount). About how much is the total?", "split": "test", "exact_value": 169.51}
{"id": "taxes_001168", "topic": "taxes", "subtopic": "pre_discount_tax", "prompt": "Cart: $43.26, $13.53 with a 10% store discount. Local sales tax is 7.5% (tax calculated before discount). About how much is the total?", "split": "test", "exact_value": 55.37}
{"id": "taxes_001169", "topic": "taxes", "subtopic": "pre_discount_tax", "prompt": "Cart: $49.51, $52.24 with a 15% store discount. Local sales tax is 6.0% (tax calculated before discount). About how much is the total?", "split": "test", "exact_value": 92.59}
{"id": "taxes_001170", "topic": "taxes", "subtopic": "pre_discount_tax", "prompt": "Cart: $31.95, $19.89, $19.55, $45.93 with a 15% store discount. Local sales tax is 7.0% (tax calculated before discount). About how much is the total?", "split": "test", "exact_value": 107.93}
{"id": "taxes_001171", "topic": "taxes", "subtopic": "post_discount_tax", "prompt": "Cart: $36.29, $19.56, $13.01 with a 10% store discount. Local sales tax is 7.5% (tax after discount). About how much is the total?", "split": "test", "exact_value": 66.62}
{"id": "taxes_001172", "topic": "taxes", "subtopic": "pre_discount_tax", "prompt": "Cart: $50.32, $49.86. Local sales tax is 6.0% (tax calculated before discount). About how much is the total?", "split": "test", "exact_value": 106.19}
{"id": "taxes_001173", "topic": "taxes", "subtopic": "post_discount_tax", "prompt": "Cart: $53.78, $12.09, $38.48, $32.08 with a 15% store discount. Local sales tax is 7.5% (tax after discount). About how much is the total?", "split": "test", "exact_value": 124.66}
{"id": "taxes_001174", "topic": "taxes", "subtopic": "post_discount_tax", "prompt": "Cart: $26.27, $38.76, $34.21, $42.53, $11.79. Local sales tax is 7.0% (tax after discount). About how much is the total?", "split": "test", "exact_value": 164.31}
{"id": "taxes_001175", "topic": "taxes", "subtopic": "pre_discount_tax", "prompt": "Cart: $29.31, $41.23, $57.13, $57.26, $55.08 with a 15% store discount. Local sales tax is 7.5% (tax calculated before discount). About how much is the total?", "split": "test", "exact_value": 222.01}
{"id": "taxes_001176", "topic": "taxes", "subtopic": "pre_discount_tax", "prompt": "Cart: $14.30, $11.94, $9.91, $40.48. Local sales tax is 6.0% (tax calculated before discount). About how much is the total?", "split": "test", "exact_value": 81.23}
{"id": "taxes_001177", "topic": "taxes", "subtopic": "pre_discount_tax", "prompt": "Cart: $32.72, $53.36. Local sales tax is 7.0% (tax calculated before discount). About how much is the total?", "split": "test", "exact_value": 92.11}
{"id": "taxes_001178", "topic": "taxes", "subtopic": "post_discount_tax", "prompt": "Cart: $50.32, $33.64, $13.14, $57.99, $19.86 with a 15% store discount. Local sales tax is 8.5% (tax after discount). About how much is the total?", "split": "test", "exact_value": 161.35}
{"id": "taxes_001179", "topic": "taxes", "subtopic": "pre_discount_tax", "prompt": "Cart: $11.83, $44.54, $45.00 with a 20% store discount. Local sales tax is 7.5% (tax calculated before discount). About how much is the total?", "split": "test", "exact_value": 88.7}
{"id": "taxes_001180", "topic": "taxes", "subtopic": "pre_discount_tax", "prompt": "Cart: $30.42, $8.10, $17.20, $47.58, $4.06 with a 15% store discount. Local sales tax is 7.0% (tax calculated before discount). About how much is the total?", "split": "test", "exact_value": 98.77}
{"id": "taxes_001181", "topic": "taxes", "subtopic": "pre_discount_tax", "prompt": "Cart: $12.47, $33.82, $28.41, $5.71 with a 20% store discount. Local sales tax is 8.0% (tax calculated before discount). About how much is the total?", "split": "test", "exact_value": 70.76}
{"id": "taxes_001182", "topic": "taxes", "subtopic": "post_discount_tax", "prompt": "Cart: $21.06, $11.10 with a 20% store discount. Local sales tax is 7.0% (tax after discount). About how much is the total?", "split": "test", "exact_value": 27.53}
{"id": "taxes_001183", "topic": "taxes", "subtopic": "post_discount_tax", "prompt": "Cart: $54.90, $20.57, $58.37, $43.09, $54.10 with a 20% store discount. Local sales tax is 8.0% (tax after discount). About how much is the total?", "split": "test", "exact_value": 199.61}
{"id": "taxes_001184", "topic": "taxes", "subtopic": "pre_discount_tax", "prompt": "Cart: $5.73, $40.23 with a 15% store discount. Local sales tax is 7.0% (tax calculated before discount). About how much is the total?", "split": "test", "exact_value": 42.28}
{"id": "taxes_001185", "topic": "taxes", "subtopic": "pre_discount_tax", "prompt": "Cart: $17.11, $15.84 with a 15% store discount. Local sales tax is 6.0% (tax calculated before discount). About how much is the total?", "split": "test", "exact_value": 29.98}
{"id": "taxes_001186", "topic": "taxes", "subtopic": "pre_discount_tax", "prompt": "Cart: $42.36, $49.50 with a 20% store discount. Local sales tax is 8.5% (tax calculated before discount). About how much is the total?", "split": "test", "exact_value": 81.3}
{"id": "taxes_001187", "topic": "taxes", "subtopic": "pre_discount_tax", "prompt": "Cart: $48.59, $48.93, $11.26, $19.11 with a 15% store discount. Local sales tax is 8.0% (tax calculated before discount). About how much is the total?", "split": "test", "exact_value": 118.94}
{"id": "taxes_001188", "topic": "taxes", "subtopic": "post_discount_tax", "prompt": "Cart: $28.17, $49.30 with a 10% store discount. Local sales tax is 8.5% (tax after discount). About how much is the total?", "split": "test", "exact_value": 75.65}
{"id": "taxes_001189", "topic": "taxes", "subtopic": "pre_discount_tax", "prompt": "Cart: $59.88, $28.03, $44.39, $46.06, $43.79 with a 15% store discount. Local sales tax is 8.5% (tax calculated before discount). About how much is the total?", "split": "test", "exact_value": 207.71}
{"id": "taxes_001190", "topic": "taxes", "subtopic": "pre_discount_tax", "prompt": "Cart: $34.88, $9.33, $34.64 with a 10% store discount. Local sales tax is 8.5% (tax calculated before discount). About how much is the total?", "split": "test", "exact_value": 77.67}
{"id": "taxes_001191", "topic": "taxes", "subtopic": "post_discount_tax", "prompt": "Cart: $58.31, $38.89, $47.39 with a 20% store discount. Local sales tax is 8.0% (tax after discount). About how much is the total?", "split": "test", "exact_value": 124.93}
{"id": "taxes_001192", "topic": "taxes", "subtopic": "pre_discount_tax", "prompt": "Cart: $53.47, $45.16, $5.73, $13.70, $53.01 with a 20% store discount. Local sales tax is 7.5% (tax calculated before discount). About how much is the total?", "split": "test", "exact_value": 149.69}
{"id": "taxes_001193", "topic": "taxes", "subtopic": "pre_discount_tax", "prompt": "Cart: $32.93, $37.51 with a 10% store discount. Local sales tax is 8.5% (tax calculated before discount). About how much is the total?", "split": "test", "exact_value": 69.38}
{"id": "taxes_001194", "topic": "taxes", "subtopic": "pre_discount_tax", "prompt": "Cart: $44.48, $42.01 with a 10% store discount. Local sales tax is 8.5% (tax calculated before discount). About how much is the total?", "split": "test", "exact_value": 85.19}
{"id": "taxes_001195", "topic": "taxes", "subtopic": "pre_discount_tax", "prompt": "Cart: $21.50, $21.14, $29.91 with a 15% store discount. Local sales tax is 6.0% (tax calculated before discount). About how much is the total?", "split": "test", "exact_value": 66.02}
{"id": "taxes_001196", "topic": "taxes", "subtopic": "pre_discount_tax", "prompt": "Cart: $59.05, $59.80, $3.68, $30.58, $3.84 with a 15% store discount. Local sales tax is 8.5% (tax calculated before discount). About how much is the total?", "split": "test", "exact_value": 146.75}
{"id": "taxes_001197", "topic": "taxes", "subtopic": "post_discount_tax", "prompt": "Cart: $14.67, $23.07, $24.84, $27.00, $57.63. Local sales tax is 7.0% (tax after discount). About how much is the total?", "split": "test", "exact_value": 157.51}
{"id": "taxes_001198", "topic": "taxes", "subtopic": "pre_discount_tax", "prompt": "Cart: $49.36, $55.02. Local sales tax is 7.5% (tax calculated before discount). About how much is the total?", "split": "test", "exact_value": 112.21}
{"id": "taxes_001199", "topic": "taxes", "subtopic": "post_discount_tax", "prompt": "Cart: $45.29, $19.19, $13.17, $54.35 with a 15% store discount. Local sales tax is 8.5% (tax after discount). About how much is the total?", "split": "test", "exact_value": 121.74}
{"id": "taxes_001200", "topic": "taxes", "subtopic": "post_discount_tax", "prompt": "Cart: $14.57, $51.30. Local sales tax is 7.0% (tax after discount). About how much is the total?", "split": "test", "exact_value": 70.48}
{"id": "taxes_001201", "topic": "taxes", "subtopic": "post_discount_tax", "prompt": "Cart: $23.32, $8.93 with a 10% store discount. Local sales tax is 8.0% (tax after discount). About how much is the total?", "split": "test", "exact_value": 31.35}
{"id": "taxes_001202", "topic": "taxes", "subtopic": "post_discount_tax", "prompt": "Cart: $55.51, $43.27. Local sales tax is 6.0% (tax after discount). About how much is the total?", "split": "test", "exact_value": 104.71}
{"id": "taxes_001203", "topic": "taxes", "subtopic": "post_discount_tax", "prompt": "Cart: $20.93, $9.55, $16.51, $52.11, $56.13 with a 20% store discount. Local sales tax is 7.0% (tax after discount). About how much is the total?", "split": "test", "exact_value": 132.88}
{"id": "taxes_001204", "topic": "taxes", "subtopic": "post_discount_tax", "prompt": "Cart: $56.76, $22.43 with a 15% store discount. Local sales tax is 6.0% (tax after discount). About how much is the total?", "split": "test", "exact_value": 71.35}
{"id": "taxes_001205", "topic": "taxes", "subtopic": "pre_discount_tax", "prompt": "Cart: $16.90, $53.37, $54.66, $11.44, $18.23 with a 20% store discount. Local sales tax is 8.0% (tax calculated before discount). About how much is the total?", "split": "test", "exact_value": 136.05}
{"id": "taxes_001206", "topic": "taxes", "subtopic": "post_discount_tax", "prompt": "Cart: $59.60, $14.72 with a 10% store discount. Local sales tax is 7.0% (tax after discount). About how much is the total?", "split": "test", "exact_value": 71.57}
{"id": "taxes_001207", "topic": "taxes", "subtopic": "pre_discount_tax", "prompt": "Cart: $32.64, $28.43, $53.60 with a 10% store discount. Local sales tax is 8.5% (tax calculated before discount). About how much is the total?", "split": "test", "exact_value": 112.95}
{"id": "taxes_001208", "topic": "taxes", "subtopic": "post_discount_tax", "prompt": "Cart: $41.61, $45.40, $51.61, $21.58. Local sales tax is 7.0% (tax after discount). About how much is the total?", "split": "test", "exact_value": 171.41}
{"id": "taxes_001209", "topic": "taxes", "subtopic": "pre_discount_tax", "prompt": "Cart: $28.42, $21.41, $36.34 with a 20% store discount. Local sales tax is 7.0% (tax calculated before discount). About how much is the total?", "split": "test", "exact_value": 74.97}
{"id": "taxes_001210", "topic": "taxes", "subtopic": "pre_discount_tax", "prompt": "Cart: $8.44, $37.75 with a 10% store discount. Local sales tax is 7.0% (tax calculated before discount). About how much is the total?", "split": "test", "exact_value": 44.8}
{"id": "taxes_001211", "topic": "taxes", "subtopic": "pre_discount_tax", "prompt": "Cart: $59.78, $31.96 with a 10% store discount. Local sales tax is 7.0% (tax calculated before discount). About how much is the total?", "split": "test", "exact_value": 88.99}
{"id": "taxes_001212", "topic": "taxes", "subtopic": "pre_discount_tax", "prompt": "Cart: $44.85, $22.38, $58.36, $53.70, $41.53. Local sales tax is 6.0% (tax calculated before discount). About how much is the total?", "split": "test", "exact_value": 234.07}
{"id": "taxes_001213", "topic": "taxes", "subtopic": "pre_discount_tax", "prompt": "Cart: $32.27, $4.55 with a 15% store discount. Local sales tax is 8.0% (tax calculated before discount). About how much is the total?", "split": "test", "exact_value": 34.24}
{"id": "taxes_001214", "topic": "taxes", "subtopic": "post_discount_tax", "prompt": "Cart: $41.77, $55.34. Local sales tax is 7.0% (tax after discount). About how much is the total?", "split": "test", "exact_value": 103.91}
{"id": "taxes_001215", "topic": "taxes", "subtopic": "pre_discount_tax", "prompt": "Cart: $7.77, $17.77, $34.22, $28.79 with a 15% store discount. Local sales tax is 7.0% (tax calculated before discount). About how much is the total?", "split": "test", "exact_value": 81.47}
{"id": "taxes_001216", "topic": "taxes", "subtopic": "post_discount_tax", "prompt": "Cart: $27.48, $34.57 with a 20% store discount. Local sales tax is 8.5% (tax after discount). About how much is the total?", "split": "test", "exact_value": 53.86}
{"id": "taxes_001217", "topic": "taxes", "subtopic": "pre_discount_tax", "prompt": "Cart: $46.40, $19.40, $37.76. Local sales tax is 8.0% (tax calculated before discount). About how much is the total?", "split": "test", "exact_value": 111.84}
{"id": "taxes_001218", "topic": "taxes", "subtopic": "pre_discount_tax", "prompt": "Cart: $57.88, $19.32, $39.89 with a 15% store discount. Local sales tax is 8.0% (tax calculated before discount). About how much is the total?", "split": "test", "exact_value": 108.89}
{"id": "taxes_001219", "topic": "taxes", "subtopic": "pre_discount_tax", "prompt": "Cart: $20.82, $10.82, $5.94. Local sales tax is 7.5% (tax calculated before discount). About how much is the total?", "split": "test", "exact_value": 40.4}
{"id": "taxes_001220", "topic": "taxes", "subtopic": "pre_discount_tax", "prompt": "Cart: $20.11, $25.81. Local sales tax is 6.0% (tax calculated before discount). About how much is the total?", "split": "test", "exact_value": 48.68}
{"id": "taxes_001221", "topic": "taxes", "subtopic": "post_discount_tax", "prompt": "Cart: $14.75, $16.73 with a 15% store discount. Local sales tax is 7.5% (tax after discount). About how much is the total?", "split": "test", "exact_value": 28.76}
{"id": "taxes_001222", "topic": "taxes", "subtopic": "post_discount_tax", "prompt": "Cart: $11.01, $44.21, $46.42, $59.91 with a 10% store discount. Local sales tax is 7.0% (tax after discount). About how much is the total?", "split": "test", "exact_value": 155.57}
{"id": "taxes_001223", "topic": "taxes", "subtopic": "post_discount_tax", "prompt": "Cart: $46.15, $59.74, $29.72, $40.61, $31.13 with a 20% store discount. Local sales tax is 6.0% (tax after discount). About how much is the total?", "split": "test", "exact_value": 175.83}
{"id": "taxes_001224", "topic": "taxes", "subtopic": "post_discount_tax", "prompt": "Cart: $27.42, $45.05, $55.35, $52.35, $15.79 with a 20% store discount. Local sales tax is 8.0% (tax after discount). About how much is the total?", "split": "test", "exact_value": 169.31}
{"id": "taxes_001225", "topic": "taxes", "subtopic": "pre_discount_tax", "prompt": "Cart: $48.12, $37.76, $8.24 with a 10% store discount. Local sales tax is 8.5% (tax calculated before discount). About how much is the total?", "split": "test", "exact_value": 92.71}
{"id": "taxes_001226", "topic": "taxes", "subtopic": "post_discount_tax", "prompt": "Cart: $5.85, $32.12, $16.19 with a 15% store discount. Local sales tax is 7.5% (tax after discount). About how much is the total?", "split": "test", "exact_value": 49.49}
{"id": "taxes_001227", "topic": "taxes", "subtopic": "pre_discount_tax", "prompt": "Cart: $21.52, $45.26, $26.65, $32.29 with a 20% store discount. Local sales tax is 6.0% (tax calculated before discount). About how much is the total?", "split": "test", "exact_value": 108.12}
{"id": "taxes_001228", "topic": "taxes", "subtopic": "pre_discount_tax", "prompt": "Cart: $9.90, $34.88, $42.23, $31.66 with a 20% store discount. Local sales tax is 8.5% (tax calculated before discount). About how much is the total?", "split": "test", "exact_value": 105.02}
{"id": "taxes_001229", "topic": "taxes", "subtopic": "post_discount_tax", "prompt": "Cart: $17.50, $39.29 with a 15% store discount. Local sales tax is 6.0% (tax after discount). About how much is the total?", "split": "test", "exact_value": 51.17}
{"id": "taxes_001230", "topic": "taxes", "subtopic": "post_discount_tax", "prompt": "Cart: $32.30, $38.51, $54.75, $9.48 with a 15% store discount. Local sales tax is 8.5% (tax after discount). About how much is the total?", "split": "test", "exact_value": 124.54}
{"id": "taxes_001231", "topic": "taxes", "subtopic": "pre_discount_tax", "prompt": "Cart: $44.19, $5.35, $54.37, $50.23, $37.44 with a 10% store discount. Local sales tax is 7.0% (tax calculated before discount). About how much is the total?", "split": "test", "exact_value": 185.83}
{"id": "taxes_001232", "topic": "taxes", "subtopic": "post_discount_tax", "prompt": "Cart: $41.59, $21.36 with a 20% store discount. Local sales tax is 6.0% (tax after discount). About how much is the total?", "split": "test", "exact_value": 53.38}
{"id": "taxes_001233", "topic": "taxes", "subtopic": "pre_discount_tax", "prompt": "Cart: $51.37, $54.14, $3.97, $58.70. Local sales tax is 8.0% (tax calculated before discount). About how much is the total?", "split": "test", "exact_value": 181.63}
{"id": "taxes_001234", "topic": "taxes", "subtopic": "post_discount_tax", "prompt": "Cart: $29.40, $40.60, $13.99 with a 15% store discount. Local sales tax is 7.5% (tax after discount). About how much is the total?", "split": "test", "exact_value": 76.75}
{"id": "taxes_001235", "topic": "taxes", "subtopic": "post_discount_tax", "prompt": "Cart: $46.19, $41.56, $18.57, $56.43 with a 20% store discount. Local sales tax is 6.0% (tax after discount). About how much is the total?", "split": "test", "exact_value": 138.01}
{"id": "taxes_001236", "topic": "taxes", "subtopic": "post_discount_tax", "prompt": "Cart: $29.93, $58.16, $52.90, $33.89, $48.83 with a 10% store discount. Local sales tax is 7.0% (tax after discount). About how much is the total?", "split": "test", "exact_value": 215.43}
{"id": "taxes_001237", "topic": "taxes", "subtopic": "pre_discount_tax", "prompt": "Cart: $45.32, $29.23. Local sales tax is 7.0% (tax calculated before discount). About how much is the total?", "split": "test", "exact_value": 79.77}
{"id": "taxes_001238", "topic": "taxes", "subtopic": "post_discount_tax", "prompt": "Cart: $46.94, $38.44. Local sales tax is 8.0% (tax after discount). About how much is the total?", "split": "test", "exact_value": 92.21}
{"id": "taxes_001239", "topic": "taxes", "subtopic": "pre_discount_tax", "prompt": "Cart: $20.16, $9.46, $28.55. Local sales tax is 8.0% (tax calculated before discount). About how much is the total?", "split": "test", "exact_value": 62.82}
{"id": "taxes_001240", "topic": "taxes", "subtopic": "post_discount_tax", "prompt": "Cart: $56.75, $4.79 with a 20% store discount. Local sales tax is 7.5% (tax after discount). About how much is the total?", "split": "test", "exact_value": 52.92}
{"id": "taxes_001241", "topic": "taxes", "subtopic": "post_discount_tax", "prompt": "Cart: $8.11, $27.13, $57.22, $11.90, $27.98 with a 15% store discount. Local sales tax is 7.5% (tax after discount). About how much is the total?", "split": "test", "exact_value": 120.93}
{"id": "taxes_001242", "topic": "taxes", "subtopic": "post_discount_tax", "prompt": "Cart: $42.80, $35.30 with a 20% store discount. Local sales tax is 8.0% (tax after discount). About how much is the total?", "split": "test", "exact_value": 67.48}
{"id": "taxes_001243", "topic": "taxes", "subtopic": "pre_discount_tax", "prompt": "Cart: $48.98, $58.84 with a 20% store discount. Local sales tax is 8.5% (tax calculated before discount). About how much is the total?", "split": "test", "exact_value": 95.42}
{"id": "taxes_001244", "topic": "taxes", "subtopic": "post_discount_tax", "prompt": "Cart: $16.54, $12.36. Local sales tax is 8.0% (tax after discount). About how much is the total?", "split": "test", "exact_value": 31.21}
{"id": "taxes_001245", "topic": "taxes", "subtopic": "post_discount_tax", "prompt": "Cart: $16.15, $46.13, $29.68, $11.10 with a 20% store discount. Local sales tax is 8.0% (tax after discount). About how much is the total?", "split": "test", "exact_value": 89.04}
{"id": "taxes_001246", "topic": "taxes", "subtopic": "post_discount_tax", "prompt": "Cart: $37.43, $49.30, $6.87, $15.57 with a 15% store discount. Local sales tax is 6.0% (tax after discount). About how much is the total?", "split": "test", "exact_value": 98.36}
{"id": "taxes_001247", "topic": "taxes", "subtopic": "pre_discount_tax", "prompt": "Cart: $48.85, $28.48 with a 10% store discount. Local sales tax is 8.5% (tax calculated before discount). About how much is the total?", "split": "test", "exact_value": 76.17}
{"id": "taxes_001248", "topic": "taxes", "subtopic": "post_discount_tax", "prompt": "Cart: $51.03, $12.58, $29.88, $19.45, $33.29 with a 10% store discount. Local sales tax is 6.0% (tax after discount). About how much is the total?", "split": "test", "exact_value": 139.5}
{"id": "taxes_001249", "topic": "taxes", "subtopic": "pre_discount_tax", "prompt": "Cart: $32.40, $46.87 with a 10% store discount. Local sales tax is 7.5% (tax calculated before discount). About how much is the total?", "split": "test", "exact_value": 77.29}
{"id": "taxes_001250", "topic": "taxes", "subtopic": "pre_discount_tax", "prompt": "Cart: $8.22, $18.42, $23.68 with a 15% store discount. Local sales tax is 8.0% (tax calculated before discount). About how much is the total?", "split": "test", "exact_value": 46.8}
{"id": "taxes_001251", "topic": "taxes", "subtopic": "pre_discount_tax", "prompt": "Cart: $12.87, $24.24 with a 20% store discount. Local sales tax is 6.0% (tax calculated before discount). About how much is the total?", "split": "test", "exact_value": 31.91}
{"id": "taxes_001252", "topic": "taxes", "subtopic": "pre_discount_tax", "prompt": "Cart: $17.37, $17.16 with a 15% store discount. Local sales tax is 8.0% (tax calculated before discount). About how much is the total?", "split": "test", "exact_value": 32.11}
{"id": "taxes_001253", "topic": "taxes", "subtopic": "pre_discount_tax", "prompt": "Cart: $23.50, $25.04, $42.06. Local sales tax is 7.5% (tax calculated before discount). About how much is the total?", "split": "test", "exact_value": 97.4}
{"id": "taxes_001254", "topic": "taxes", "subtopic": "post_discount_tax", "prompt": "Cart: $24.96, $21.30, $52.95 with a 10% store discount. Local sales tax is 7.0% (tax after discount). About how much is the total?", "split": "test", "exact_value": 95.54}
{"id": "taxes_001255", "topic": "taxes", "subtopic": "pre_discount_tax", "prompt": "Cart: $49.91, $18.06. Local sales tax is 6.0% (tax calculated before discount). About how much is the total?", "split": "test", "exact_value": 72.05}
{"id": "taxes_001256", "topic": "taxes", "subtopic": "pre_discount_tax", "prompt": "Cart: $5.06, $4.14, $9.28 with a 10% store discount. Local sales tax is 8.0% (tax calculated before discount). About how much is the total?", "split": "test", "exact_value": 18.11}
{"id": "taxes_001257", "topic": "taxes", "subtopic": "pre_discount_tax", "prompt": "Cart: $23.86, $10.76 with a 15% store discount. Local sales tax is 6.0% (tax calculated before discount). About how much is the total?", "split": "test", "exact_value": 31.5}
{"id": "taxes_001258", "topic": "taxes", "subtopic": "post_discount_tax", "prompt": "Cart: $40.03, $27.44, $55.89 with a 15% store discount. Local sales tax is 7.0% (tax after discount). About how much is the total?", "split": "test", "exact_value": 112.2}
{"id": "taxes_001259", "topic": "taxes", "subtopic": "pre_discount_tax", "prompt": "Cart: $41.33, $21.34, $27.47, $10.48. Local sales tax is 8.0% (tax calculated before discount). About how much is the total?", "split": "test", "exact_value": 108.67}
{"id": "taxes_001260", "topic": "taxes", "subtopic": "post_discount_tax", "prompt": "Cart: $18.75, $11.49, $48.24, $8.31 with a 15% store discount. Local sales tax is 7.5% (tax after discount). About how much is the total?", "split": "test", "exact_value": 79.3}
{"id": "taxes_001261", "topic": "taxes", "subtopic": "post_discount_tax", "prompt": "Cart: $28.27, $47.22, $53.09 with a 10% store discount. Local sales tax is 8.5% (tax after discount). About how much is the total?", "split": "test", "exact_value": 125.56}
{"id": "taxes_001262", "topic": "taxes", "subtopic": "post_discount_tax", "prompt": "Cart: $44.16, $38.79, $6.88 with a 15% store discount. Local sales tax is 6.0% (tax after discount). About how much is the total?", "split": "test", "exact_value": 80.94}
{"id": "taxes_001263", "topic": "taxes", "subtopic": "post_discount_tax", "prompt": "Cart: $13.83, $14.31 with a 15% store discount. Local sales tax is 7.0% (tax after discount). About how much is the total?", "split": "test", "exact_value": 25.59}
{"id": "taxes_001264", "topic": "taxes", "subtopic": "post_discount_tax", "prompt": "Cart: $50.13, $32.37, $42.68 with a 10% store discount. Local sales tax is 7.5% (tax after discount). About how much is the total?", "split": "test", "exact_value": 121.11}
{"id": "taxes_001265", "topic": "taxes", "subtopic": "pre_discount_tax", "prompt": "Cart: $5.07, $49.02, $21.35, $52.81. Local sales tax is 8.5% (tax calculated before discount). About how much is the total?", "split": "test", "exact_value": 139.15}
{"id": "taxes_001266", "topic": "taxes", "subtopic": "post_discount_tax", "prompt": "Cart: $23.87, $48.03, $49.96 with a 15% store discount. Local sales tax is 7.0% (tax after discount). About how much is the total?", "split": "test", "exact_value": 110.83}
{"id": "taxes_001267", "topic": "taxes", "subtopic": "pre_discount_tax", "prompt": "Cart: $43.25, $30.23, $31.10, $17.79 with a 20% store discount. Local sales tax is 7.5% (tax calculated before discount). About how much is the total?", "split": "test", "exact_value": 107.07}
{"id": "taxes_001268", "topic": "taxes", "subtopic": "post_discount_tax", "prompt": "Cart: $5.41, $27.62, $49.07 with a 20% store discount. Local sales tax is 6.0% (tax after discount). About how much is the total?", "split": "test", "exact_value": 69.62}
{"id": "taxes_001269", "topic": "taxes", "subtopic": "pre_discount_tax", "prompt": "Cart: $35.60, $52.86, $55.69, $25.53, $34.36 with a 20% store discount. Local sales tax is 7.0% (tax calculated before discount). About how much is the total?", "split": "test", "exact_value": 177.51}
{"id": "taxes_001270", "topic": "taxes", "subtopic": "post_discount_tax", "prompt": "Cart: $48.82, $31.56, $37.03, $47.85 with a 15% store discount. Local sales tax is 8.5% (tax after discount). About how much is the total?", "split": "test", "exact_value": 152.41}
{"id": "taxes_001271", "topic": "taxes", "subtopic": "post_discount_tax", "prompt": "Cart: $4.66, $9.18, $10.34, $53.55, $17.85 with a 10% store discount. Local sales tax is 8.0% (tax after discount). About how much is the total?", "split": "test", "exact_value": 92.9}
{"id": "taxes_001272", "topic": "taxes", "subtopic": "post_discount_tax", "prompt": "Cart: $49.25, $23.50, $14.68, $28.07 with a 20% store discount. Local sales tax is 6.0% (tax after discount). About how much is the total?", "split": "test", "exact_value": 97.94}
{"id": "taxes_001273", "topic": "taxes", "subtopic": "pre_discount_tax", "prompt": "Cart: $11.48, $39.21, $17.78 with a 20% store discount. Local sales tax is 6.0% (tax calculated before discount). About how much is the total?", "split": "test", "exact_value": 58.88}
{"id": "taxes_001274", "topic": "taxes", "subtopic": "pre_discount_tax", "prompt": "Cart: $57.29, $23.86, $56.49, $48.35, $43.42 with a 10% store discount. Local sales tax is 7.5% (tax calculated before discount). About how much is the total?", "split": "test", "exact_value": 223.67}
{"id": "taxes_001275", "topic": "taxes", "subtopic": "pre_discount_tax", "prompt": "Cart: $47.21, $15.78, $24.49, $40.16, $16.55 with a 15% store discount. Local sales tax is 8.5% (tax calculated before discount). About how much is the total?", "split": "test", "exact_value": 134.82}
{"id": "taxes_001276", "topic": "taxes", "subtopic": "pre_discount_tax", "prompt": "Cart: $57.04, $56.48, $29.48, $35.88 with a 10% store discount. Local sales tax is 7.0% (tax calculated before discount). About how much is the total?", "split": "test", "exact_value": 173.51}
{"id": "taxes_001277", "topic": "taxes", "subtopic": "post_discount_tax", "prompt": "Cart: $47.92, $31.70 with a 20% store discount. Local sales tax is 7.5% (tax after discount). About how much is the total?", "split": "test", "exact_value": 68.47}
{"id": "taxes_001278", "topic": "taxes", "subtopic": "post_discount_tax", "prompt": "Cart: $55.83, $20.80, $42.96, $54.11 with a 15% store discount. Local sales tax is 8.5% (tax after discount). About how much is the total?", "split": "test", "exact_value": 160.19}
{"id": "taxes_001279", "topic": "taxes", "subtopic": "post_discount_tax", "prompt": "Cart: $13.28, $44.46 with a 20% store discount. Local sales tax is 6.0% (tax after discount). About how much is the total?", "split": "test", "exact_value": 48.96}
{"id": "taxes_001280", "topic": "taxes", "subtopic": "post_discount_tax", "prompt": "Cart: $28.32, $9.51, $16.40 with a 15% store discount. Local sales tax is 7.0% (tax after discount). About how much is the total?", "split": "test", "exact_value": 49.32}
{"id": "taxes_001281", "topic": "taxes", "subtopic": "pre_discount_tax", "prompt": "Cart: $15.54, $58.01, $25.76 with a 20% store discount. Local sales tax is 7.0% (tax calculated before discount). About how much is the total?", "split": "test", "exact_value": 86.4}
{"id": "taxes_001282", "topic": "taxes", "subtopic": "post_discount_tax", "prompt": "Cart: $29.57, $55.36. Local sales tax is 7.5% (tax after discount). About how much is the total?", "split": "test", "exact_value": 91.3}
{"id": "taxes_001283", "topic": "taxes", "subtopic": "post_discount_tax", "prompt": "Cart: $19.21, $55.64 with a 15% store discount. Local sales tax is 7.5% (tax after discount). About how much is the total?", "split": "test", "exact_value": 68.39}
{"id": "taxes_001284", "topic": "taxes", "subtopic": "pre_discount_tax", "prompt": "Cart: $12.72, $24.83. Local sales tax is 8.5% (tax calculated before discount). About how much is the total?", "split": "test", "exact_value": 40.74}
{"id": "taxes_001285", "topic": "taxes", "subtopic": "pre_discount_tax", "prompt": "Cart: $23.28, $56.47 with a 10% store discount. Local sales tax is 7.0% (tax calculated before discount). About how much is the total?", "split": "test", "exact_value": 77.36}
{"id": "taxes_001286", "topic": "taxes", "subtopic": "pre_discount_tax", "prompt": "Cart: $47.27, $19.99, $39.45, $36.69, $13.08 with a 10% store discount. Local sales tax is 8.5% (tax calculated before discount). About how much is the total?", "split": "test", "exact_value": 154.13}
{"id": "taxes_001287", "topic": "taxes", "subtopic": "post_discount_tax", "prompt": "Cart: $31.20, $48.38, $13.80, $38.80, $21.48 with a 10% store discount. Local sales tax is 7.5% (tax after discount). About how much is the total?", "split": "test", "exact_value": 148.67}
{"id": "taxes_001288", "topic": "taxes", "subtopic": "pre_discount_tax", "prompt": "Cart: $14.42, $47.99, $43.91, $32.87, $15.69 with a 10% store discount. Local sales tax is 8.0% (tax calculated before discount). About how much is the total?", "split": "test", "exact_value": 151.78}
{"id": "taxes_001289", "topic": "taxes", "subtopic": "pre_discount_tax", "prompt": "Cart: $10.25, $4.16, $24.92, $31.16. Local sales tax is 7.0% (tax calculated before discount). About how much is the total?", "split": "test", "exact_value": 75.42}
{"id": "taxes_001290", "topic": "taxes", "subtopic": "post_discount_tax", "prompt": "Cart: $54.00, $38.90, $57.38 with a 20% store discount. Local sales tax is 8.5% (tax after discount). About how much is the total?", "split": "test", "exact_value": 130.44}
{"id": "taxes_001291", "topic": "taxes", "subtopic": "post_discount_tax", "prompt": "Cart: $15.73, $31.55, $23.90, $23.63. Local sales tax is 7.0% (tax after discount). About how much is the total?", "split": "test", "exact_value": 101.45}
{"id": "taxes_001292", "topic": "taxes", "subtopic": "pre_discount_tax", "prompt": "Cart: $13.75, $35.15, $35.10, $7.19 with a 10% store discount. Local sales tax is 8.0% (tax calculated before discount). About how much is the total?", "split": "test", "exact_value": 89.37}
{"id": "taxes_001293", "topic": "taxes", "subtopic": "pre_discount_tax", "prompt": "Cart: $6.41, $38.67, $51.02, $29.88. Local sales tax is 7.0% (tax calculated before discount). About how much is the total?", "split": "test", "exact_value": 134.8}
{"id": "taxes_001294", "topic": "taxes", "subtopic": "pre_discount_tax", "prompt": "Cart: $59.36, $53.72, $19.04, $8.33, $21.08. Local sales tax is 7.5% (tax calculated before discount). About how much is the total?", "split": "test", "exact_value": 173.64}
{"id": "taxes_001295", "topic": "taxes", "subtopic": "pre_discount_tax", "prompt": "Cart: $41.34, $59.86, $37.76, $50.35, $42.85 with a 10% store discount. Local sales tax is 8.5% (tax calculated before discount). About how much is the total?", "split": "test", "exact_value": 228.68}
{"id": "taxes_001296", "topic": "taxes", "subtopic": "post_discount_tax", "prompt": "Cart: $3.50, $6.81 with a 10% store discount. Local sales tax is 7.0% (tax after discount). About how much is the total?", "split": "test", "exact_value": 9.93}
{"id": "taxes_001297", "topic": "taxes", "subtopic": "pre_discount_tax", "prompt": "Cart: $8.31, $12.34, $46.04, $33.01, $51.25 with a 15% store discount. Local sales tax is 7.5% (tax calculated before discount). About how much is the total?", "split": "test", "exact_value": 139.63}
{"id": "taxes_001298", "topic": "taxes", "subtopic": "pre_discount_tax", "prompt": "Cart: $37.18, $39.83, $21.76. Local sales tax is 8.0% (tax calculated before discount). About how much is the total?", "split": "test", "exact_value": 106.67}
{"id": "taxes_001299", "topic": "taxes", "subtopic": "pre_discount_tax", "prompt": "Cart: $15.34, $49.42, $49.29 with a 20% store discount. Local sales tax is 8.5% (tax calculated before discount). About how much is the total?", "split": "test", "exact_value": 100.93}
{"id": "taxes_001300", "topic": "taxes", "subtopic": "post_discount_tax", "prompt": "Cart: $29.49, $28.66. Local sales tax is 8.5% (tax after discount). About how much is the total?", "split": "test", "exact_value": 63.09}
{"id": "taxes_001301", "topic": "taxes", "subtopic": "pre_discount_tax", "prompt": "Cart: $14.60, $49.77, $34.61. Local sales tax is 8.5% (tax calculated before discount). About how much is the total?", "split": "test", "exact_value": 107.39}
{"id": "taxes_001302", "topic": "taxes", "subtopic": "post_discount_tax", "prompt": "Cart: $53.55, $19.48 with a 20% store discount. Local sales tax is 6.0% (tax after discount). About how much is the total?", "split": "test", "exact_value": 61.93}
{"id": "taxes_001303", "topic": "taxes", "subtopic": "post_discount_tax", "prompt": "Cart: $13.06, $48.42. Local sales tax is 7.5% (tax after discount). About how much is the total?", "split": "test", "exact_value": 66.09}
{"id": "taxes_001304", "topic": "taxes", "subtopic": "pre_discount_tax", "prompt": "Cart: $6.15, $32.49 with a 20% store discount. Local sales tax is 8.5% (tax calculated before discount). About how much is the total?", "split": "test", "exact_value": 34.2}
{"id": "taxes_001305", "topic": "taxes", "subtopic": "post_discount_tax", "prompt": "Cart: $32.63, $47.64, $21.83, $42.07. Local sales tax is 7.5% (tax after discount). About how much is the total?", "split": "test", "exact_value": 154.98}
{"id": "taxes_001306", "topic": "taxes", "subtopic": "post_discount_tax", "prompt": "Cart: $20.65, $5.92 with a 20% store discount. Local sales tax is 8.5% (tax after discount). About how much is the total?", "split": "test", "exact_value": 23.06}
{"id": "taxes_001307", "topic": "taxes", "subtopic": "pre_discount_tax", "prompt": "Cart: $25.57, $38.63, $41.75 with a 20% store discount. Local sales tax is 7.0% (tax calculated before discount). About how much is the total?", "split": "test", "exact_value": 92.18}
{"id": "taxes_001308", "topic": "taxes", "subtopic": "pre_discount_tax", "prompt": "Cart: $57.47, $9.39, $54.98, $19.76, $42.46 with a 15% store discount. Local sales tax is 6.0% (tax calculated before discount). About how much is the total?", "split": "test", "exact_value": 167.49}
{"id": "taxes_001309", "topic": "taxes", "subtopic": "pre_discount_tax", "prompt": "Cart: $46.74, $21.79, $6.09, $57.42 with a 20% store discount. Local sales tax is 7.5% (tax calculated before discount). About how much is the total?", "split": "test", "exact_value": 115.54}
{"id": "taxes_001310", "topic": "taxes", "subtopic": "pre_discount_tax", "prompt": "Cart: $31.01, $25.30 with a 15% store discount. Local sales tax is 7.0% (tax calculated before discount). About how much is the total?", "split": "test", "exact_value": 51.81}
{"id": "taxes_001311", "topic": "taxes", "subtopic": "pre_discount_tax", "prompt": "Cart: $9.51, $47.79, $55.55, $43.88 with a 20% store discount. Local sales tax is 8.0% (tax calculated before discount). About how much is the total?", "split": "test", "exact_value": 137.92}
{"id": "taxes_001312", "topic": "taxes", "subtopic": "post_discount_tax", "prompt": "Cart: $28.44, $54.02 with a 20% store discount. Local sales tax is 8.5% (tax after discount). About how much is the total?", "split": "test", "exact_value": 71.58}
{"id": "taxes_001313", "topic": "taxes", "subtopic": "post_discount_tax", "prompt": "Cart: $28.72, $38.55, $57.60, $8.35 with a 20% store discount. Local sales tax is 8.0% (tax after discount). About how much is the total?", "split": "test", "exact_value": 115.1}
{"id": "taxes_001314", "topic": "taxes", "subtopic": "post_discount_tax", "prompt": "Cart: $58.77, $19.86, $8.67 with a 10% store discount. Local sales tax is 8.0% (tax after discount). About how much is the total?", "split": "test", "exact_value": 84.86}
{"id": "taxes_001315", "topic": "taxes", "subtopic": "post_discount_tax", "prompt": "Cart: $15.73, $30.20, $7.59, $12.54 with a 10% store discount. Local sales tax is 8.5% (tax after discount). About how much is the total?", "split": "test", "exact_value": 64.51}
{"id": "taxes_001316", "topic": "taxes", "subtopic": "pre_discount_tax", "prompt": "Cart: $45.33, $23.63, $41.34, $32.96, $11.81 with a 10% store discount. Local sales tax is 7.5% (tax calculated before discount). About how much is the total?", "split": "test", "exact_value": 151.19}
{"id": "taxes_001317", "topic": "taxes", "subtopic": "post_discount_tax", "prompt": "Cart: $18.77, $3.64 with a 20% store discount. Local sales tax is 6.0% (tax after discount). About how much is the total?", "split": "test", "exact_value": 19.0}
{"id": "taxes_001318", "topic": "taxes", "subtopic": "pre_discount_tax", "prompt": "Cart: $22.96, $48.79, $50.84, $24.58, $47.92 with a 20% store discount. Local sales tax is 7.0% (tax calculated before discount). About how much is the total?", "split": "test", "exact_value": 169.73}
{"id": "taxes_001319", "topic": "taxes", "subtopic": "pre_discount_tax", "prompt": "Cart: $50.59, $47.19 with a 10% store discount. Local sales tax is 7.0% (tax calculated before discount). About how much is the total?", "split": "test", "exact_value": 94.85}
{"id": "taxes_001320", "topic": "taxes", "subtopic": "post_discount_tax", "prompt": "Cart: $57.95, $47.35, $10.15 with a 20% store discount. Local sales tax is 7.5% (tax after discount). About how much is the total?", "split": "test", "exact_value": 99.29}
{"id": "taxes_001321", "topic": "taxes", "subtopic": "post_discount_tax", "prompt": "Cart: $59.37, $12.21, $17.57 with a 15% store discount. Local sales tax is 6.0% (tax after discount). About how much is the total?", "split": "test", "exact_value": 80.32}
{"id": "taxes_001322", "topic": "taxes", "subtopic": "post_discount_tax", "prompt": "Cart: $47.99, $10.00, $16.72, $43.36 with a 15% store discount. Local sales tax is 7.0% (tax after discount). About how much is the total?", "split": "test", "exact_value": 107.38}
{"id": "taxes_001323", "topic": "taxes", "subtopic": "post_discount_tax", "prompt": "Cart: $4.60, $36.28, $47.81, $51.75, $52.95 with a 20% store discount. Local sales tax is 7.5% (tax after discount). About how much is the total?", "split": "test", "exact_value": 166.32}
{"id": "taxes_001324", "topic": "taxes", "subtopic": "pre_discount_tax", "prompt": "Cart: $40.41, $6.10, $57.38, $5.23, $54.45. Local sales tax is 7.5% (tax calculated before discount). About how much is the total?", "split": "test", "exact_value": 175.84}
{"id": "taxes_001325", "topic": "taxes", "subtopic": "pre_discount_tax", "prompt": "Cart: $22.61, $14.17, $36.73, $21.75, $44.86 with a 15% store discount. Local sales tax is 8.5% (tax calculated before discount). About how much is the total?", "split": "test", "exact_value": 131.01}
{"id": "taxes_001326", "topic": "taxes", "subtopic": "post_discount_tax", "prompt": "Cart: $49.61, $5.05, $31.65, $5.95, $5.97 with a 15% store discount. Local sales tax is 8.0% (tax after discount). About how much is the total?", "split": "test", "exact_value": 90.18}
{"id": "taxes_001327", "topic": "taxes", "subtopic": "post_discount_tax", "prompt": "Cart: $50.47, $47.97 with a 20% store discount. Local sales tax is 7.0% (tax after discount). About how much is the total?", "split": "test", "exact_value": 84.26}
{"id": "taxes_001328", "topic": "taxes", "subtopic": "pre_discount_tax", "prompt": "Cart: $47.78, $44.92 with a 20% store discount. Local sales tax is 6.0% (tax calculated before discount). About how much is the total?", "split": "test", "exact_value": 79.72}
{"id": "taxes_001329", "topic": "taxes", "subtopic": "post_discount_tax", "prompt": "Cart: $14.62, $35.12, $8.15, $44.63 with a 10% store discount. Local sales tax is 8.0% (tax after discount). About how much is the total?", "split": "test", "exact_value": 99.65}
{"id": "taxes_001330", "topic": "taxes", "subtopic": "post_discount_tax", "prompt": "Cart: $14.02, $7.97, $23.70, $30.50, $31.16. Local sales tax is 7.5% (tax after discount). About how much is the total?", "split": "test", "exact_value": 115.4}
{"id": "taxes_001331", "topic": "taxes", "subtopic": "post_discount_tax", "prompt": "Cart: $58.42, $50.57, $28.19, $10.38 with a 15% store discount. Local sales tax is 7.0% (tax after discount). About how much is the total?", "split": "test", "exact_value": 134.21}
{"id": "taxes_001332", "topic": "taxes", "subtopic": "post_discount_tax", "prompt": "Cart: $7.28, $13.11, $32.07, $53.34 with a 15% store discount. Local sales tax is 6.0% (tax after discount). About how much is the total?", "split": "test", "exact_value": 95.33}
{"id": "taxes_001333", "topic": "taxes", "subtopic": "pre_discount_tax", "prompt": "Cart: $13.27, $15.20, $18.08, $35.81, $8.13 with a 10% store discount. Local sales tax is 7.0% (tax calculated before discount). About how much is the total?", "split": "test", "exact_value": 87.78}
{"id": "taxes_001334", "topic": "taxes", "subtopic": "pre_discount_tax", "prompt": "Cart: $36.05, $36.56, $48.75. Local sales tax is 7.0% (tax calculated before discount). About how much is the total?", "split": "test", "exact_value": 129.86}
{"id": "taxes_001335", "topic": "taxes", "subtopic": "post_discount_tax", "prompt": "Cart: $4.30, $42.97 with a 10% store discount. Local sales tax is 6.0% (tax after discount). About how much is the total?", "split": "test", "exact_value": 45.1}
{"id": "taxes_001336", "topic": "taxes", "subtopic": "pre_discount_tax", "prompt": "Cart: $19.84, $18.92 with a 15% store discount. Local sales tax is 8.5% (tax calculated before discount). About how much is the total?", "split": "test", "exact_value": 36.24}
{"id": "taxes_001337", "topic": "taxes", "subtopic": "post_discount_tax", "prompt": "Cart: $29.11, $48.41, $7.51, $50.39, $41.16 with a 20% store discount. Local sales tax is 6.0% (tax after discount). About how much is the total?", "split": "test", "exact_value": 149.74}
{"id": "taxes_001338", "topic": "taxes", "subtopic": "post_discount_tax", "prompt": "Cart: $3.89, $21.32, $34.46, $50.83, $36.08 with a 20% store discount. Local sales tax is 6.0% (tax after discount). About how much is the total?", "split": "test", "exact_value": 124.3}
{"id": "taxes_001339", "topic": "taxes", "subtopic": "post_discount_tax", "prompt": "Cart: $28.36, $26.13, $55.51, $49.78 with a 20% store discount. Local sales tax is 8.0% (tax after discount). About how much is the total?", "split": "test", "exact_value": 138.05}
{"id": "taxes_001340", "topic": "taxes", "subtopic": "post_discount_tax", "prompt": "Cart: $44.15, $25.23, $52.16, $30.65, $25.75 with a 15% store discount. Local sales tax is 8.5% (tax after discount). About how much is the total?", "split": "test", "exact_value": 164.11}
{"id": "units_000123", "topic": "units", "subtopic": "lb_oz", "prompt": "You buy 4.19 lb at $3.09 per lb. About how much is that total?", "split": "test", "exact_value": 12.95}
{"id": "units_000124", "topic": "units", "subtopic": "kg_g", "prompt": "An item costs $17.59 per kg. You take 300 g. About how much is that?", "split": "test", "exact_value": 5.28}
{"id": "units_000125", "topic": "units", "subtopic": "kg_g", "prompt": "An item costs $8.96 per kg. You take 350 g. About how much is that?", "split": "test", "exact_value": 3.14}
{"id": "units_000126", "topic": "units", "subtopic": "lb_oz", "prompt": "You buy 2.5 lb at $3.84 per lb. About how much is that total?", "split": "test", "exact_value": 9.6}
{"id": "units_000127", "topic": "units", "subtopic": "kg_g", "prompt": "An item costs $13.16 per kg. You take 500 g. About how much is that?", "split": "test", "exact_value": 6.58}
{"id": "units_000128", "topic": "units", "subtopic": "kg_g", "prompt": "An item costs $12.46 per kg. You take 500 g. About how much is that?", "split": "test", "exact_value": 6.23}
{"id": "units_000129", "topic": "units", "subtopic": "kg_g", "prompt": "An item costs $19.93 per kg. You take 400 g. About how much is that?", "split": "test", "exact_value": 7.97}
{"id": "units_000130", "topic": "units", "subtopic": "kg_g", "prompt": "An item costs $8.78 per kg. You take 350 g. About how much is that?", "split": "test", "exact_value": 3.07}
{"id": "units_000131", "topic": "units", "subtopic": "lb_oz", "prompt": "You buy 2.87 lb at $4.99 per lb. About how much is that total?", "split": "test", "exact_value": 14.32}
{"id": "units_000132", "topic": "units", "subtopic": "kg_g", "prompt": "An item costs $15.07 per kg. You take 400 g. About how much is that?", "split": "test", "exact_value": 6.03}
{"id": "units_000133", "topic": "units", "subtopic": "lb_oz", "prompt": "You buy 3.45 lb at $10.13 per lb. About how much is that total?", "split": "test", "exact_value": 34.95}
{"id": "units_000134", "topic": "units", "subtopic": "lb_oz", "prompt": "You buy 2.87 lb at $10.73 per lb. About how much is that total?", "split": "test", "exact_value": 30.8}
{"id": "units_000135", "topic": "units", "subtopic": "kg_g", "prompt": "An item costs $4.55 per kg. You take 400 g. About how much is that?", "split": "test", "exact_value": 1.82}
{"id": "units_000136", "topic": "units", "subtopic": "kg_g", "prompt": "An item costs $6.23 per kg. You take 400 g. About how much is that?", "split": "test", "exact_value": 2.49}
{"id": "units_000137", "topic": "units", "subtopic": "kg_g", "prompt": "An item costs $7.22 per kg. You take 250 g. About how much is that?", "split": "test", "exact_value": 1.81}
{"id": "units_000138", "topic": "units", "subtopic": "lb_oz", "prompt": "You buy 5.27 lb at $4.94 per lb. About how much is that total?", "split": "test", "exact_value": 26.03}
{"id": "units_000139", "topic": "units", "subtopic": "kg_g", "prompt": "An item costs $7.94 per kg. You take 300 g. About how much is that?", "split": "test", "exact_value": 2.38}
{"id": "units_000140", "topic": "units", "subtopic": "lb_oz", "prompt": "You buy 1.54 lb at $9.52 per lb. About how much is that total?", "split": "test", "exact_value": 14.66}
{"id": "units_000141", "topic": "units", "subtopic": "lb_oz", "prompt": "You buy 0.61 lb at $5.89 per lb. About how much is that total?", "split": "test", "exact_value": 3.59}
{"id": "units_000142", "topic": "units", "subtopic": "lb_oz", "prompt": "You buy 1.12 lb at $4.29 per lb. About how much is that total?", "split": "test", "exact_value": 4.8}
{"id": "units_000143", "topic": "units", "subtopic": "kg_g", "prompt": "An item costs $14.69 per kg. You take 400 g. About how much is that?", "split": "test", "exact_value": 5.88}
{"id": "units_000144", "topic": "units", "subtopic": "kg_g", "prompt": "An item costs $8.02 per kg. You take 500 g. About how much is that?", "split": "test", "exact_value": 4.01}
{"id": "units_000145", "topic": "units", "subtopic": "kg_g", "prompt": "An item costs $9.48 per kg. You take 400 g. About how much is that?", "split": "test", "exact_value": 3.79}
{"id": "units_000146", "topic": "units", "subtopic": "kg_g", "prompt": "An item costs $9.93 per kg. You take 750 g. About how much is that?", "split": "test", "exact_value": 7.45}
{"id": "units_000147", "topic": "units", "subtopic": "kg_g", "prompt": "An item costs $9.68 per kg. You take 500 g. About how much is that?", "split": "test", "exact_value": 4.84}
{"id": "units_000148", "topic": "units", "subtopic": "kg_g", "prompt": "An item costs $5.66 per kg. You take 250 g. About how much is that?", "split": "test", "exact_value": 1.42}
{"id": "units_000149", "topic": "units", "subtopic": "kg_g", "prompt": "An item costs $7.08 per kg. You take 500 g. About how much is that?", "split": "test", "exact_value": 3.54}
{"id": "units_000150", "topic": "units", "subtopic": "kg_g", "prompt": "An item costs $18.97 per kg. You take 350 g. About how much is that?", "split": "test", "exact_value": 6.64}
{"id": "units_000151", "topic": "units", "subtopic": "kg_g", "prompt": "An item costs $15.31 per kg. You take 500 g. About how much is that?", "split": "test", "exact_value": 7.66}
{"id": "units_000152", "topic": "units", "subtopic": "lb_oz", "prompt": "You buy 5.66 lb at $6.80 per lb. About how much is that total?", "split": "test", "exact_value": 38.49}
{"id": "units_000153", "topic": "units", "subtopic": "lb_oz", "prompt": "You buy 3.01 lb at $10.79 per lb. About how much is that total?", "split": "test", "exact_value": 32.48}
{"id": "units_000154", "topic": "units", "subtopic": "lb_oz", "prompt": "You buy 2.3 lb at $10.87 per lb. About how much is that total?", "split": "test", "exact_value": 25.0}
{"id": "units_000155", "topic": "units", "subtopic": "kg_g", "prompt": "An item costs $19.27 per kg. You take 500 g. About how much is that?", "split": "test", "exact_value": 9.64}
{"id": "units_000156", "topic": "units", "subtopic": "kg_g", "prompt": "An item costs $19.56 per kg. You take 300 g. About how much is that?", "split": "test", "exact_value": 5.87}
{"id": "units_000157", "topic": "units", "subtopic": "lb_oz", "prompt": "You buy 3.48 lb at $12.68 per lb. About how much is that total?", "split": "test", "exact_value": 44.13}
{"id": "units_000158", "topic": "units", "subtopic": "kg_g", "prompt": "An item costs $15.36 per kg. You take 750 g. About how much is that?", "split": "test", "exact_value": 11.52}
{"id": "units_000159", "topic": "units", "subtopic": "kg_g", "prompt": "An item costs $14.62 per kg. You take 250 g. About how much is that?", "split": "test", "exact_value": 3.66}
{"id": "units_000160", "topic": "units", "subtopic": "kg_g", "prompt": "An item costs $14.44 per kg. You take 300 g. About how much is that?", "split": "test", "exact_value": 4.33}
{"id": "units_000161", "topic": "units", "subtopic": "kg_g", "prompt": "An item costs $19.10 per kg. You take 400 g. About how much is that?", "split": "test", "exact_value": 7.64}
{"id": "units_000162", "topic": "units", "subtopic": "lb_oz", "prompt": "You buy 3.8 lb at $11.30 per lb. About how much is that total?", "split": "test", "exact_value": 42.94}
{"id": "units_000163", "topic": "units", "subtopic": "lb_oz", "prompt": "You buy 5.54 lb at $12.29 per lb. About how much is that total?", "split": "test", "exact_value": 68.09}
{"id": "units_000164", "topic": "units", "subtopic": "kg_g", "prompt": "An item costs $6.05 per kg. You take 900 g. About how much is that?", "split": "test", "exact_value": 5.45}
{"id": "units_000165", "topic": "units", "subtopic": "kg_g", "prompt": "An item costs $18.94 per kg. You take 350 g. About how much is that?", "split": "test", "exact_value": 6.63}
{"id": "units_000166", "topic": "units", "subtopic": "kg_g", "prompt": "An item costs $10.72 per kg. You take 300 g. About how much is that?", "split": "test", "exact_value": 3.22}
{"id": "units_000167", "topic": "units", "subtopic": "lb_oz", "prompt": "You buy 5.37 lb at $7.71 per lb. About how much is that total?", "split": "test", "exact_value": 41.4}
{"id": "units_000168", "topic": "units", "subtopic": "kg_g", "prompt": "An item costs $6.19 per kg. You take 500 g. About how much is that?", "split": "test", "exact_value": 3.1}
{"id": "units_000169", "topic": "units", "subtopic": "kg_g", "prompt": "An item costs $17.37 per kg. You take 400 g. About how much is that?", "split": "test", "exact_value": 6.95}
{"id": "units_000170", "topic": "units", "subtopic": "kg_g", "prompt": "An item costs $7.05 per kg. You take 400 g. About how much is that?", "split": "test", "exact_value": 2.82}
{"id": "units_000171", "topic": "units", "subtopic": "lb_oz", "prompt": "You buy 5.33 lb at $4.08 per lb. About how much is that total?", "split": "test", "exact_value": 21.75}
{"id": "units_000172", "topic": "units", "subtopic": "lb_oz", "prompt": "You buy 5.62 lb at $10.85 per lb. About how much is that total?", "split": "test", "exact_value": 60.98}
{"id": "units_000173", "topic": "units", "subtopic": "kg_g", "prompt": "An item costs $17.00 per kg. You take 500 g. About how much is that?", "split": "test", "exact_value": 8.5}
{"id": "units_000174", "topic": "units", "subtopic": "lb_oz", "prompt": "You buy 5.98 lb at $11.15 per lb. About how much is that total?", "split": "test", "exact_value": 66.68}
{"id": "units_000175", "topic": "units", "subtopic": "kg_g", "prompt": "An item costs $17.69 per kg. You take 750 g. About how much is that?", "split": "test", "exact_value": 13.27}
{"id": "units_000176", "topic": "units", "subtopic": "lb_oz", "prompt": "You buy 1.53 lb at $13.03 per lb. About how much is that total?", "split": "test", "exact_value": 19.94}
{"id": "units_000177", "topic": "units", "subtopic": "kg_g", "prompt": "An item costs $6.53 per kg. You take 300 g. About how much is that?", "split": "test", "exact_value": 1.96}
{"id": "units_000178", "topic": "units", "subtopic": "lb_oz", "prompt": "You buy 4.91 lb at $12.30 per lb. About how much is that total?", "split": "test", "exact_value": 60.39}
{"id": "units_000179", "topic": "units", "subtopic": "lb_oz", "prompt": "You buy 3.99 lb at $9.86 per lb. About how much is that total?", "split": "test", "exact_value": 39.34}
{"id": "units_000180", "topic": "units", "subtopic": "kg_g", "prompt": "An item costs $15.69 per kg. You take 400 g. About how much is that?", "split": "test", "exact_value": 6.28}
{"id": "units_000181", "topic": "units", "subtopic": "lb_oz", "prompt": "You buy 4.99 lb at $12.91 per lb. About how much is that total?", "split": "test", "exact_value": 64.42}
{"id": "units_000182", "topic": "units", "subtopic": "kg_g", "prompt": "An item costs $10.66 per kg. You take 300 g. About how much is that?", "split": "test", "exact_value": 3.2}
{"id": "units_000183", "topic": "units", "subtopic": "lb_oz", "prompt": "You buy 2.65 lb at $3.42 per lb. About how much is that total?", "split": "test", "exact_value": 9.06}
{"id": "units_000184", "topic": "units", "subtopic": "kg_g", "prompt": "An item costs $10.52 per kg. You take 750 g. About how much is that?", "split": "test", "exact_value": 7.89}
{"id": "units_000185", "topic": "units", "subtopic": "lb_oz", "prompt": "You buy 5.92 lb at $10.21 per lb. About how much is that total?", "split": "test", "exact_value": 60.44}
{"id": "units_000186", "topic": "units", "subtopic": "kg_g", "prompt": "An item costs $4.57 per kg. You take 300 g. About how much is that?", "split": "test", "exact_value": 1.37}
{"id": "units_000187", "topic": "units", "subtopic": "kg_g", "prompt": "An item costs $7.01 per kg. You take 300 g. About how much is that?", "split": "test", "exact_value": 2.1}
{"id": "units_000188", "topic": "units", "subtopic": "kg_g", "prompt": "An item costs $6.04 per kg. You take 300 g. About how much is that?", "split": "test", "exact_value": 1.81}
{"id": "units_000189", "topic": "units", "subtopic": "lb_oz", "prompt": "You buy 0.58 lb at $14.44 per lb. About how much is that total?", "split": "test", "exact_value": 8.38}
{"id": "units_000190", "topic": "units", "subtopic": "lb_oz", "prompt": "You buy 2.23 lb at $10.71 per lb. About how much is that total?", "split": "test", "exact_value": 23.88}
{"id": "units_000191", "topic": "units", "subtopic": "kg_g", "prompt": "An item costs $5.04 per kg. You take 350 g. About how much is that?", "split": "test", "exact_value": 1.76}
{"id": "units_000192", "topic": "units", "subtopic": "lb_oz", "prompt": "You buy 5.36 lb at $3.73 per lb. About how much is that total?", "split": "test", "exact_value": 19.99}
{"id": "units_000193", "topic": "units", "subtopic": "kg_g", "prompt": "An item costs $7.02 per kg. You take 350 g. About how much is that?", "split": "test", "exact_value": 2.46}
{"id": "units_000194", "topic": "units", "subtopic": "lb_oz", "prompt": "You buy 2.53 lb at $8.84 per lb. About how much is that total?", "split": "test", "exact_value": 22.37}
{"id": "units_000195", "topic": "units", "subtopic": "lb_oz", "prompt": "You buy 1.86 lb at $11.84 per lb. About how much is that total?", "split": "test", "exact_value": 22.02}
{"id": "units_000196", "topic": "units", "subtopic": "lb_oz", "prompt": "You buy 5.2 lb at $9.18 per lb. About how much is that total?", "split": "test", "exact_value": 47.74}
{"id": "units_000197", "topic": "units", "subtopic": "kg_g", "prompt": "An item costs $4.38 per kg. You take 350 g. About how much is that?", "split": "test", "exact_value": 1.53}
{"id": "units_000198", "topic": "units", "subtopic": "kg_g", "prompt": "An item costs $4.05 per kg. You take 900 g. About how much is that?", "split": "test", "exact_value": 3.65}
{"id": "units_000199", "topic": "units", "subtopic": "lb_oz", "prompt": "You buy 5.49 lb at $4.02 per lb. About how much is that total?", "split": "test", "exact_value": 22.07}
{"id": "units_000200", "topic": "units", "subtopic": "lb_oz", "prompt": "You buy 1.03 lb at $8.61 per lb. About how much is that total?", "split": "test", "exact_value": 8.87}
{"id": "units_000201", "topic": "units", "subtopic": "lb_oz", "prompt": "You buy 2.31 lb at $5.82 per lb. About how much is that total?", "split": "test", "exact_value": 13.44}
{"id": "units_000202", "topic": "units", "subtopic": "lb_oz", "prompt": "You buy 1.21 lb at $14.25 per lb. About how much is that total?", "split": "test", "exact_value": 17.24}
{"id": "units_000203", "topic": "units", "subtopic": "kg_g", "prompt": "An item costs $11.59 per kg. You take 750 g. About how much is that?", "split": "test", "exact_value": 8.69}
{"id": "units_000204", "topic": "units", "subtopic": "lb_oz", "prompt": "You buy 2.45 lb at $8.86 per lb. About how much is that total?", "split": "test", "exact_value": 21.71}
{"id": "units_000205", "topic": "units", "subtopic": "kg_g", "prompt": "An item costs $11.04 per kg. You take 250 g. About how much is that?", "split": "test", "exact_value": 2.76}
{"id": "units_000206", "topic": "units", "subtopic": "kg_g", "prompt": "An item costs $6.03 per kg. You take 350 g. About how much is that?", "split": "test", "exact_value": 2.11}
{"id": "units_000207", "topic": "units", "subtopic": "kg_g", "prompt": "An item costs $19.14 per kg. You take 350 g. About how much is that?", "split": "test", "exact_value": 6.7}
{"id": "units_000208", "topic": "units", "subtopic": "kg_g", "prompt": "An item costs $8.95 per kg. You take 250 g. About how much is that?", "split": "test", "exact_value": 2.24}
{"id": "units_000209", "topic": "units", "subtopic": "kg_g", "prompt": "An item costs $11.48 per kg. You take 250 g. About how much is that?", "split": "test", "exact_value": 2.87}
{"id": "units_000210", "topic": "units", "subtopic": "lb_oz", "prompt": "You buy 2.73 lb at $13.90 per lb. About how much is that total?", "split": "test", "exact_value": 37.95}
{"id": "units_000211", "topic": "units", "subtopic": "lb_oz", "prompt": "You buy 4.26 lb at $7.07 per lb. About how much is that total?", "split": "test", "exact_value": 30.12}
{"id": "units_000212", "topic": "units", "subtopic": "lb_oz", "prompt": "You buy 3.67 lb at $12.57 per lb. About how much is that total?", "split": "test", "exact_value": 46.13}
{"id": "units_000213", "topic": "units", "subtopic": "lb_oz", "prompt": "You buy 1.49 lb at $10.28 per lb. About how much is that total?", "split": "test", "exact_value": 15.32}
{"id": "units_000214", "topic": "units", "subtopic": "lb_oz", "prompt": "You buy 5.79 lb at $12.98 per lb. About how much is that total?", "split": "test", "exact_value": 75.15}
{"id": "units_000215", "topic": "units", "subtopic": "kg_g", "prompt": "An item costs $4.93 per kg. You take 750 g. About how much is that?", "split": "test", "exact_value": 3.7}
{"id": "units_000216", "topic": "units", "subtopic": "lb_oz", "prompt": "You buy 1.9 lb at $5.48 per lb. About how much is that total?", "split": "test", "exact_value": 10.41}
{"id": "units_000217", "topic": "units", "subtopic": "lb_oz", "prompt": "You buy 3.63 lb at $10.63 per lb. About how much is that total?", "split": "test", "exact_value": 38.59}
{"id": "units_000218", "topic": "units", "subtopic": "kg_g", "prompt": "An item costs $6.51 per kg. You take 500 g. About how much is that?", "split": "test", "exact_value": 3.26}
{"id": "units_000219", "topic": "units", "subtopic": "kg_g", "prompt": "An item costs $12.06 per kg. You take 350 g. About how much is that?", "split": "test", "exact_value": 4.22}
{"id": "units_000220", "topic": "units", "subtopic": "kg_g", "prompt": "An item costs $11.56 per kg. You take 300 g. About how much is that?", "split": "test", "exact_value": 3.47}
{"id": "units_000221", "topic": "units", "subtopic": "lb_oz", "prompt": "You buy 3.82 lb at $12.97 per lb. About how much is that total?", "split": "test", "exact_value": 49.55}
{"id": "units_000222", "topic": "units", "subtopic": "lb_oz", "prompt": "You buy 5.55 lb at $5.64 per lb. About how much is that total?", "split": "test", "exact_value": 31.3}
{"id": "units_000223", "topic": "units", "subtopic": "lb_oz", "prompt": "You buy 2.93 lb at $4.77 per lb. About how much is that total?", "split": "test", "exact_value": 13.98}
{"id": "units_000224", "topic": "units", "subtopic": "lb_oz", "prompt": "You buy 4.83 lb at $9.80 per lb. About how much is that total?", "split": "test", "exact_value": 47.33}
{"id": "units_000225", "topic": "units", "subtopic": "kg_g", "prompt": "An item costs $11.38 per kg. You take 250 g. About how much is that?", "split": "test", "exact_value": 2.85}
{"id": "units_000226", "topic": "units", "subtopic": "kg_g", "prompt": "An item costs $16.82 per kg. You take 250 g. About how much is that?", "split": "test", "exact_value": 4.21}
{"id": "units_000227", "topic": "units", "subtopic": "lb_oz", "prompt": "You buy 4.2 lb at $8.05 per lb. About how much is that total?", "split": "test", "exact_value": 33.81}
{"id": "units_000228", "topic": "units", "subtopic": "lb_oz", "prompt": "You buy 5.59 lb at $3.39 per lb. About how much is that total?", "split": "test", "exact_value": 18.95}
{"id": "units_000229", "topic": "units", "subtopic": "kg_g", "prompt": "An item costs $17.69 per kg. You take 750 g. About how much is that?", "split": "test", "exact_value": 13.27}
{"id": "units_000230", "topic": "units", "subtopic": "kg_g", "prompt": "An item costs $13.56 per kg. You take 250 g. About how much is that?", "split": "test", "exact_value": 3.39}
{"id": "units_000231", "topic": "units", "subtopic": "lb_oz", "prompt": "You buy 5.09 lb at $11.60 per lb. About how much is that total?", "split": "test", "exact_value": 59.04}
{"id": "units_000232", "topic": "units", "subtopic": "lb_oz", "prompt": "You buy 5.32 lb at $7.72 per lb. About how much is that total?", "split": "test", "exact_value": 41.07}
{"id": "units_000233", "topic": "units", "subtopic": "kg_g", "prompt": "An item costs $8.26 per kg. You take 350 g. About how much is that?", "split": "test", "exact_value": 2.89}
{"id": "units_000234", "topic": "units", "subtopic": "lb_oz", "prompt": "You buy 4.62 lb at $12.87 per lb. About how much is that total?", "split": "test", "exact_value": 59.46}
{"id": "units_000235", "topic": "units", "subtopic": "kg_g", "prompt": "An item costs $13.40 per kg. You take 350 g. About how much is that?", "split": "test", "exact_value": 4.69}
{"id": "units_000236", "topic": "units", "subtopic": "lb_oz", "prompt": "You buy 4.68 lb at $4.87 per lb. About how much is that total?", "split": "test", "exact_value": 22.79}
{"id": "units_000237", "topic": "units", "subtopic": "lb_oz", "prompt": "You buy 3.05 lb at $10.57 per lb. About how much is that total?", "split": "test", "exact_value": 32.24}
{"id": "units_000238", "topic": "units", "subtopic": "lb_oz", "prompt": "You buy 5.39 lb at $4.97 per lb. About how much is that total?", "split": "test", "exact_value": 26.79}
{"id": "units_000239", "topic": "units", "subtopic": "kg_g", "prompt": "An item costs $10.36 per kg. You take 500 g. About how much is that?", "split": "test", "exact_value": 5.18}
{"id": "units_000240", "topic": "units", "subtopic": "lb_oz", "prompt": "You buy 3.04 lb at $6.82 per lb. About how much is that total?", "split": "test", "exact_value": 20.73}
{"id": "units_000241", "topic": "units", "subtopic": "lb_oz", "prompt": "You buy 3.29 lb at $13.16 per lb. About how much is that total?", "split": "test", "exact_value": 43.3}
{"id": "units_000242", "topic": "units", "subtopic": "kg_g", "prompt": "An item costs $18.74 per kg. You take 350 g. About how much is that?", "split": "test", "exact_value": 6.56}
{"id": "units_000243", "topic": "units", "subtopic": "kg_g", "prompt": "An item costs $5.69 per kg. You take 500 g. About how much is that?", "split": "test", "exact_value": 2.85}
{"id": "units_000244", "topic": "units", "subtopic": "lb_oz", "prompt": "You buy 4.63 lb at $5.25 per lb. About how much is that total?", "split": "test", "exact_value": 24.31}
{"id": "units_000245", "topic": "units", "subtopic": "lb_oz", "prompt": "You buy 0.74 lb at $3.46 per lb. About how much is that total?", "split": "test", "exact_value": 2.56}
{"id": "units_000246", "topic": "units", "subtopic": "lb_oz", "prompt": "You buy 4.16 lb at $13.78 per lb. About how much is that total?", "split": "test", "exact_value": 57.32}
{"id": "units_000247", "topic": "units", "subtopic": "lb_oz", "prompt": "You buy 1.27 lb at $10.60 per lb. About how much is that total?", "split": "test", "exact_value": 13.46}
{"id": "units_000248", "topic": "units", "subtopic": "kg_g", "prompt": "An item costs $14.32 per kg. You take 400 g. About how much is that?", "split": "test", "exact_value": 5.73}
{"id": "units_000249", "topic": "units", "subtopic": "kg_g", "prompt": "An item costs $18.15 per kg. You take 350 g. About how much is that?", "split": "test", "exact_value": 6.35}
{"id": "units_000250", "topic": "units", "subtopic": "kg_g", "prompt": "An item costs $9.90 per kg. You take 400 g. About how much is that?", "split": "test", "exact_value": 3.96}
{"id": "units_000251", "topic": "units", "subtopic": "lb_oz", "prompt": "You buy 3.54 lb at $8.74 per lb. About how much is that total?", "split": "test", "exact_value": 30.94}
{"id": "units_000252", "topic": "units", "subtopic": "kg_g", "prompt": "An item costs $19.41 per kg. You take 750 g. About how much is that?", "split": "test", "exact_value": 14.56}
{"id": "units_000253", "topic": "units", "subtopic": "lb_oz", "prompt": "You buy 2.01 lb at $5.89 per lb. About how much is that total?", "split": "test", "exact_value": 11.84}
{"id": "units_000254", "topic": "units", "subtopic": "kg_g", "prompt": "An item costs $14.19 per kg. You take 300 g. About how much is that?", "split": "test", "exact_value": 4.26}
{"id": "units_000255", "topic": "units", "subtopic": "lb_oz", "prompt": "You buy 5.01 lb at $11.53 per lb. About how much is that total?", "split": "test", "exact_value": 57.77}
{"id": "units_000256", "topic": "units", "subtopic": "kg_g", "prompt": "An item costs $14.37 per kg. You take 900 g. About how much is that?", "split": "test", "exact_value": 12.93}
{"id": "units_000257", "topic": "units", "subtopic": "kg_g", "prompt": "An item costs $17.68 per kg. You take 500 g. About how much is that?", "split": "test", "exact_value": 8.84}
{"id": "units_000258", "topic": "units", "subtopic": "kg_g", "prompt": "An item costs $19.00 per kg. You take 900 g. About how much is that?", "split": "test", "exact_value": 17.1}
{"id": "units_000259", "topic": "units", "subtopic": "lb_oz", "prompt": "You buy 4.62 lb at $7.00 per lb. About how much is that total?", "split": "test", "exact_value": 32.34}
{"id": "units_000260", "topic": "units", "subtopic": "lb_oz", "prompt": "You buy 3.06 lb at $6.98 per lb. About how much is that total?", "split": "test", "exact_value": 21.36}
{"id": "units_000261", "topic": "units", "subtopic": "kg_g", "prompt": "An item costs $7.25 per kg. You take 900 g. About how much is that?", "split": "test", "exact_value": 6.53}
{"id": "units_000262", "topic": "units", "subtopic": "lb_oz", "prompt": "You buy 3.33 lb at $12.80 per lb. About how much is that total?", "split": "test", "exact_value": 42.62}
{"id": "units_000263", "topic": "units", "subtopic": "lb_oz", "prompt": "You buy 5.14 lb at $12.44 per lb. About how much is that total?", "split": "test", "exact_value": 63.94}
{"id": "units_000264", "topic": "units", "subtopic": "kg_g", "prompt": "An item costs $10.32 per kg. You take 750 g. About how much is that?", "split": "test", "exact_value": 7.74}
{"id": "units_000265", "topic": "units", "subtopic": "kg_g", "prompt": "An item costs $9.73 per kg. You take 900 g. About how much is that?", "split": "test", "exact_value": 8.76}
{"id": "units_000266", "topic": "units", "subtopic": "kg_g", "prompt": "An item costs $18.60 per kg. You take 400 g. About how much is that?", "split": "test", "exact_value": 7.44}
{"id": "units_000267", "topic": "units", "subtopic": "kg_g", "prompt": "An item costs $16.62 per kg. You take 250 g. About how much is that?", "split": "test", "exact_value": 4.16}
{"id": "units_000268", "topic": "units", "subtopic": "lb_oz", "prompt": "You buy 4.02 lb at $12.42 per lb. About how much is that total?", "split": "test", "exact_value": 49.93}
{"id": "units_000269", "topic": "units", "subtopic": "lb_oz", "prompt": "You buy 2.96 lb at $11.45 per lb. About how much is that total?", "split": "test", "exact_value": 33.89}
{"id": "units_000270", "topic": "units", "subtopic": "kg_g", "prompt": "An item costs $6.45 per kg. You take 500 g. About how much is that?", "split": "test", "exact_value": 3.23}
{"id": "units_000271", "topic": "units", "subtopic": "kg_g", "prompt": "An item costs $15.78 per kg. You take 500 g. About how much is that?", "split": "test", "exact_value": 7.89}
{"id": "units_000272", "topic": "units", "subtopic": "kg_g", "prompt": "An item costs $14.19 per kg. You take 250 g. About how much is that?", "split": "test", "exact_value": 3.55}
{"id": "units_000273", "topic": "units", "subtopic": "lb_oz", "prompt": "You buy 1.51 lb at $9.76 per lb. About how much is that total?", "split": "test", "exact_value": 14.74}
{"id": "units_000274", "topic": "units", "subtopic": "lb_oz", "prompt": "You buy 4.53 lb at $6.90 per lb. About how much is that total?", "split": "test", "exact_value": 31.26}
{"id": "units_000275", "topic": "units", "subtopic": "kg_g", "prompt": "An item costs $9.64 per kg. You take 500 g. About how much is that?", "split": "test", "exact_value": 4.82}
{"id": "units_000276", "topic": "units", "subtopic": "kg_g", "prompt": "An item costs $17.42 per kg. You take 300 g. About how much is that?", "split": "test", "exact_value": 5.23}
{"id": "units_000277", "topic": "units", "subtopic": "kg_g", "prompt": "An item costs $14.25 per kg. You take 300 g. About how much is that?", "split": "test", "exact_value": 4.28}
{"id": "units_000278", "topic": "units", "subtopic": "kg_g", "prompt": "An item costs $10.33 per kg. You take 250 g. About how much is that?", "split": "test", "exact_value": 2.58}
{"id": "units_000279", "topic": "units", "subtopic": "kg_g", "prompt": "An item costs $5.11 per kg. You take 300 g. About how much is that?", "split": "test", "exact_value": 1.53}
{"id": "units_000280", "topic": "units", "subtopic": "kg_g", "prompt": "An item costs $8.90 per kg. You take 250 g. About how much is that?", "split": "test", "exact_value": 2.23}
{"id": "units_000281", "topic": "units", "subtopic": "lb_oz", "prompt": "You buy 3.1 lb at $10.42 per lb. About how much is that total?", "split": "test", "exact_value": 32.3}
{"id": "units_000282", "topic": "units", "subtopic": "lb_oz", "prompt": "You buy 3.18 lb at $5.64 per lb. About how much is that total?", "split": "test", "exact_value": 17.94}
{"id": "units_000283", "topic": "units", "subtopic": "lb_oz", "prompt": "You buy 1.29 lb at $10.07 per lb. About how much is that total?", "split": "test", "exact_value": 12.99}
{"id": "units_000284", "topic": "units", "subtopic": "lb_oz", "prompt": "You buy 1.6 lb at $10.43 per lb. About how much is that total?", "split": "test", "exact_value": 16.69}
{"id": "units_000285", "topic": "units", "subtopic": "lb_oz", "prompt": "You buy 5.88 lb at $6.73 per lb. About how much is that total?", "split": "test", "exact_value": 39.57}
{"id": "units_000286", "topic": "units", "subtopic": "lb_oz", "prompt": "You buy 1.41 lb at $10.26 per lb. About how much is that total?", "split": "test", "exact_value": 14.47}
{"id": "units_000287", "topic": "units", "subtopic": "kg_g", "prompt": "An item costs $4.52 per kg. You take 750 g. About how much is that?", "split": "test", "exact_value": 3.39}
{"id": "units_000288", "topic": "units", "subtopic": "kg_g", "prompt": "An item costs $13.07 per kg. You take 300 g. About how much is that?", "split": "test", "exact_value": 3.92}
{"id": "units_000289", "topic": "units", "subtopic": "kg_g", "prompt": "An item costs $4.40 per kg. You take 900 g. About how much is that?", "split": "test", "exact_value": 3.96}
{"id": "units_000290", "topic": "units", "subtopic": "kg_g", "prompt": "An item costs $14.82 per kg. You take 750 g. About how much is that?", "split": "test", "exact_value": 11.12}
{"id": "units_000291", "topic": "units", "subtopic": "kg_g", "prompt": "An item costs $7.16 per kg. You take 250 g. About how much is that?", "split": "test", "exact_value": 1.79}
{"id": "units_000292", "topic": "units", "subtopic": "kg_g", "prompt": "An item costs $12.61 per kg. You take 300 g. About how much is that?", "split": "test", "exact_value": 3.78}
{"id": "units_000293", "topic": "units", "subtopic": "kg_g", "prompt": "An item costs $16.01 per kg. You take 400 g. About how much is that?", "split": "test", "exact_value": 6.4}
{"id": "units_000294", "topic": "units", "subtopic": "kg_g", "prompt": "An item costs $14.98 per kg. You take 250 g. About how much is that?", "split": "test", "exact_value": 3.75}
{"id": "units_000295", "topic": "units", "subtopic": "lb_oz", "prompt": "You buy 2.91 lb at $14.40 per lb. About how much is that total?", "split": "test", "exact_value": 41.9}
{"id": "units_000296", "topic": "units", "subtopic": "lb_oz", "prompt": "You buy 2.7 lb at $6.72 per lb. About how much is that total?", "split": "test", "exact_value": 18.14}
{"id": "units_000297", "topic": "units", "subtopic": "kg_g", "prompt": "An item costs $10.03 per kg. You take 350 g. About how much is that?", "split": "test", "exact_value": 3.51}
{"id": "units_000298", "topic": "units", "subtopic": "lb_oz", "prompt": "You buy 4.26 lb at $8.17 per lb. About how much is that total?", "split": "test", "exact_value": 34.8}
{"id": "units_000299", "topic": "units", "subtopic": "lb_oz", "prompt": "You buy 3.61 lb at $11.15 per lb. About how much is that total?", "split": "test", "exact_value": 40.25}
{"id": "units_000300", "topic": "units", "subtopic": "kg_g", "prompt": "An item costs $7.36 per kg. You take 400 g. About how much is that?", "split": "test", "exact_value": 2.94}
{"id": "units_000301", "topic": "units", "subtopic": "lb_oz", "prompt": "You buy 4.59 lb at $13.54 per lb. About how much is that total?", "split": "test", "exact_value": 62.15}
{"id": "units_000302", "topic": "units", "subtopic": "lb_oz", "prompt": "You buy 2.34 lb at $9.34 per lb. About how much is that total?", "split": "test", "exact_value": 21.86}
{"id": "units_000303", "topic": "units", "subtopic": "lb_oz", "prompt": "You buy 3.98 lb at $7.00 per lb. About how much is that total?", "split": "test", "exact_value": 27.86}
{"id": "units_000304", "topic": "units", "subtopic": "lb_oz", "prompt": "You buy 4.86 lb at $9.84 per lb. About how much is that total?", "split": "test", "exact_value": 47.82}
{"id": "units_000305", "topic": "units", "subtopic": "kg_g", "prompt": "An item costs $10.08 per kg. You take 900 g. About how much is that?", "split": "test", "exact_value": 9.07}
{"id": "units_000306", "topic": "units", "subtopic": "lb_oz", "prompt": "You buy 5.52 lb at $5.52 per lb. About how much is that total?", "split": "test", "exact_value": 30.47}
{"id": "units_000307", "topic": "units", "subtopic": "lb_oz", "prompt": "You buy 4.54 lb at $6.92 per lb. About how much is that total?", "split": "test", "exact_value": 31.42}
{"id": "units_000308", "topic": "units", "subtopic": "lb_oz", "prompt": "You buy 3.98 lb at $8.84 per lb. About how much is that total?", "split": "test", "exact_value": 35.18}
{"id": "units_000309", "topic": "units", "subtopic": "kg_g", "prompt": "An item costs $15.48 per kg. You take 400 g. About how much is that?", "split": "test", "exact_value": 6.19}
{"id": "units_000310", "topic": "units", "subtopic": "lb_oz", "prompt": "You buy 0.8 lb at $8.67 per lb. About how much is that total?", "split": "test", "exact_value": 6.94}
{"id": "units_000311", "topic": "units", "subtopic": "kg_g", "prompt": "An item costs $11.47 per kg. You take 300 g. About how much is that?", "split": "test", "exact_value": 3.44}
{"id": "units_000312", "topic": "units", "subtopic": "lb_oz", "prompt": "You buy 1.88 lb at $6.03 per lb. About how much is that total?", "split": "test", "exact_value": 11.34}
{"id": "units_000313", "topic": "units", "subtopic": "kg_g", "prompt": "An item costs $10.65 per kg. You take 250 g. About how much is that?", "split": "test", "exact_value": 2.66}
{"id": "units_000314", "topic": "units", "subtopic": "lb_oz", "prompt": "You buy 5.66 lb at $7.23 per lb. About how much is that total?", "split": "test", "exact_value": 40.92}
{"id": "units_000315", "topic": "units", "subtopic": "kg_g", "prompt": "An item costs $13.58 per kg. You take 750 g. About how much is that?", "split": "test", "exact_value": 10.19}
{"id": "units_000316", "topic": "units", "subtopic": "kg_g", "prompt": "An item costs $5.38 per kg. You take 250 g. About how much is that?", "split": "test", "exact_value": 1.35}
{"id": "units_000317", "topic": "units", "subtopic": "kg_g", "prompt": "An item costs $17.91 per kg. You take 400 g. About how much is that?", "split": "test", "exact_value": 7.16}
{"id": "units_000318", "topic": "units", "subtopic": "lb_oz", "prompt": "You buy 3.52 lb at $9.02 per lb. About how much is that total?", "split": "test", "exact_value": 31.75}
{"id": "units_000319", "topic": "units", "subtopic": "kg_g", "prompt": "An item costs $19.07 per kg. You take 500 g. About how much is that?", "split": "test", "exact_value": 9.54}
{"id": "units_000320", "topic": "units", "subtopic": "lb_oz", "prompt": "You buy 1.88 lb at $6.25 per lb. About how much is that total?", "split": "test", "exact_value": 11.75}
{"id": "units_000321", "topic": "units", "subtopic": "kg_g", "prompt": "An item costs $18.22 per kg. You take 900 g. About how much is that?", "split": "test", "exact_value": 16.4}
{"id": "units_000322", "topic": "units", "subtopic": "lb_oz", "prompt": "You buy 4.88 lb at $11.15 per lb. About how much is that total?", "split": "test", "exact_value": 54.41}
{"id": "units_000323", "topic": "units", "subtopic": "kg_g", "prompt": "An item costs $5.32 per kg. You take 400 g. About how much is that?", "split": "test", "exact_value": 2.13}
{"id": "units_000324", "topic": "units", "subtopic": "kg_g", "prompt": "An item costs $10.66 per kg. You take 250 g. About how much is that?", "split": "test", "exact_value": 2.67}
{"id": "units_000325", "topic": "units", "subtopic": "lb_oz", "prompt": "You buy 2.0 lb at $11.00 per lb. About how much is that total?", "split": "test", "exact_value": 22.0}
{"id": "units_000326", "topic": "units", "subtopic": "lb_oz", "prompt": "You buy 1.79 lb at $11.33 per lb. About how much is that total?", "split": "test", "exact_value": 20.28}
{"id": "units_000327", "topic": "units", "subtopic": "lb_oz", "prompt": "You buy 3.49 lb at $9.52 per lb. About how much is that total?", "split": "test", "exact_value": 33.22}
{"id": "units_000328", "topic": "units", "subtopic": "lb_oz", "prompt": "You buy 4.58 lb at $7.73 per lb. About how much is that total?", "split": "test", "exact_value": 35.4}
{"id": "units_000329", "topic": "units", "subtopic": "kg_g", "prompt": "An item costs $11.49 per kg. You take 500 g. About how much is that?", "split": "test", "exact_value": 5.75}
{"id": "units_000330", "topic": "units", "subtopic": "lb_oz", "prompt": "You buy 4.05 lb at $12.64 per lb. About how much is that total?", "split": "test", "exact_value": 51.19}
{"id": "units_000331", "topic": "units", "subtopic": "lb_oz", "prompt": "You buy 3.22 lb at $8.92 per lb. About how much is that total?", "split": "test", "exact_value": 28.72}
{"id": "units_000332", "topic": "units", "subtopic": "lb_oz", "prompt": "You buy 3.85 lb at $10.57 per lb. About how much is that total?", "split": "test", "exact_value": 40.69}
{"id": "units_000333", "topic": "units", "subtopic": "lb_oz", "prompt": "You buy 4.2 lb at $4.08 per lb. About how much is that total?", "split": "test", "exact_value": 17.14}
{"id": "units_000334", "topic": "units", "subtopic": "lb_oz", "prompt": "You buy 4.9 lb at $4.91 per lb. About how much is that total?", "split": "test", "exact_value": 24.06}
{"id": "units_000335", "topic": "units", "subtopic": "lb_oz", "prompt": "You buy 1.03 lb at $7.62 per lb. About how much is that total?", "split": "test", "exact_value": 7.85}
{"id": "units_000336", "topic": "units", "subtopic": "kg_g", "prompt": "An item costs $6.88 per kg. You take 250 g. About how much is that?", "split": "test", "exact_value": 1.72}
{"id": "units_000337", "topic": "units", "subtopic": "lb_oz", "prompt": "You buy 1.05 lb at $5.88 per lb. About how much is that total?", "split": "test", "exact_value": 6.17}
{"id": "units_000338", "topic": "units", "subtopic": "lb_oz", "prompt": "You buy 5.6 lb at $5.58 per lb. About how much is that total?", "split": "test", "exact_value": 31.25}
{"id": "units_000339", "topic": "units", "subtopic": "lb_oz", "prompt": "You buy 2.67 lb at $12.75 per lb. About how much is that total?", "split": "test", "exact_value": 34.04}
{"id": "units_000340", "topic": "units", "subtopic": "lb_oz", "prompt": "You buy 2.1 lb at $11.14 per lb. About how much is that total?", "split": "test", "exact_value": 23.39}
{"id": "units_000341", "topic": "units", "subtopic": "lb_oz", "prompt": "You buy 1.48 lb at $10.11 per lb. About how much is that total?", "split": "test", "exact_value": 14.96}
{"id": "units_000342", "topic": "units", "subtopic": "lb_oz", "prompt": "You buy 1.51 lb at $8.81 per lb. About how much is that total?", "split": "test", "exact_value": 13.3}
{"id": "units_000343", "topic": "units", "subtopic": "lb_oz", "prompt": "You buy 5.53 lb at $9.58 per lb. About how much is that total?", "split": "test", "exact_value": 52.98}
{"id": "units_000344", "topic": "units", "subtopic": "kg_g", "prompt": "An item costs $6.99 per kg. You take 900 g. About how much is that?", "split": "test", "exact_value": 6.29}
{"id": "units_000345", "topic": "units", "subtopic": "lb_oz", "prompt": "You buy 2.41 lb at $5.19 per lb. About how much is that total?", "split": "test", "exact_value": 12.51}
{"id": "units_000346", "topic": "units", "subtopic": "lb_oz", "prompt": "You buy 5.72 lb at $13.76 per lb. About how much is that total?", "split": "test", "exact_value": 78.71}
{"id": "units_000347", "topic": "units", "subtopic": "lb_oz", "prompt": "You buy 3.01 lb at $10.95 per lb. About how much is that total?", "split": "test", "exact_value": 32.96}
{"id": "units_000348", "topic": "units", "subtopic": "kg_g", "prompt": "An item costs $10.37 per kg. You take 500 g. About how much is that?", "split": "test", "exact_value": 5.19}
{"id": "units_000349", "topic": "units", "subtopic": "lb_oz", "prompt": "You buy 0.53 lb at $3.08 per lb. About how much is that total?", "split": "test", "exact_value": 1.63}
{"id": "units_000350", "topic": "units", "subtopic": "lb_oz", "prompt": "You buy 4.01 lb at $10.86 per lb. About how much is that total?", "split": "test", "exact_value": 43.55}
{"id": "units_000351", "topic": "units", "subtopic": "lb_oz", "prompt": "You buy 2.57 lb at $14.40 per lb. About how much is that total?", "split": "test", "exact_value": 37.01}
{"id": "units_000352", "topic": "units", "subtopic": "kg_g", "prompt": "An item costs $17.48 per kg. You take 300 g. About how much is that?", "split": "test", "exact_value": 5.24}
{"id": "units_000353", "topic": "units", "subtopic": "lb_oz", "prompt": "You buy 5.17 lb at $14.26 per lb. About how much is that total?", "split": "test", "exact_value": 73.72}
{"id": "units_000354", "topic": "units", "subtopic": "lb_oz", "prompt": "You buy 1.7 lb at $6.08 per lb. About how much is that total?", "split": "test", "exact_value": 10.34}
{"id": "units_000355", "topic": "units", "subtopic": "kg_g", "prompt": "An item costs $5.81 per kg. You take 250 g. About how much is that?", "split": "test", "exact_value": 1.45}
{"id": "units_000356", "topic": "units", "subtopic": "kg_g", "prompt": "An item costs $8.54 per kg. You take 400 g. About how much is that?", "split": "test", "exact_value": 3.42}
{"id": "units_000357", "topic": "units", "subtopic": "kg_g", "prompt": "An item costs $10.96 per kg. You take 250 g. About how much is that?", "split": "test", "exact_value": 2.74}
{"id": "units_000358", "topic": "units", "subtopic": "lb_oz", "prompt": "You buy 3.94 lb at $8.57 per lb. About how much is that total?", "split": "test", "exact_value": 33.77}
{"id": "units_000359", "topic": "units", "subtopic": "kg_g", "prompt": "An item costs $4.16 per kg. You take 400 g. About how much is that?", "split": "test", "exact_value": 1.66}
{"id": "units_000360", "topic": "units", "subtopic": "lb_oz", "prompt": "You buy 1.53 lb at $9.39 per lb. About how much is that total?", "split": "test", "exact_value": 14.37}
{"id": "units_000361", "topic": "units", "subtopic": "lb_oz", "prompt": "You buy 0.79 lb at $13.12 per lb. About how much is that total?", "split": "test", "exact_value": 10.36}
{"id": "units_000362", "topic": "units", "subtopic": "lb_oz", "prompt": "You buy 4.53 lb at $10.87 per lb. About how much is that total?", "split": "test", "exact_value": 49.24}
{"id": "units_000363", "topic": "units", "subtopic": "lb_oz", "prompt": "You buy 3.5 lb at $13.32 per lb. About how much is that total?", "split": "test", "exact_value": 46.62}
{"id": "units_000364", "topic": "units", "subtopic": "lb_oz", "prompt": "You buy 4.42 lb at $6.39 per lb. About how much is that total?", "split": "test", "exact_value": 28.24}
{"id": "units_000365", "topic": "units", "subtopic": "lb_oz", "prompt": "You buy 1.63 lb at $5.13 per lb. About how much is that total?", "split": "test", "exact_value": 8.36}
{"id": "units_000366", "topic": "units", "subtopic": "lb_oz", "prompt": "You buy 4.25 lb at $7.56 per lb. About how much is that total?", "split": "test", "exact_value": 32.13}
{"id": "units_000367", "topic": "units", "subtopic": "lb_oz", "prompt": "You buy 3.8 lb at $7.49 per lb. About how much is that total?", "split": "test", "exact_value": 28.46}
{"id": "units_000368", "topic": "units", "subtopic": "lb_oz", "prompt": "You buy 4.34 lb at $5.13 per lb. About how much is that total?", "split": "test", "exact_value": 22.26}
{"id": "units_000369", "topic": "units", "subtopic": "lb_oz", "prompt": "You buy 4.55 lb at $4.66 per lb. About how much is that total?", "split": "test", "exact_value": 21.2}
{"id": "units_000370", "topic": "units", "subtopic": "kg_g", "prompt": "An item costs $6.98 per kg. You take 400 g. About how much is that?", "split": "test", "exact_value": 2.79}
{"id": "units_000371", "topic": "units", "subtopic": "kg_g", "prompt": "An item costs $6.55 per kg. You take 300 g. About how much is that?", "split": "test", "exact_value": 1.97}
{"id": "units_000372", "topic": "units", "subtopic": "lb_oz", "prompt": "You buy 0.99 lb at $13.60 per lb. About how much is that total?", "split": "test", "exact_value": 13.46}
{"id": "units_000373", "topic": "units", "subtopic": "lb_oz", "prompt": "You buy 3.07 lb at $4.17 per lb. About how much is that total?", "split": "test", "exact_value": 12.8}
{"id": "units_000374", "topic": "units", "subtopic": "kg_g", "prompt": "An item costs $15.60 per kg. You take 300 g. About how much is that?", "split": "test", "exact_value": 4.68}
{"id": "units_000375", "topic": "units", "subtopic": "lb_oz", "prompt": "You buy 2.62 lb at $5.00 per lb. About how much is that total?", "split": "test", "exact_value": 13.1}
{"id": "units_000376", "topic": "units", "subtopic": "lb_oz", "prompt": "You buy 4.67 lb at $4.21 per lb. About how much is that total?", "split": "test", "exact_value": 19.66}
{"id": "units_000377", "topic": "units", "subtopic": "kg_g", "prompt": "An item costs $11.12 per kg. You take 250 g. About how much is that?", "split": "test", "exact_value": 2.78}
{"id": "units_000378", "topic": "units", "subtopic": "lb_oz", "prompt": "You buy 5.93 lb at $12.63 per lb. About how much is that total?", "split": "test", "exact_value": 74.9}
{"id": "units_000379", "topic": "units", "subtopic": "kg_g", "prompt": "An item costs $16.70 per kg. You take 750 g. About how much is that?", "split": "test", "exact_value": 12.53}
{"id": "units_000380", "topic": "units", "subtopic": "kg_g", "prompt": "An item costs $15.78 per kg. You take 500 g. About how much is that?", "split": "test", "exact_value": 7.89}
{"id": "units_000381", "topic": "units", "subtopic": "lb_oz", "prompt": "You buy 1.03 lb at $5.14 per lb. About how much is that total?", "split": "test", "exact_value": 5.29}
{"id": "units_000382", "topic": "units", "subtopic": "lb_oz", "prompt": "You buy 5.31 lb at $9.08 per lb. About how much is that total?", "split": "test", "exact_value": 48.21}
{"id": "units_000383", "topic": "units", "subtopic": "lb_oz", "prompt": "You buy 1.79 lb at $8.18 per lb. About how much is that total?", "split": "test", "exact_value": 14.64}
{"id": "units_000384", "topic": "units", "subtopic": "lb_oz", "prompt": "You buy 0.72 lb at $5.04 per lb. About how much is that total?", "split": "test", "exact_value": 3.63}
{"id": "units_000385", "topic": "units", "subtopic": "kg_g", "prompt": "An item costs $5.33 per kg. You take 750 g. About how much is that?", "split": "test", "exact_value": 4.0}
{"id": "units_000386", "topic": "units", "subtopic": "kg_g", "prompt": "An item costs $7.33 per kg. You take 900 g. About how much is that?", "split": "test", "exact_value": 6.6}
{"id": "units_000387", "topic": "units", "subtopic": "lb_oz", "prompt": "You buy 4.21 lb at $6.38 per lb. About how much is that total?", "split": "test", "exact_value": 26.86}
{"id": "units_000388", "topic": "units", "subtopic": "kg_g", "prompt": "An item costs $16.66 per kg. You take 250 g. About how much is that?", "split": "test", "exact_value": 4.17}
{"id": "units_000389", "topic": "units", "subtopic": "kg_g", "prompt": "An item costs $16.46 per kg. You take 250 g. About how much is that?", "split": "test", "exact_value": 4.12}
{"id": "units_000390", "topic": "units", "subtopic": "kg_g", "prompt": "An item costs $4.43 per kg. You take 350 g. About how much is that?", "split": "test", "exact_value": 1.55}
{"id": "units_000391", "topic": "units", "subtopic": "kg_g", "prompt": "An item costs $4.03 per kg. You take 350 g. About how much is that?", "split": "test", "exact_value": 1.41}
{"id": "units_000392", "topic": "units", "subtopic": "kg_g", "prompt": "An item costs $6.61 per kg. You take 350 g. About how much is that?", "split": "test", "exact_value": 2.31}
{"id": "units_000393", "topic": "units", "subtopic": "kg_g", "prompt": "An item costs $18.86 per kg. You take 400 g. About how much is that?", "split": "test", "exact_value": 7.54}
{"id": "units_000394", "topic": "units", "subtopic": "lb_oz", "prompt": "You buy 3.23 lb at $5.78 per lb. About how much is that total?", "split": "test", "exact_value": 18.67}
{"id": "units_000395", "topic": "units", "subtopic": "kg_g", "prompt": "An item costs $10.97 per kg. You take 500 g. About how much is that?", "split": "test", "exact_value": 5.49}
{"id": "units_000396", "topic": "units", "subtopic": "kg_g", "prompt": "An item costs $4.78 per kg. You take 250 g. About how much is that?", "split": "test", "exact_value": 1.2}
{"id": "units_000397", "topic": "units", "subtopic": "lb_oz", "prompt": "You buy 4.08 lb at $14.94 per lb. About how much is that total?", "split": "test", "exact_value": 60.96}
{"id": "units_000398", "topic": "units", "subtopic": "kg_g", "prompt": "An item costs $8.35 per kg. You take 350 g. About how much is that?", "split": "test", "exact_value": 2.92}
{"id": "units_000399", "topic": "units", "subtopic": "lb_oz", "prompt": "You buy 3.3 lb at $7.07 per lb. About how much is that total?", "split": "test", "exact_value": 23.33}
{"id": "units_000400", "topic": "units", "subtopic": "kg_g", "prompt": "An item costs $9.23 per kg. You take 250 g. About how much is that?", "split": "test", "exact_value": 2.31}
{"id": "units_000401", "topic": "units", "subtopic": "lb_oz", "prompt": "You buy 1.4 lb at $8.96 per lb. About how much is that total?", "split": "test", "exact_value": 12.54}
{"id": "units_000402", "topic": "units", "subtopic": "lb_oz", "prompt": "You buy 3.77 lb at $8.44 per lb. About how much is that total?", "split": "test", "exact_value": 31.82}
{"id": "units_000403", "topic": "units", "subtopic": "kg_g", "prompt": "An item costs $7.87 per kg. You take 750 g. About how much is that?", "split": "test", "exact_value": 5.9}
{"id": "units_000404", "topic": "units", "subtopic": "lb_oz", "prompt": "You buy 3.61 lb at $9.57 per lb. About how much is that total?", "split": "test", "exact_value": 34.55}
{"id": "units_000405", "topic": "units", "subtopic": "lb_oz", "prompt": "You buy 3.51 lb at $13.15 per lb. About how much is that total?", "split": "test", "exact_value": 46.16}
{"id": "units_000406", "topic": "units", "subtopic": "lb_oz", "prompt": "You buy 2.49 lb at $4.56 per lb. About how much is that total?", "split": "test", "exact_value": 11.35}
{"id": "units_000407", "topic": "units", "subtopic": "lb_oz", "prompt": "You buy 0.85 lb at $12.01 per lb. About how much is that total?", "split": "test", "exact_value": 10.21}
{"id": "units_000408", "topic": "units", "subtopic": "lb_oz", "prompt": "You buy 2.85 lb at $6.06 per lb. About how much is that total?", "split": "test", "exact_value": 17.27}
{"id": "units_000409", "topic": "units", "subtopic": "lb_oz", "prompt": "You buy 3.44 lb at $13.19 per lb. About how much is that total?", "split": "test", "exact_value": 45.37}
{"id": "units_000410", "topic": "units", "subtopic": "lb_oz", "prompt": "You buy 3.78 lb at $13.62 per lb. About how much is that total?", "split": "test", "exact_value": 51.48}
{"id": "units_000411", "topic": "units", "subtopic": "kg_g", "prompt": "An item costs $4.46 per kg. You take 350 g. About how much is that?", "split": "test", "exact_value": 1.56}
{"id": "units_000412", "topic": "units", "subtopic": "lb_oz", "prompt": "You buy 0.85 lb at $7.80 per lb. About how much is that total?", "split": "test", "exact_value": 6.63}
{"id": "units_000413", "topic": "units", "subtopic": "kg_g", "prompt": "An item costs $14.20 per kg. You take 900 g. About how much is that?", "split": "test", "exact_value": 12.78}
{"id": "units_000414", "topic": "units", "subtopic": "kg_g", "prompt": "An item costs $17.68 per kg. You take 400 g. About how much is that?", "split": "test", "exact_value": 7.07}
{"id": "units_000415", "topic": "units", "subtopic": "lb_oz", "prompt": "You buy 3.03 lb at $11.62 per lb. About how much is that total?", "split": "test", "exact_value": 35.21}
{"id": "units_000416", "topic": "units", "subtopic": "kg_g", "prompt": "An item costs $8.33 per kg. You take 350 g. About how much is that?", "split": "test", "exact_value": 2.92}
{"id": "units_000417", "topic": "units", "subtopic": "kg_g", "prompt": "An item costs $13.06 per kg. You take 500 g. About how much is that?", "split": "test", "exact_value": 6.53}
{"id": "units_000418", "topic": "units", "subtopic": "kg_g", "prompt": "An item costs $19.22 per kg. You take 750 g. About how much is that?", "split": "test", "exact_value": 14.42}
{"id": "units_000419", "topic": "units", "subtopic": "lb_oz", "prompt": "You buy 5.75 lb at $4.95 per lb. About how much is that total?", "split": "test", "exact_value": 28.46}
{"id": "units_000420", "topic": "units", "subtopic": "kg_g", "prompt": "An item costs $17.26 per kg. You take 400 g. About how much is that?", "split": "test", "exact_value": 6.9}
{"id": "units_000421", "topic": "units", "subtopic": "lb_oz", "prompt": "You buy 2.14 lb at $6.68 per lb. About how much is that total?", "split": "test", "exact_value": 14.3}
{"id": "units_000422", "topic": "units", "subtopic": "lb_oz", "prompt": "You buy 3.48 lb at $14.27 per lb. About how much is that total?", "split": "test", "exact_value": 49.66}
{"id": "units_000423", "topic": "units", "subtopic": "lb_oz", "prompt": "You buy 5.53 lb at $9.92 per lb. About how much is that total?", "split": "test", "exact_value": 54.86}
{"id": "units_000424", "topic": "units", "subtopic": "lb_oz", "prompt": "You buy 5.72 lb at $14.95 per lb. About how much is that total?", "split": "test", "exact_value": 85.51}
{"id": "units_000425", "topic": "units", "subtopic": "kg_g", "prompt": "An item costs $17.13 per kg. You take 350 g. About how much is that?", "split": "test", "exact_value": 6.0}
{"id": "units_000426", "topic": "units", "subtopic": "kg_g", "prompt": "An item costs $11.99 per kg. You take 750 g. About how much is that?", "split": "test", "exact_value": 8.99}
{"id": "units_000427", "topic": "units", "subtopic": "kg_g", "prompt": "An item costs $11.43 per kg. You take 400 g. About how much is that?", "split": "test", "exact_value": 4.57}
{"id": "units_000428", "topic": "units", "subtopic": "lb_oz", "prompt": "You buy 2.36 lb at $10.00 per lb. About how much is that total?", "split": "test", "exact_value": 23.6}
{"id": "units_000429", "topic": "units", "subtopic": "kg_g", "prompt": "An item costs $13.02 per kg. You take 750 g. About how much is that?", "split": "test", "exact_value": 9.77}
{"id": "units_000430", "topic": "units", "subtopic": "lb_oz", "prompt": "You buy 0.71 lb at $4.15 per lb. About how much is that total?", "split": "test", "exact_value": 2.95}
{"id": "units_000431", "topic": "units", "subtopic": "lb_oz", "prompt": "You buy 2.97 lb at $12.47 per lb. About how much is that total?", "split": "test", "exact_value": 37.04}
{"id": "units_000432", "topic": "units", "subtopic": "kg_g", "prompt": "An item costs $9.29 per kg. You take 400 g. About how much is that?", "split": "test", "exact_value": 3.72}
{"id": "units_000433", "topic": "units", "subtopic": "kg_g", "prompt": "An item costs $16.12 per kg. You take 250 g. About how much is that?", "split": "test", "exact_value": 4.03}
{"id": "units_000434", "topic": "units", "subtopic": "lb_oz", "prompt": "You buy 4.16 lb at $13.60 per lb. About how much is that total?", "split": "test", "exact_value": 56.58}
{"id": "units_000435", "topic": "units", "subtopic": "lb_oz", "prompt": "You buy 5.92 lb at $6.01 per lb. About how much is that total?", "split": "test", "exact_value": 35.58}
{"id": "units_000436", "topic": "units", "subtopic": "lb_oz", "prompt": "You buy 3.28 lb at $6.65 per lb. About how much is that total?", "split": "test", "exact_value": 21.81}
{"id": "units_000437", "topic": "units", "subtopic": "lb_oz", "prompt": "You buy 4.11 lb at $8.28 per lb. About how much is that total?", "split": "test", "exact_value": 34.03}
{"id": "units_000438", "topic": "units", "subtopic": "kg_g", "prompt": "An item costs $17.78 per kg. You take 750 g. About how much is that?", "split": "test", "exact_value": 13.34}
{"id": "units_000439", "topic": "units", "subtopic": "lb_oz", "prompt": "You buy 5.55 lb at $3.70 per lb. About how much is that total?", "split": "test", "exact_value": 20.54}
{"id": "units_000440", "topic": "units", "subtopic": "lb_oz", "prompt": "You buy 3.38 lb at $9.38 per lb. About how much is that total?", "split": "test", "exact_value": 31.7}
{"id": "units_000441", "topic": "units", "subtopic": "kg_g", "prompt": "An item costs $16.53 per kg. You take 350 g. About how much is that?", "split": "test", "exact_value": 5.79}
{"id": "units_000442", "topic": "units", "subtopic": "kg_g", "prompt": "An item costs $6.78 per kg. You take 400 g. About how much is that?", "split": "test", "exact_value": 2.71}
{"id": "units_000443", "topic": "units", "subtopic": "lb_oz", "prompt": "You buy 5.32 lb at $10.42 per lb. About how much is that total?", "split": "test", "exact_value": 55.43}
{"id": "units_000444", "topic": "units", "subtopic": "lb_oz", "prompt": "You buy 4.49 lb at $5.57 per lb. About how much is that total?", "split": "test", "exact_value": 25.01}
{"id": "units_000445", "topic": "units", "subtopic": "kg_g", "prompt": "An item costs $18.26 per kg. You take 750 g. About how much is that?", "split": "test", "exact_value": 13.7}
{"id": "units_000446", "topic": "units", "subtopic": "lb_oz", "prompt": "You buy 5.46 lb at $4.95 per lb. About how much is that total?", "split": "test", "exact_value": 27.03}
{"id": "units_000447", "topic": "units", "subtopic": "lb_oz", "prompt": "You buy 3.87 lb at $13.72 per lb. About how much is that total?", "split": "test", "exact_value": 53.1}
{"id": "units_000448", "topic": "units", "subtopic": "kg_g", "prompt": "An item costs $14.65 per kg. You take 300 g. About how much is that?", "split": "test", "exact_value": 4.4}
{"id": "units_000449", "topic": "units", "subtopic": "kg_g", "prompt": "An item costs $16.24 per kg. You take 350 g. About how much is that?", "split": "test", "exact_value": 5.68}
{"id": "units_000450", "topic": "units", "subtopic": "kg_g", "prompt": "An item costs $8.26 per kg. You take 750 g. About how much is that?", "split": "test", "exact_value": 6.2}
{"id": "units_000451", "topic": "units", "subtopic": "kg_g", "prompt": "An item costs $7.97 per kg. You take 500 g. About how much is that?", "split": "test", "exact_value": 3.99}
{"id": "units_000452", "topic": "units", "subtopic": "lb_oz", "prompt": "You buy 4.67 lb at $6.82 per lb. About how much is that total?", "split": "test", "exact_value": 31.85}
{"id": "units_000453", "topic": "units", "subtopic": "kg_g", "prompt": "An item costs $6.08 per kg. You take 300 g. About how much is that?", "split": "test", "exact_value": 1.82}
{"id": "units_000454", "topic": "units", "subtopic": "lb_oz", "prompt": "You buy 3.54 lb at $9.63 per lb. About how much is that total?", "split": "test", "exact_value": 34.09}
{"id": "units_000455", "topic": "units", "subtopic": "kg_g", "prompt": "An item costs $10.47 per kg. You take 900 g. About how much is that?", "split": "test", "exact_value": 9.42}
{"id": "units_000456", "topic": "units", "subtopic": "lb_oz", "prompt": "You buy 2.33 lb at $8.67 per lb. About how much is that total?", "split": "test", "exact_value": 20.2}
{"id": "units_000457", "topic": "units", "subtopic": "lb_oz", "prompt": "You buy 5.21 lb at $12.96 per lb. About how much is that total?", "split": "test", "exact_value": 67.52}
{"id": "units_000458", "topic": "units", "subtopic": "lb_oz", "prompt": "You buy 3.97 lb at $14.26 per lb. About how much is that total?", "split": "test", "exact_value": 56.61}
{"id": "units_000459", "topic": "units", "subtopic": "lb_oz", "prompt": "You buy 2.76 lb at $13.22 per lb. About how much is that total?", "split": "test", "exact_value": 36.49}
{"id": "units_000460", "topic": "units", "subtopic": "lb_oz", "prompt": "You buy 4.79 lb at $5.94 per lb. About how much is that total?", "split": "test", "exact_value": 28.45}
{"id": "units_000461", "topic": "units", "subtopic": "lb_oz", "prompt": "You buy 5.33 lb at $6.13 per lb. About how much is that total?", "split": "test", "exact_value": 32.67}
{"id": "units_000462", "topic": "units", "subtopic": "lb_oz", "prompt": "You buy 4.29 lb at $7.48 per lb. About how much is that total?", "split": "test", "exact_value": 32.09}
{"id": "units_000463", "topic": "units", "subtopic": "kg_g", "prompt": "An item costs $18.11 per kg. You take 350 g. About how much is that?", "split": "test", "exact_value": 6.34}
{"id": "units_000464", "topic": "units", "subtopic": "lb_oz", "prompt": "You buy 2.79 lb at $14.66 per lb. About how much is that total?", "split": "test", "exact_value": 40.9}
{"id": "units_000465", "topic": "units", "subtopic": "kg_g", "prompt": "An item costs $6.73 per kg. You take 900 g. About how much is that?", "split": "test", "exact_value": 6.06}
{"id": "units_000466", "topic": "units", "subtopic": "kg_g", "prompt": "An item costs $6.90 per kg. You take 300 g. About how much is that?", "split": "test", "exact_value": 2.07}
{"id": "units_000467", "topic": "units", "subtopic": "lb_oz", "prompt": "You buy 0.68 lb at $7.36 per lb. About how much is that total?", "split": "test", "exact_value": 5.0}
{"id": "units_000468", "topic": "units", "subtopic": "kg_g", "prompt": "An item costs $8.25 per kg. You take 350 g. About how much is that?", "split": "test", "exact_value": 2.89}
{"id": "units_000469", "topic": "units", "subtopic": "lb_oz", "prompt": "You buy 5.36 lb at $11.87 per lb. About how much is that total?", "split": "test", "exact_value": 63.62}
{"id": "units_000470", "topic": "units", "subtopic": "kg_g", "prompt": "An item costs $7.24 per kg. You take 900 g. About how much is that?", "split": "test", "exact_value": 6.52}
{"id": "units_000471", "topic": "units", "subtopic": "kg_g", "prompt": "An item costs $18.93 per kg. You take 250 g. About how much is that?", "split": "test", "exact_value": 4.73}
{"id": "units_000472", "topic": "units", "subtopic": "lb_oz", "prompt": "You buy 2.37 lb at $4.25 per lb. About how much is that total?", "split": "test", "exact_value": 10.07}
{"id": "units_000473", "topic": "units", "subtopic": "kg_g", "prompt": "An item costs $8.68 per kg. You take 500 g. About how much is that?", "split": "test", "exact_value": 4.34}
{"id": "units_000474", "topic": "units", "subtopic": "kg_g", "prompt": "An item costs $11.64 per kg. You take 350 g. About how much is that?", "split": "test", "exact_value": 4.07}
{"id": "units_000475", "topic": "units", "subtopic": "lb_oz", "prompt": "You buy 0.95 lb at $12.17 per lb. About how much is that total?", "split": "test", "exact_value": 11.56}
{"id": "units_000476", "topic": "units", "subtopic": "kg_g", "prompt": "An item costs $6.86 per kg. You take 750 g. About how much is that?", "split": "test", "exact_value": 5.15}
{"id": "units_000477", "topic": "units", "subtopic": "kg_g", "prompt": "An item costs $10.05 per kg. You take 500 g. About how much is that?", "split": "test", "exact_value": 5.03}
{"id": "units_000478", "topic": "units", "subtopic": "lb_oz", "prompt": "You buy 0.91 lb at $13.78 per lb. About how much is that total?", "split": "test", "exact_value": 12.54}
{"id": "units_000479", "topic": "units", "subtopic": "lb_oz", "prompt": "You buy 5.5 lb at $4.47 per lb. About how much is that total?", "split": "test", "exact_value": 24.59}
{"id": "units_000480", "topic": "units", "subtopic": "kg_g", "prompt": "An item costs $16.03 per kg. You take 750 g. About how much is that?", "split": "test", "exact_value": 12.02}
{"id": "units_000481", "topic": "units", "subtopic": "lb_oz", "prompt": "You buy 4.13 lb at $13.81 per lb. About how much is that total?", "split": "test", "exact_value": 57.04}
{"id": "units_000482", "topic": "units", "subtopic": "kg_g", "prompt": "An item costs $6.84 per kg. You take 500 g. About how much is that?", "split": "test", "exact_value": 3.42}
{"id": "units_000483", "topic": "units", "subtopic": "kg_g", "prompt": "An item costs $6.77 per kg. You take 400 g. About how much is that?", "split": "test", "exact_value": 2.71}
{"id": "units_000484", "topic": "units", "subtopic": "lb_oz", "prompt": "You buy 4.08 lb at $6.87 per lb. About how much is that total?", "split": "test", "exact_value": 28.03}
{"id": "units_000485", "topic": "units", "subtopic": "kg_g", "prompt": "An item costs $9.98 per kg. You take 750 g. About how much is that?", "split": "test", "exact_value": 7.49}
{"id": "units_000486", "topic": "units", "subtopic": "lb_oz", "prompt": "You buy 5.2 lb at $7.31 per lb. About how much is that total?", "split": "test", "exact_value": 38.01}
{"id": "units_000487", "topic": "units", "subtopic": "lb_oz", "prompt": "You buy 4.95 lb at $8.57 per lb. About how much is that total?", "split": "test", "exact_value": 42.42}
{"id": "units_000488", "topic": "units", "subtopic": "kg_g", "prompt": "An item costs $9.89 per kg. You take 750 g. About how much is that?", "split": "test", "exact_value": 7.42}
{"id": "units_000489", "topic": "units", "subtopic": "lb_oz", "prompt": "You buy 1.71 lb at $12.55 per lb. About how much is that total?", "split": "test", "exact_value": 21.46}
{"id": "units_000490", "topic": "units", "subtopic": "kg_g", "prompt": "An item costs $11.67 per kg. You take 500 g. About how much is that?", "split": "test", "exact_value": 5.84}
{"id": "units_000491", "topic": "units", "subtopic": "lb_oz", "prompt": "You buy 5.44 lb at $14.00 per lb. About how much is that total?", "split": "test", "exact_value": 76.16}
{"id": "units_000492", "topic": "units", "subtopic": "lb_oz", "prompt": "You buy 3.06 lb at $7.07 per lb. About how much is that total?", "split": "test", "exact_value": 21.63}
{"id": "units_000493", "topic": "units", "subtopic": "lb_oz", "prompt": "You buy 4.57 lb at $6.11 per lb. About how much is that total?", "split": "test", "exact_value": 27.92}
{"id": "units_000494", "topic": "units", "subtopic": "lb_oz", "prompt": "You buy 3.27 lb at $3.30 per lb. About how much is that total?", "split": "test", "exact_value": 10.79}
{"id": "units_000495", "topic": "units", "subtopic": "lb_oz", "prompt": "You buy 5.89 lb at $6.00 per lb. About how much is that total?", "split": "test", "exact_value": 35.34}
{"id": "units_000496", "topic": "units", "subtopic": "lb_oz", "prompt": "You buy 3.44 lb at $11.90 per lb. About how much is that total?", "split": "test", "exact_value": 40.94}
{"id": "units_000497", "topic": "units", "subtopic": "kg_g", "prompt": "An item costs $19.03 per kg. You take 350 g. About how much is that?", "split": "test", "exact_value": 6.66}
{"id": "units_000498", "topic": "units", "subtopic": "lb_oz", "prompt": "You buy 5.93 lb at $11.93 per lb. About how much is that total?", "split": "test", "exact_value": 70.74}
{"id": "units_000499", "topic": "units", "subtopic": "lb_oz", "prompt": "You buy 3.98 lb at $14.04 per lb. About how much is that total?", "split": "test", "exact_value": 55.88}
{"id": "units_000500", "topic": "units", "subtopic": "lb_oz", "prompt": "You buy 4.55 lb at $8.10 per lb. About how much is that total?", "split": "test", "exact_value": 36.86}
{"id": "units_000501", "topic": "units", "subtopic": "kg_g", "prompt": "An item costs $5.82 per kg. You take 250 g. About how much is that?", "split": "test", "exact_value": 1.46}
{"id": "units_000502", "topic": "units", "subtopic": "kg_g", "prompt": "An item costs $16.93 per kg. You take 500 g. About how much is that?", "split": "test", "exact_value": 8.47}
{"id": "units_000503", "topic": "units", "subtopic": "kg_g", "prompt": "An item costs $7.87 per kg. You take 400 g. About how much is that?", "split": "test", "exact_value": 3.15}
{"id": "units_000504", "topic": "units", "subtopic": "kg_g", "prompt": "An item costs $13.70 per kg. You take 900 g. About how much is that?", "split": "test", "exact_value": 12.33}
{"id": "units_000505", "topic": "units", "subtopic": "lb_oz", "prompt": "You buy 4.88 lb at $12.58 per lb. About how much is that total?", "split": "test", "exact_value": 61.39}
{"id": "units_000506", "topic": "units", "subtopic": "kg_g", "prompt": "An item costs $13.55 per kg. You take 750 g. About how much is that?", "split": "test", "exact_value": 10.16}
{"id": "units_000507", "topic": "units", "subtopic": "lb_oz", "prompt": "You buy 0.55 lb at $7.62 per lb. About how much is that total?", "split": "test", "exact_value": 4.19}
{"id": "units_000508", "topic": "units", "subtopic": "lb_oz", "prompt": "You buy 1.96 lb at $13.18 per lb. About how much is that total?", "split": "test", "exact_value": 25.83}
{"id": "units_000509", "topic": "units", "subtopic": "lb_oz", "prompt": "You buy 0.55 lb at $7.19 per lb. About how much is that total?", "split": "test", "exact_value": 3.95}
{"id": "units_000510", "topic": "units", "subtopic": "lb_oz", "prompt": "You buy 2.25 lb at $13.79 per lb. About how much is that total?", "split": "test", "exact_value": 31.03}
{"id": "units_000511", "topic": "units", "subtopic": "lb_oz", "prompt": "You buy 1.55 lb at $11.72 per lb. About how much is that total?", "split": "test", "exact_value": 18.17}
{"id": "units_000512", "topic": "units", "subtopic": "kg_g", "prompt": "An item costs $4.70 per kg. You take 350 g. About how much is that?", "split": "test", "exact_value": 1.65}
{"id": "units_000513", "topic": "units", "subtopic": "lb_oz", "prompt": "You buy 5.91 lb at $5.24 per lb. About how much is that total?", "split": "test", "exact_value": 30.97}
{"id": "units_000514", "topic": "units", "subtopic": "lb_oz", "prompt": "You buy 4.96 lb at $9.69 per lb. About how much is that total?", "split": "test", "exact_value": 48.06}
{"id": "units_000515", "topic": "units", "subtopic": "kg_g", "prompt": "An item costs $16.62 per kg. You take 900 g. About how much is that?", "split": "test", "exact_value": 14.96}
{"id": "units_000516", "topic": "units", "subtopic": "lb_oz", "prompt": "You buy 1.12 lb at $10.66 per lb. About how much is that total?", "split": "test", "exact_value": 11.94}
{"id": "units_000517", "topic": "units", "subtopic": "lb_oz", "prompt": "You buy 2.65 lb at $3.71 per lb. About how much is that total?", "split": "test", "exact_value": 9.83}
{"id": "units_000518", "topic": "units", "subtopic": "lb_oz", "prompt": "You buy 4.36 lb at $6.16 per lb. About how much is that total?", "split": "test", "exact_value": 26.86}
{"id": "units_000519", "topic": "units", "subtopic": "kg_g", "prompt": "An item costs $6.25 per kg. You take 250 g. About how much is that?", "split": "test", "exact_value": 1.56}
{"id": "units_000520", "topic": "units", "subtopic": "kg_g", "prompt": "An item costs $13.89 per kg. You take 900 g. About how much is that?", "split": "test", "exact_value": 12.5}
{"id": "units_000521", "topic": "units", "subtopic": "kg_g", "prompt": "An item costs $13.88 per kg. You take 900 g. About how much is that?", "split": "test", "exact_value": 12.49}
{"id": "units_000522", "topic": "units", "subtopic": "kg_g", "prompt": "An item costs $12.07 per kg. You take 350 g. About how much is that?", "split": "test", "exact_value": 4.22}
{"id": "units_000523", "topic": "units", "subtopic": "lb_oz", "prompt": "You buy 0.84 lb at $3.38 per lb. About how much is that total?", "split": "test", "exact_value": 2.84}
{"id": "units_000524", "topic": "units", "subtopic": "lb_oz", "prompt": "You buy 2.03 lb at $6.42 per lb. About how much is that total?", "split": "test", "exact_value": 13.03}
{"id": "units_000525", "topic": "units", "subtopic": "kg_g", "prompt": "An item costs $6.17 per kg. You take 400 g. About how much is that?", "split": "test", "exact_value": 2.47}
{"id": "units_000526", "topic": "units", "subtopic": "lb_oz", "prompt": "You buy 1.73 lb at $10.69 per lb. About how much is that total?", "split": "test", "exact_value": 18.49}
{"id": "units_000527", "topic": "units", "subtopic": "kg_g", "prompt": "An item costs $6.70 per kg. You take 750 g. About how much is that?", "split": "test", "exact_value": 5.03}
{"id": "units_000528", "topic": "units", "subtopic": "kg_g", "prompt": "An item costs $5.07 per kg. You take 350 g. About how much is that?", "split": "test", "exact_value": 1.77}
{"id": "units_000529", "topic": "units", "subtopic": "kg_g", "prompt": "An item costs $6.70 per kg. You take 750 g. About how much is that?", "split": "test", "exact_value": 5.03}
{"id": "units_000530", "topic": "units", "subtopic": "kg_g", "prompt": "An item costs $15.83 per kg. You take 750 g. About how much is that?", "split": "test", "exact_value": 11.87}
{"id": "units_000531", "topic": "units", "subtopic": "kg_g", "prompt": "An item costs $11.30 per kg. You take 350 g. About how much is that?", "split": "test", "exact_value": 3.96}
{"id": "units_000532", "topic": "units", "subtopic": "kg_g", "prompt": "An item costs $15.15 per kg. You take 300 g. About how much is that?", "split": "test", "exact_value": 4.55}
{"id": "units_000533", "topic": "units", "subtopic": "kg_g", "prompt": "An item costs $15.23 per kg. You take 500 g. About how much is that?", "split": "test", "exact_value": 7.62}
{"id": "units_000534", "topic": "units", "subtopic": "lb_oz", "prompt": "You buy 0.66 lb at $10.11 per lb. About how much is that total?", "split": "test", "exact_value": 6.67}
{"id": "units_000535", "topic": "units", "subtopic": "kg_g", "prompt": "An item costs $11.97 per kg. You take 500 g. About how much is that?", "split": "test", "exact_value": 5.99}
{"id": "units_000536", "topic": "units", "subtopic": "kg_g", "prompt": "An item costs $14.55 per kg. You take 500 g. About how much is that?", "split": "test", "exact_value": 7.28}
{"id": "units_000537", "topic": "units", "subtopic": "lb_oz", "prompt": "You buy 2.89 lb at $7.67 per lb. About how much is that total?", "split": "test", "exact_value": 22.17}
{"id": "units_000538", "topic": "units", "subtopic": "kg_g", "prompt": "An item costs $8.98 per kg. You take 750 g. About how much is that?", "split": "test", "exact_value": 6.74}
{"id": "units_000539", "topic": "units", "subtopic": "lb_oz", "prompt": "You buy 3.73 lb at $3.47 per lb. About how much is that total?", "split": "test", "exact_value": 12.94}
{"id": "units_000540", "topic": "units", "subtopic": "kg_g", "prompt": "An item costs $15.67 per kg. You take 500 g. About how much is that?", "split": "test", "exact_value": 7.84}
{"id": "units_000541", "topic": "units", "subtopic": "lb_oz", "prompt": "You buy 4.75 lb at $6.79 per lb. About how much is that total?", "split": "test", "exact_value": 32.25}
{"id": "units_000542", "topic": "units", "subtopic": "lb_oz", "prompt": "You buy 5.86 lb at $9.83 per lb. About how much is that total?", "split": "test", "exact_value": 57.6}
{"id": "units_000543", "topic": "units", "subtopic": "kg_g", "prompt": "An item costs $19.56 per kg. You take 400 g. About how much is that?", "split": "test", "exact_value": 7.82}
{"id": "units_000544", "topic": "units", "subtopic": "lb_oz", "prompt": "You buy 3.42 lb at $13.48 per lb. About how much is that total?", "split": "test", "exact_value": 46.1}
{"id": "units_000545", "topic": "units", "subtopic": "kg_g", "prompt": "An item costs $13.89 per kg. You take 400 g. About how much is that?", "split": "test", "exact_value": 5.56}
{"id": "units_000546", "topic": "units", "subtopic": "kg_g", "prompt": "An item costs $15.46 per kg. You take 900 g. About how much is that?", "split": "test", "exact_value": 13.91}
{"id": "units_000547", "topic": "units", "subtopic": "kg_g", "prompt": "An item costs $7.37 per kg. You take 350 g. About how much is that?", "split": "test", "exact_value": 2.58}
{"id": "units_000548", "topic": "units", "subtopic": "kg_g", "prompt": "An item costs $18.51 per kg. You take 400 g. About how much is that?", "split": "test", "exact_value": 7.4}
{"id": "units_000549", "topic": "units", "subtopic": "lb_oz", "prompt": "You buy 2.3 lb at $13.87 per lb. About how much is that total?", "split": "test", "exact_value": 31.9}
{"id": "units_000550", "topic": "units", "subtopic": "lb_oz", "prompt": "You buy 0.98 lb at $12.56 per lb. About how much is that total?", "split": "test", "exact_value": 12.31}
{"id": "units_000551", "topic": "units", "subtopic": "lb_oz", "prompt": "You buy 1.21 lb at $8.99 per lb. About how much is that total?", "split": "test", "exact_value": 10.88}
{"id": "units_000552", "topic": "units", "subtopic": "lb_oz", "prompt": "You buy 2.59 lb at $10.95 per lb. About how much is that total?", "split": "test", "exact_value": 28.36}
{"id": "units_000553", "topic": "units", "subtopic": "kg_g", "prompt": "An item costs $18.63 per kg. You take 500 g. About how much is that?", "split": "test", "exact_value": 9.32}
{"id": "units_000554", "topic": "units", "subtopic": "lb_oz", "prompt": "You buy 1.22 lb at $13.51 per lb. About how much is that total?", "split": "test", "exact_value": 16.48}
{"id": "units_000555", "topic": "units", "subtopic": "kg_g", "prompt": "An item costs $9.51 per kg. You take 350 g. About how much is that?", "split": "test", "exact_value": 3.33}
{"id": "units_000556", "topic": "units", "subtopic": "lb_oz", "prompt": "You buy 5.9 lb at $9.01 per lb. About how much is that total?", "split": "test", "exact_value": 53.16}
{"id": "units_000557", "topic": "units", "subtopic": "lb_oz", "prompt": "You buy 2.55 lb at $6.85 per lb. About how much is that total?", "split": "test", "exact_value": 17.47}
{"id": "units_000558", "topic": "units", "subtopic": "kg_g", "prompt": "An item costs $6.51 per kg. You take 350 g. About how much is that?", "split": "test", "exact_value": 2.28}
{"id": "units_000559", "topic": "units", "subtopic": "lb_oz", "prompt": "You buy 2.99 lb at $8.64 per lb. About how much is that total?", "split": "test", "exact_value": 25.83}
{"id": "units_000560", "topic": "units", "subtopic": "kg_g", "prompt": "An item costs $4.60 per kg. You take 400 g. About how much is that?", "split": "test", "exact_value": 1.84}
{"id": "units_000561", "topic": "units", "subtopic": "kg_g", "prompt": "An item costs $18.73 per kg. You take 350 g. About how much is that?", "split": "test", "exact_value": 6.56}
{"id": "units_000562", "topic": "units", "subtopic": "kg_g", "prompt": "An item costs $11.33 per kg. You take 300 g. About how much is that?", "split": "test", "exact_value": 3.4}
{"id": "units_000563", "topic": "units", "subtopic": "kg_g", "prompt": "An item costs $18.00 per kg. You take 350 g. About how much is that?", "split": "test", "exact_value": 6.3}
{"id": "units_000564", "topic": "units", "subtopic": "kg_g", "prompt": "An item costs $15.63 per kg. You take 750 g. About how much is that?", "split": "test", "exact_value": 11.72}
{"id": "units_000565", "topic": "units", "subtopic": "lb_oz", "prompt": "You buy 1.44 lb at $6.95 per lb. About how much is that total?", "split": "test", "exact_value": 10.01}
{"id": "units_000566", "topic": "units", "subtopic": "kg_g", "prompt": "An item costs $19.00 per kg. You take 750 g. About how much is that?", "split": "test", "exact_value": 14.25}
{"id": "units_000567", "topic": "units", "subtopic": "kg_g", "prompt": "An item costs $10.70 per kg. You take 900 g. About how much is that?", "split": "test", "exact_value": 9.63}
{"id": "units_000568", "topic": "units", "subtopic": "lb_oz", "prompt": "You buy 3.2 lb at $3.98 per lb. About how much is that total?", "split": "test", "exact_value": 12.74}
{"id": "units_000569", "topic": "units", "subtopic": "kg_g", "prompt": "An item costs $16.36 per kg. You take 900 g. About how much is that?", "split": "test", "exact_value": 14.72}
{"id": "units_000570", "topic": "units", "subtopic": "lb_oz", "prompt": "You buy 3.74 lb at $13.21 per lb. About how much is that total?", "split": "test", "exact_value": 49.41}
{"id": "units_000571", "topic": "units", "subtopic": "lb_oz", "prompt": "You buy 3.59 lb at $10.44 per lb. About how much is that total?", "split": "test", "exact_value": 37.48}
{"id": "units_000572", "topic": "units", "subtopic": "kg_g", "prompt": "An item costs $9.23 per kg. You take 300 g. About how much is that?", "split": "test", "exact_value": 2.77}
{"id": "units_000573", "topic": "units", "subtopic": "lb_oz", "prompt": "You buy 2.69 lb at $12.43 per lb. About how much is that total?", "split": "test", "exact_value": 33.44}
{"id": "units_000574", "topic": "units", "subtopic": "kg_g", "prompt": "An item costs $14.85 per kg. You take 500 g. About how much is that?", "split": "test", "exact_value": 7.43}
{"id": "units_000575", "topic": "units", "subtopic": "lb_oz", "prompt": "You buy 5.01 lb at $4.70 per lb. About how much is that total?", "split": "test", "exact_value": 23.55}
{"id": "units_000576", "topic": "units", "subtopic": "kg_g", "prompt": "An item costs $8.30 per kg. You take 400 g. About how much is that?", "split": "test", "exact_value": 3.32}
{"id": "units_000577", "topic": "units", "subtopic": "lb_oz", "prompt": "You buy 1.94 lb at $3.70 per lb. About how much is that total?", "split": "test", "exact_value": 7.18}
{"id": "units_000578", "topic": "units", "subtopic": "lb_oz", "prompt": "You buy 4.43 lb at $7.10 per lb. About how much is that total?", "split": "test", "exact_value": 31.45}
{"id": "units_000579", "topic": "units", "subtopic": "lb_oz", "prompt": "You buy 2.78 lb at $6.38 per lb. About how much is that total?", "split": "test", "exact_value": 17.74}
{"id": "units_000580", "topic": "units", "subtopic": "kg_g", "prompt": "An item costs $11.51 per kg. You take 350 g. About how much is that?", "split": "test", "exact_value": 4.03}
{"id": "units_000581", "topic": "units", "subtopic": "lb_oz", "prompt": "You buy 3.49 lb at $13.04 per lb. About how much is that total?", "split": "test", "exact_value": 45.51}
{"id": "units_000582", "topic": "units", "subtopic": "lb_oz", "prompt": "You buy 1.61 lb at $11.48 per lb. About how much is that total?", "split": "test", "exact_value": 18.48}
{"id": "units_000583", "topic": "units", "subtopic": "kg_g", "prompt": "An item costs $9.99 per kg. You take 300 g. About how much is that?", "split": "test", "exact_value": 3.0}
{"id": "units_000584", "topic": "units", "subtopic": "kg_g", "prompt": "An item costs $6.57 per kg. You take 350 g. About how much is that?", "split": "test", "exact_value": 2.3}
{"id": "units_000585", "topic": "units", "subtopic": "kg_g", "prompt": "An item costs $5.12 per kg. You take 300 g. About how much is that?", "split": "test", "exact_value": 1.54}
{"id": "units_000586", "topic": "units", "subtopic": "kg_g", "prompt": "An item costs $15.96 per kg. You take 250 g. About how much is that?", "split": "test", "exact_value": 3.99}
{"id": "units_000587", "topic": "units", "subtopic": "kg_g", "prompt": "An item costs $4.94 per kg. You take 350 g. About how much is that?", "split": "test", "exact_value": 1.73}
{"id": "units_000588", "topic": "units", "subtopic": "lb_oz", "prompt": "You buy 4.85 lb at $3.26 per lb. About how much is that total?", "split": "test", "exact_value": 15.81}
{"id": "units_000589", "topic": "units", "subtopic": "lb_oz", "prompt": "You buy 2.74 lb at $6.15 per lb. About how much is that total?", "split": "test", "exact_value": 16.85}
{"id": "units_000590", "topic": "units", "subtopic": "lb_oz", "prompt": "You buy 3.24 lb at $9.32 per lb. About how much is that total?", "split": "test", "exact_value": 30.2}
{"id": "units_000591", "topic": "units", "subtopic": "kg_g", "prompt": "An item costs $7.01 per kg. You take 300 g. About how much is that?", "split": "test", "exact_value": 2.1}
{"id": "units_000592", "topic": "units", "subtopic": "lb_oz", "prompt": "You buy 5.46 lb at $10.80 per lb. About how much is that total?", "split": "test", "exact_value": 58.97}
{"id": "units_000593", "topic": "units", "subtopic": "lb_oz", "prompt": "You buy 4.3 lb at $10.90 per lb. About how much is that total?", "split": "test", "exact_value": 46.87}
{"id": "units_000594", "topic": "units", "subtopic": "lb_oz", "prompt": "You buy 4.42 lb at $6.43 per lb. About how much is that total?", "split": "test", "exact_value": 28.42}
{"id": "units_000595", "topic": "units", "subtopic": "lb_oz", "prompt": "You buy 4.92 lb at $8.76 per lb. About how much is that total?", "split": "test", "exact_value": 43.1}
{"id": "units_000596", "topic": "units", "subtopic": "kg_g", "prompt": "An item costs $4.76 per kg. You take 300 g. About how much is that?", "split": "test", "exact_value": 1.43}
{"id": "units_000597", "topic": "units", "subtopic": "lb_oz", "prompt": "You buy 4.56 lb at $14.81 per lb. About how much is that total?", "split": "test", "exact_value": 67.53}
{"id": "units_000598", "topic": "units", "subtopic": "lb_oz", "prompt": "You buy 4.98 lb at $3.72 per lb. About how much is that total?", "split": "test", "exact_value": 18.53}
{"id": "units_000599", "topic": "units", "subtopic": "kg_g", "prompt": "An item costs $8.49 per kg. You take 500 g. About how much is that?", "split": "test", "exact_value": 4.25}
{"id": "units_000600", "topic": "units", "subtopic": "kg_g", "prompt": "An item costs $7.99 per kg. You take 750 g. About how much is that?", "split": "test", "exact_value": 5.99}
{"id": "units_000601", "topic": "units", "subtopic": "kg_g", "prompt": "An item costs $4.86 per kg. You take 300 g. About how much is that?", "split": "test", "exact_value": 1.46}
{"id": "units_000602", "topic": "units", "subtopic": "lb_oz", "prompt": "You buy 5.55 lb at $10.56 per lb. About how much is that total?", "split": "test", "exact_value": 58.61}
{"id": "units_000603", "topic": "units", "subtopic": "lb_oz", "prompt": "You buy 5.51 lb at $5.66 per lb. About how much is that total?", "split": "test", "exact_value": 31.19}
{"id": "units_000604", "topic": "units", "subtopic": "lb_oz", "prompt": "You buy 4.26 lb at $11.76 per lb. About how much is that total?", "split": "test", "exact_value": 50.1}
{"id": "units_000605", "topic": "units", "subtopic": "lb_oz", "prompt": "You buy 1.82 lb at $3.37 per lb. About how much is that total?", "split": "test", "exact_value": 6.13}
{"id": "units_000606", "topic": "units", "subtopic": "kg_g", "prompt": "An item costs $11.76 per kg. You take 750 g. About how much is that?", "split": "test", "exact_value": 8.82}
{"id": "units_000607", "topic": "units", "subtopic": "kg_g", "prompt": "An item costs $11.97 per kg. You take 400 g. About how much is that?", "split": "test", "exact_value": 4.79}
{"id": "units_000608", "topic": "units", "subtopic": "kg_g", "prompt": "An item costs $11.27 per kg. You take 900 g. About how much is that?", "split": "test", "exact_value": 10.14}
{"id": "units_000609", "topic": "units", "subtopic": "kg_g", "prompt": "An item costs $9.46 per kg. You take 400 g. About how much is that?", "split": "test", "exact_value": 3.78}
{"id": "units_000610", "topic": "units", "subtopic": "kg_g", "prompt": "An item costs $8.97 per kg. You take 350 g. About how much is that?", "split": "test", "exact_value": 3.14}
{"id": "units_000611", "topic": "units", "subtopic": "kg_g", "prompt": "An item costs $9.28 per kg. You take 250 g. About how much is that?", "split": "test", "exact_value": 2.32}
{"id": "units_000612", "topic": "units", "subtopic": "lb_oz", "prompt": "You buy 5.8 lb at $5.99 per lb. About how much is that total?", "split": "test", "exact_value": 34.74}
{"id": "units_000613", "topic": "units", "subtopic": "lb_oz", "prompt": "You buy 4.93 lb at $10.35 per lb. About how much is that total?", "split": "test", "exact_value": 51.03}
{"id": "units_000614", "topic": "units", "subtopic": "kg_g", "prompt": "An item costs $7.22 per kg. You take 900 g. About how much is that?", "split": "test", "exact_value": 6.5}
{"id": "units_000615", "topic": "units", "subtopic": "lb_oz", "prompt": "You buy 0.78 lb at $4.28 per lb. About how much is that total?", "split": "test", "exact_value": 3.34}
{"id": "units_000616", "topic": "units", "subtopic": "kg_g", "prompt": "An item costs $13.98 per kg. You take 500 g. About how much is that?", "split": "test", "exact_value": 6.99}
{"id": "units_000617", "topic": "units", "subtopic": "kg_g", "prompt": "An item costs $9.93 per kg. You take 300 g. About how much is that?", "split": "test", "exact_value": 2.98}
{"id": "units_000618", "topic": "units", "subtopic": "lb_oz", "prompt": "You buy 4.52 lb at $9.44 per lb. About how much is that total?", "split": "test", "exact_value": 42.67}
{"id": "units_000619", "topic": "units", "subtopic": "lb_oz", "prompt": "You buy 1.87 lb at $5.30 per lb. About how much is that total?", "split": "test", "exact_value": 9.91}
{"id": "units_000620", "topic": "units", "subtopic": "lb_oz", "prompt": "You buy 4.23 lb at $5.46 per lb. About how much is that total?", "split": "test", "exact_value": 23.1}
{"id": "units_000621", "topic": "units", "subtopic": "lb_oz", "prompt": "You buy 4.1 lb at $6.73 per lb. About how much is that total?", "split": "test", "exact_value": 27.59}
{"id": "units_000622", "topic": "units", "subtopic": "kg_g", "prompt": "An item costs $9.37 per kg. You take 900 g. About how much is that?", "split": "test", "exact_value": 8.43}
{"id": "units_000623", "topic": "units", "subtopic": "lb_oz", "prompt": "You buy 1.29 lb at $8.56 per lb. About how much is that total?", "split": "test", "exact_value": 11.04}
{"id": "units_000624", "topic": "units", "subtopic": "kg_g", "prompt": "An item costs $4.27 per kg. You take 300 g. About how much is that?", "split": "test", "exact_value": 1.28}
{"id": "units_000625", "topic": "units", "subtopic": "kg_g", "prompt": "An item costs $4.22 per kg. You take 400 g. About how much is that?", "split": "test", "exact_value": 1.69}
{"id": "units_000626", "topic": "units", "subtopic": "kg_g", "prompt": "An item costs $15.47 per kg. You take 350 g. About how much is that?", "split": "test", "exact_value": 5.41}
{"id": "units_000627", "topic": "units", "subtopic": "lb_oz", "prompt": "You buy 2.13 lb at $11.95 per lb. About how much is that total?", "split": "test", "exact_value": 25.45}
{"id": "units_000628", "topic": "units", "subtopic": "kg_g", "prompt": "An item costs $10.98 per kg. You take 250 g. About how much is that?", "split": "test", "exact_value": 2.75}
{"id": "units_000629", "topic": "units", "subtopic": "kg_g", "prompt": "An item costs $19.34 per kg. You take 500 g. About how much is that?", "split": "test", "exact_value": 9.67}
{"id": "units_000630", "topic": "units", "subtopic": "lb_oz", "prompt": "You buy 1.9 lb at $11.81 per lb. About how much is that total?", "split": "test", "exact_value": 22.44}
{"id": "units_000631", "topic": "units", "subtopic": "lb_oz", "prompt": "You buy 5.33 lb at $8.43 per lb. About how much is that total?", "split": "test", "exact_value": 44.93}
{"id": "units_000632", "topic": "units", "subtopic": "kg_g", "prompt": "An item costs $7.98 per kg. You take 300 g. About how much is that?", "split": "test", "exact_value": 2.39}
{"id": "units_000633", "topic": "units", "subtopic": "kg_g", "prompt": "An item costs $4.85 per kg. You take 500 g. About how much is that?", "split": "test", "exact_value": 2.43}
{"id": "units_000634", "topic": "units", "subtopic": "kg_g", "prompt": "An item costs $17.19 per kg. You take 300 g. About how much is that?", "split": "test", "exact_value": 5.16}
{"id": "units_000635", "topic": "units", "subtopic": "kg_g", "prompt": "An item costs $6.67 per kg. You take 250 g. About how much is that?", "split": "test", "exact_value": 1.67}
{"id": "units_000636", "topic": "units", "subtopic": "lb_oz", "prompt": "You buy 4.89 lb at $5.74 per lb. About how much is that total?", "split": "test", "exact_value": 28.07}
{"id": "units_000637", "topic": "units", "subtopic": "kg_g", "prompt": "An item costs $12.11 per kg. You take 300 g. About how much is that?", "split": "test", "exact_value": 3.63}
{"id": "units_000638", "topic": "units", "subtopic": "kg_g", "prompt": "An item costs $11.38 per kg. You take 250 g. About how much is that?", "split": "test", "exact_value": 2.85}
{"id": "units_000639", "topic": "units", "subtopic": "lb_oz", "prompt": "You buy 1.49 lb at $7.48 per lb. About how much is that total?", "split": "test", "exact_value": 11.15}
{"id": "units_000640", "topic": "units", "subtopic": "kg_g", "prompt": "An item costs $12.48 per kg. You take 900 g. About how much is that?", "split": "test", "exact_value": 11.23}
{"id": "units_000641", "topic": "units", "subtopic": "lb_oz", "prompt": "You buy 5.4 lb at $10.09 per lb. About how much is that total?", "split": "test", "exact_value": 54.49}
{"id": "units_000642", "topic": "units", "subtopic": "kg_g", "prompt": "An item costs $17.27 per kg. You take 350 g. About how much is that?", "split": "test", "exact_value": 6.04}
{"id": "units_000643", "topic": "units", "subtopic": "lb_oz", "prompt": "You buy 4.49 lb at $7.60 per lb. About how much is that total?", "split": "test", "exact_value": 34.12}
{"id": "units_000644", "topic": "units", "subtopic": "lb_oz", "prompt": "You buy 4.35 lb at $11.98 per lb. About how much is that total?", "split": "test", "exact_value": 52.11}
{"id": "units_000645", "topic": "units", "subtopic": "kg_g", "prompt": "An item costs $9.01 per kg. You take 900 g. About how much is that?", "split": "test", "exact_value": 8.11}
{"id": "units_000646", "topic": "units", "subtopic": "kg_g", "prompt": "An item costs $14.50 per kg. You take 350 g. About how much is that?", "split": "test", "exact_value": 5.08}
{"id": "units_000647", "topic": "units", "subtopic": "kg_g", "prompt": "An item costs $10.91 per kg. You take 900 g. About how much is that?", "split": "test", "exact_value": 9.82}
{"id": "units_000648", "topic": "units", "subtopic": "kg_g", "prompt": "An item costs $6.30 per kg. You take 900 g. About how much is that?", "split": "test", "exact_value": 5.67}
{"id": "units_000649", "topic": "units", "subtopic": "lb_oz", "prompt": "You buy 0.9 lb at $3.35 per lb. About how much is that total?", "split": "test", "exact_value": 3.02}
{"id": "units_000650", "topic": "units", "subtopic": "kg_g", "prompt": "An item costs $6.71 per kg. You take 900 g. About how much is that?", "split": "test", "exact_value": 6.04}
{"id": "units_000651", "topic": "units", "subtopic": "lb_oz", "prompt": "You buy 5.33 lb at $14.73 per lb. About how much is that total?", "split": "test", "exact_value": 78.51}
{"id": "units_000652", "topic": "units", "subtopic": "kg_g", "prompt": "An item costs $11.92 per kg. You take 350 g. About how much is that?", "split": "test", "exact_value": 4.17}
{"id": "units_000653", "topic": "units", "subtopic": "kg_g", "prompt": "An item costs $8.08 per kg. You take 250 g. About how much is that?", "split": "test", "exact_value": 2.02}
{"id": "units_000654", "topic": "units", "subtopic": "lb_oz", "prompt": "You buy 3.08 lb at $9.02 per lb. About how much is that total?", "split": "test", "exact_value": 27.78}
{"id": "units_000655", "topic": "units", "subtopic": "kg_g", "prompt": "An item costs $13.58 per kg. You take 350 g. About how much is that?", "split": "test", "exact_value": 4.75}
{"id": "units_000656", "topic": "units", "subtopic": "lb_oz", "prompt": "You buy 4.27 lb at $4.49 per lb. About how much is that total?", "split": "test", "exact_value": 19.17}
{"id": "units_000657", "topic": "units", "subtopic": "kg_g", "prompt": "An item costs $11.21 per kg. You take 250 g. About how much is that?", "split": "test", "exact_value": 2.8}
{"id": "units_000658", "topic": "units", "subtopic": "lb_oz", "prompt": "You buy 1.29 lb at $8.07 per lb. About how much is that total?", "split": "test", "exact_value": 10.41}
{"id": "units_000659", "topic": "units", "subtopic": "kg_g", "prompt": "An item costs $18.45 per kg. You take 750 g. About how much is that?", "split": "test", "exact_value": 13.84}
{"id": "units_000660", "topic": "units", "subtopic": "lb_oz", "prompt": "You buy 4.34 lb at $13.88 per lb. About how much is that total?", "split": "test", "exact_value": 60.24}
{"id": "units_000661", "topic": "units", "subtopic": "lb_oz", "prompt": "You buy 2.2 lb at $12.56 per lb. About how much is that total?", "split": "test", "exact_value": 27.63}
{"id": "units_000662", "topic": "units", "subtopic": "lb_oz", "prompt": "You buy 5.45 lb at $8.53 per lb. About how much is that total?", "split": "test", "exact_value": 46.49}
{"id": "units_000663", "topic": "units", "subtopic": "lb_oz", "prompt": "You buy 3.22 lb at $12.93 per lb. About how much is that total?", "split": "test", "exact_value": 41.63}
{"id": "units_000664", "topic": "units", "subtopic": "kg_g", "prompt": "An item costs $15.21 per kg. You take 400 g. About how much is that?", "split": "test", "exact_value": 6.08}
{"id": "units_000665", "topic": "units", "subtopic": "lb_oz", "prompt": "You buy 1.08 lb at $11.07 per lb. About how much is that total?", "split": "test", "exact_value": 11.96}
{"id": "units_000666", "topic": "units", "subtopic": "lb_oz", "prompt": "You buy 2.14 lb at $5.65 per lb. About how much is that total?", "split": "test", "exact_value": 12.09}
{"id": "units_000667", "topic": "units", "subtopic": "kg_g", "prompt": "An item costs $13.39 per kg. You take 300 g. About how much is that?", "split": "test", "exact_value": 4.02}
{"id": "units_000668", "topic": "units", "subtopic": "lb_oz", "prompt": "You buy 1.98 lb at $7.61 per lb. About how much is that total?", "split": "test", "exact_value": 15.07}
{"id": "units_000669", "topic": "units", "subtopic": "kg_g", "prompt": "An item costs $9.17 per kg. You take 300 g. About how much is that?", "split": "test", "exact_value": 2.75}
{"id": "units_000670", "topic": "units", "subtopic": "kg_g", "prompt": "An item costs $9.51 per kg. You take 750 g. About how much is that?", "split": "test", "exact_value": 7.13}
{"id": "units_000671", "topic": "units", "subtopic": "lb_oz", "prompt": "You buy 4.41 lb at $11.60 per lb. About how much is that total?", "split": "test", "exact_value": 51.16}
{"id": "units_000672", "topic": "units", "subtopic": "lb_oz", "prompt": "You buy 4.68 lb at $13.42 per lb. About how much is that total?", "split": "test", "exact_value": 62.81}
{"id": "units_000673", "topic": "units", "subtopic": "kg_g", "prompt": "An item costs $11.83 per kg. You take 500 g. About how much is that?", "split": "test", "exact_value": 5.92}
{"id": "units_000674", "topic": "units", "subtopic": "kg_g", "prompt": "An item costs $18.72 per kg. You take 350 g. About how much is that?", "split": "test", "exact_value": 6.55}
{"id": "units_000675", "topic": "units", "subtopic": "lb_oz", "prompt": "You buy 5.36 lb at $8.06 per lb. About how much is that total?", "split": "test", "exact_value": 43.2}
{"id": "units_000676", "topic": "units", "subtopic": "lb_oz", "prompt": "You buy 4.58 lb at $7.16 per lb. About how much is that total?", "split": "test", "exact_value": 32.79}
{"id": "units_000677", "topic": "units", "subtopic": "lb_oz", "prompt": "You buy 2.51 lb at $11.30 per lb. About how much is that total?", "split": "test", "exact_value": 28.36}
{"id": "units_000678", "topic": "units", "subtopic": "kg_g", "prompt": "An item costs $14.83 per kg. You take 250 g. About how much is that?", "split": "test", "exact_value": 3.71}
{"id": "units_000679", "topic": "units", "subtopic": "kg_g", "prompt": "An item costs $10.62 per kg. You take 500 g. About how much is that?", "split": "test", "exact_value": 5.31}
{"id": "units_000680", "topic": "units", "subtopic": "kg_g", "prompt": "An item costs $19.68 per kg. You take 500 g. About how much is that?", "split": "test", "exact_value": 9.84}
{"id": "units_000681", "topic": "units", "subtopic": "lb_oz", "prompt": "You buy 4.6 lb at $8.04 per lb. About how much is that total?", "split": "test", "exact_value": 36.98}
{"id": "units_000682", "topic": "units", "subtopic": "kg_g", "prompt": "An item costs $8.00 per kg. You take 750 g. About how much is that?", "split": "test", "exact_value": 6.0}
{"id": "units_000683", "topic": "units", "subtopic": "lb_oz", "prompt": "You buy 5.35 lb at $7.09 per lb. About how much is that total?", "split": "test", "exact_value": 37.93}
{"id": "units_000684", "topic": "units", "subtopic": "kg_g", "prompt": "An item costs $5.90 per kg. You take 400 g. About how much is that?", "split": "test", "exact_value": 2.36}
{"id": "units_000685", "topic": "units", "subtopic": "lb_oz", "prompt": "You buy 0.89 lb at $13.35 per lb. About how much is that total?", "split": "test", "exact_value": 11.88}
{"id": "units_000686", "topic": "units", "subtopic": "lb_oz", "prompt": "You buy 2.78 lb at $10.03 per lb. About how much is that total?", "split": "test", "exact_value": 27.88}
{"id": "units_000687", "topic": "units", "subtopic": "lb_oz", "prompt": "You buy 1.93 lb at $5.24 per lb. About how much is that total?", "split": "test", "exact_value": 10.11}
{"id": "units_000688", "topic": "units", "subtopic": "kg_g", "prompt": "An item costs $18.89 per kg. You take 500 g. About how much is that?", "split": "test", "exact_value": 9.45}
{"id": "units_000689", "topic": "units", "subtopic": "lb_oz", "prompt": "You buy 3.84 lb at $7.47 per lb. About how much is that total?", "split": "test", "exact_value": 28.68}
{"id": "units_000690", "topic": "units", "subtopic": "lb_oz", "prompt": "You buy 0.95 lb at $10.11 per lb. About how much is that total?", "split": "test", "exact_value": 9.6}
{"id": "units_000691", "topic": "units", "subtopic": "lb_oz", "prompt": "You buy 2.86 lb at $10.68 per lb. About how much is that total?", "split": "test", "exact_value": 30.54}
{"id": "units_000692", "topic": "units", "subtopic": "kg_g", "prompt": "An item costs $17.52 per kg. You take 350 g. About how much is that?", "split": "test", "exact_value": 6.13}
{"id": "units_000693", "topic": "units", "subtopic": "kg_g", "prompt": "An item costs $13.27 per kg. You take 500 g. About how much is that?", "split": "test", "exact_value": 6.64}
{"id": "units_000694", "topic": "units", "subtopic": "kg_g", "prompt": "An item costs $12.40 per kg. You take 500 g. About how much is that?", "split": "test", "exact_value": 6.2}
{"id": "units_000695", "topic": "units", "subtopic": "kg_g", "prompt": "An item costs $15.82 per kg. You take 250 g. About how much is that?", "split": "test", "exact_value": 3.96}
{"id": "units_000696", "topic": "units", "subtopic": "kg_g", "prompt": "An item costs $18.87 per kg. You take 250 g. About how much is that?", "split": "test", "exact_value": 4.72}
{"id": "units_000697", "topic": "units", "subtopic": "kg_g", "prompt": "An item costs $6.58 per kg. You take 750 g. About how much is that?", "split": "test", "exact_value": 4.94}
{"id": "units_000698", "topic": "units", "subtopic": "lb_oz", "prompt": "You buy 1.63 lb at $6.11 per lb. About how much is that total?", "split": "test", "exact_value": 9.96}
{"id": "units_000699", "topic": "units", "subtopic": "lb_oz", "prompt": "You buy 2.41 lb at $5.16 per lb. About how much is that total?", "split": "test", "exact_value": 12.44}
{"id": "units_000700", "topic": "units", "subtopic": "lb_oz", "prompt": "You buy 1.23 lb at $8.05 per lb. About how much is that total?", "split": "test", "exact_value": 9.9}
{"id": "units_000701", "topic": "units", "subtopic": "lb_oz", "prompt": "You buy 1.24 lb at $14.29 per lb. About how much is that total?", "split": "test", "exact_value": 17.72}
{"id": "units_000702", "topic": "units", "subtopic": "kg_g", "prompt": "An item costs $10.48 per kg. You take 750 g. About how much is that?", "split": "test", "exact_value": 7.86}
{"id": "units_000703", "topic": "units", "subtopic": "lb_oz", "prompt": "You buy 2.65 lb at $4.32 per lb. About how much is that total?", "split": "test", "exact_value": 11.45}
{"id": "units_000704", "topic": "units", "subtopic": "lb_oz", "prompt": "You buy 1.0 lb at $12.03 per lb. About how much is that total?", "split": "test", "exact_value": 12.03}
{"id": "units_000705", "topic": "units", "subtopic": "kg_g", "prompt": "An item costs $7.89 per kg. You take 750 g. About how much is that?", "split": "test", "exact_value": 5.92}
{"id": "units_000706", "topic": "units", "subtopic": "lb_oz", "prompt": "You buy 2.5 lb at $13.03 per lb. About how much is that total?", "split": "test", "exact_value": 32.58}
{"id": "units_000707", "topic": "units", "subtopic": "kg_g", "prompt": "An item costs $7.61 per kg. You take 400 g. About how much is that?", "split": "test", "exact_value": 3.04}
{"id": "units_000708", "topic": "units", "subtopic": "lb_oz", "prompt": "You buy 1.32 lb at $8.03 per lb. About how much is that total?", "split": "test", "exact_value": 10.6}
{"id": "units_000709", "topic": "units", "subtopic": "lb_oz", "prompt": "You buy 1.54 lb at $3.13 per lb. About how much is that total?", "split": "test", "exact_value": 4.82}
{"id": "units_000710", "topic": "units", "subtopic": "kg_g", "prompt": "An item costs $11.52 per kg. You take 750 g. About how much is that?", "split": "test", "exact_value": 8.64}
{"id": "units_000711", "topic": "units", "subtopic": "kg_g", "prompt": "An item costs $11.84 per kg. You take 350 g. About how much is that?", "split": "test", "exact_value": 4.14}
{"id": "units_000712", "topic": "units", "subtopic": "kg_g", "prompt": "An item costs $13.92 per kg. You take 350 g. About how much is that?", "split": "test", "exact_value": 4.87}
{"id": "units_000713", "topic": "units", "subtopic": "lb_oz", "prompt": "You buy 3.36 lb at $12.19 per lb. About how much is that total?", "split": "test", "exact_value": 40.96}
{"id": "units_000714", "topic": "units", "subtopic": "lb_oz", "prompt": "You buy 2.14 lb at $3.01 per lb. About how much is that total?", "split": "test", "exact_value": 6.44}
{"id": "units_000715", "topic": "units", "subtopic": "lb_oz", "prompt": "You buy 4.4 lb at $13.05 per lb. About how much is that total?", "split": "test", "exact_value": 57.42}
{"id": "units_000716", "topic": "units", "subtopic": "lb_oz", "prompt": "You buy 1.38 lb at $13.25 per lb. About how much is that total?", "split": "test", "exact_value": 18.29}
{"id": "units_000717", "topic": "units", "subtopic": "lb_oz", "prompt": "You buy 4.64 lb at $3.21 per lb. About how much is that total?", "split": "test", "exact_value": 14.89}
{"id": "units_000718", "topic": "units", "subtopic": "kg_g", "prompt": "An item costs $16.26 per kg. You take 300 g. About how much is that?", "split": "test", "exact_value": 4.88}
{"id": "units_000719", "topic": "units", "subtopic": "kg_g", "prompt": "An item costs $8.86 per kg. You take 750 g. About how much is that?", "split": "test", "exact_value": 6.65}
{"id": "units_000720", "topic": "units", "subtopic": "kg_g", "prompt": "An item costs $7.30 per kg. You take 900 g. About how much is that?", "split": "test", "exact_value": 6.57}
{"id": "units_000721", "topic": "units", "subtopic": "kg_g", "prompt": "An item costs $6.03 per kg. You take 750 g. About how much is that?", "split": "test", "exact_value": 4.52}
{"id": "units_000722", "topic": "units", "subtopic": "lb_oz", "prompt": "You buy 5.11 lb at $12.43 per lb. About how much is that total?", "split": "test", "exact_value": 63.52}
{"id": "units_000723", "topic": "units", "subtopic": "lb_oz", "prompt": "You buy 3.33 lb at $4.38 per lb. About how much is that total?", "split": "test", "exact_value": 14.59}
{"id": "units_000724", "topic": "units", "subtopic": "lb_oz", "prompt": "You buy 1.84 lb at $3.14 per lb. About how much is that total?", "split": "test", "exact_value": 5.78}
{"id": "units_000725", "topic": "units", "subtopic": "lb_oz", "prompt": "You buy 2.86 lb at $11.23 per lb. About how much is that total?", "split": "test", "exact_value": 32.12}
{"id": "units_000726", "topic": "units", "subtopic": "kg_g", "prompt": "An item costs $12.08 per kg. You take 400 g. About how much is that?", "split": "test", "exact_value": 4.83}
{"id": "units_000727", "topic": "units", "subtopic": "lb_oz", "prompt": "You buy 3.59 lb at $10.93 per lb. About how much is that total?", "split": "test", "exact_value": 39.24}
{"id": "units_000728", "topic": "units", "subtopic": "lb_oz", "prompt": "You buy 5.82 lb at $14.01 per lb. About how much is that total?", "split": "test", "exact_value": 81.54}
{"id": "units_000729", "topic": "units", "subtopic": "lb_oz", "prompt": "You buy 1.02 lb at $11.51 per lb. About how much is that total?", "split": "test", "exact_value": 11.74}
{"id": "units_000730", "topic": "units", "subtopic": "lb_oz", "prompt": "You buy 0.93 lb at $9.02 per lb. About how much is that total?", "split": "test", "exact_value": 8.39}
{"id": "units_000731", "topic": "units", "subtopic": "kg_g", "prompt": "An item costs $16.71 per kg. You take 250 g. About how much is that?", "split": "test", "exact_value": 4.18}
{"id": "units_000732", "topic": "units", "subtopic": "lb_oz", "prompt": "You buy 2.83 lb at $10.64 per lb. About how much is that total?", "split": "test", "exact_value": 30.11}
{"id": "units_000733", "topic": "units", "subtopic": "kg_g", "prompt": "An item costs $7.65 per kg. You take 750 g. About how much is that?", "split": "test", "exact_value": 5.74}
{"id": "units_000734", "topic": "units", "subtopic": "kg_g", "prompt": "An item costs $11.67 per kg. You take 500 g. About how much is that?", "split": "test", "exact_value": 5.84}
{"id": "units_000735", "topic": "units", "subtopic": "lb_oz", "prompt": "You buy 1.37 lb at $10.79 per lb. About how much is that total?", "split": "test", "exact_value": 14.78}
{"id": "units_000736", "topic": "units", "subtopic": "kg_g", "prompt": "An item costs $13.29 per kg. You take 350 g. About how much is that?", "split": "test", "exact_value": 4.65}
{"id": "units_000737", "topic": "units", "subtopic": "kg_g", "prompt": "An item costs $4.15 per kg. You take 300 g. About how much is that?", "split": "test", "exact_value": 1.25}
{"id": "units_000738", "topic": "units", "subtopic": "kg_g", "prompt": "An item costs $13.77 per kg. You take 750 g. About how much is that?", "split": "test", "exact_value": 10.33}
{"id": "units_000739", "topic": "units", "subtopic": "lb_oz", "prompt": "You buy 3.81 lb at $11.00 per lb. About how much is that total?", "split": "test", "exact_value": 41.91}
{"id": "units_000740", "topic": "units", "subtopic": "lb_oz", "prompt": "You buy 3.2 lb at $12.98 per lb. About how much is that total?", "split": "test", "exact_value": 41.54}
{"id": "units_000741", "topic": "units", "subtopic": "lb_oz", "prompt": "You buy 4.29 lb at $7.13 per lb. About how much is that total?", "split": "test", "exact_value": 30.59}
{"id": "units_000742", "topic": "units", "subtopic": "lb_oz", "prompt": "You buy 1.35 lb at $10.91 per lb. About how much is that total?", "split": "test", "exact_value": 14.73}
{"id": "units_000743", "topic": "units", "subtopic": "kg_g", "prompt": "An item costs $15.82 per kg. You take 300 g. About how much is that?", "split": "test", "exact_value": 4.75}
{"id": "units_000744", "topic": "units", "subtopic": "kg_g", "prompt": "An item costs $19.24 per kg. You take 350 g. About how much is that?", "split": "test", "exact_value": 6.73}
{"id": "units_000745", "topic": "units", "subtopic": "kg_g", "prompt": "An item costs $11.22 per kg. You take 250 g. About how much is that?", "split": "test", "exact_value": 2.81}
{"id": "units_000746", "topic": "units", "subtopic": "kg_g", "prompt": "An item costs $4.75 per kg. You take 900 g. About how much is that?", "split": "test", "exact_value": 4.28}
{"id": "units_000747", "topic": "units", "subtopic": "lb_oz", "prompt": "You buy 2.72 lb at $3.64 per lb. About how much is that total?", "split": "test", "exact_value": 9.9}
{"id": "units_000748", "topic": "units", "subtopic": "kg_g", "prompt": "An item costs $12.88 per kg. You take 400 g. About how much is that?", "split": "test", "exact_value": 5.15}
{"id": "units_000749", "topic": "units", "subtopic": "lb_oz", "prompt": "You buy 5.22 lb at $4.50 per lb. About how much is that total?", "split": "test", "exact_value": 23.49}
{"id": "units_000750", "topic": "units", "subtopic": "kg_g", "prompt": "An item costs $9.27 per kg. You take 350 g. About how much is that?", "split": "test", "exact_value": 3.24}
{"id": "units_000751", "topic": "units", "subtopic": "kg_g", "prompt": "An item costs $16.72 per kg. You take 500 g. About how much is that?", "split": "test", "exact_value": 8.36}
{"id": "units_000752", "topic": "units", "subtopic": "lb_oz", "prompt": "You buy 1.38 lb at $9.00 per lb. About how much is that total?", "split": "test", "exact_value": 12.42}
{"id": "units_000753", "topic": "units", "subtopic": "lb_oz", "prompt": "You buy 5.45 lb at $9.08 per lb. About how much is that total?", "split": "test", "exact_value": 49.49}
{"id": "units_000754", "topic": "units", "subtopic": "lb_oz", "prompt": "You buy 0.91 lb at $13.87 per lb. About how much is that total?", "split": "test", "exact_value": 12.62}
{"id": "units_000755", "topic": "units", "subtopic": "lb_oz", "prompt": "You buy 3.07 lb at $6.31 per lb. About how much is that total?", "split": "test", "exact_value": 19.37}
{"id": "units_000756", "topic": "units", "subtopic": "kg_g", "prompt": "An item costs $10.61 per kg. You take 500 g. About how much is that?", "split": "test", "exact_value": 5.31}
{"id": "units_000757", "topic": "units", "subtopic": "lb_oz", "prompt": "You buy 4.49 lb at $5.94 per lb. About how much is that total?", "split": "test", "exact_value": 26.67}
{"id": "units_000758", "topic": "units", "subtopic": "kg_g", "prompt": "An item costs $17.70 per kg. You take 400 g. About how much is that?", "split": "test", "exact_value": 7.08}
{"id": "units_000759", "topic": "units", "subtopic": "kg_g", "prompt": "An item costs $17.42 per kg. You take 300 g. About how much is that?", "split": "test", "exact_value": 5.23}
{"id": "units_000760", "topic": "units", "subtopic": "lb_oz", "prompt": "You buy 4.37 lb at $14.50 per lb. About how much is that total?", "split": "test", "exact_value": 63.37}
{"id": "units_000761", "topic": "units", "subtopic": "kg_g", "prompt": "An item costs $5.73 per kg. You take 500 g. About how much is that?", "split": "test", "exact_value": 2.87}
{"id": "units_000762", "topic": "units", "subtopic": "kg_g", "prompt": "An item costs $14.49 per kg. You take 750 g. About how much is that?", "split": "test", "exact_value": 10.87}
{"id": "units_000763", "topic": "units", "subtopic": "lb_oz", "prompt": "You buy 5.76 lb at $13.66 per lb. About how much is that total?", "split": "test", "exact_value": 78.68}
{"id": "units_000764", "topic": "units", "subtopic": "kg_g", "prompt": "An item costs $12.98 per kg. You take 350 g. About how much is that?", "split": "test", "exact_value": 4.54}
{"id": "units_000765", "topic": "units", "subtopic": "kg_g", "prompt": "An item costs $7.03 per kg. You take 900 g. About how much is that?", "split": "test", "exact_value": 6.33}
{"id": "units_000766", "topic": "units", "subtopic": "kg_g", "prompt": "An item costs $15.84 per kg. You take 350 g. About how much is that?", "split": "test", "exact_value": 5.54}
{"id": "units_000767", "topic": "units", "subtopic": "kg_g", "prompt": "An item costs $11.67 per kg. You take 900 g. About how much is that?", "split": "test", "exact_value": 10.5}
{"id": "units_000768", "topic": "units", "subtopic": "kg_g", "prompt": "An item costs $17.81 per kg. You take 250 g. About how much is that?", "split": "test", "exact_value": 4.45}
{"id": "units_000769", "topic": "units", "subtopic": "lb_oz", "prompt": "You buy 3.45 lb at $14.01 per lb. About how much is that total?", "split": "test", "exact_value": 48.33}
{"id": "units_000770", "topic": "units", "subtopic": "kg_g", "prompt": "An item costs $9.48 per kg. You take 350 g. About how much is that?", "split": "test", "exact_value": 3.32}
{"id": "units_000771", "topic": "units", "subtopic": "lb_oz", "prompt": "You buy 5.76 lb at $12.31 per lb. About how much is that total?", "split": "test", "exact_value": 70.91}
{"id": "units_000772", "topic": "units", "subtopic": "lb_oz", "prompt": "You buy 3.7 lb at $11.47 per lb. About how much is that total?", "split": "test", "exact_value": 42.44}
{"id": "units_000773", "topic": "units", "subtopic": "lb_oz", "prompt": "You buy 3.77 lb at $11.36 per lb. About how much is that total?", "split": "test", "exact_value": 42.83}
{"id": "units_000774", "topic": "units", "subtopic": "kg_g", "prompt": "An item costs $15.91 per kg. You take 500 g. About how much is that?", "split": "test", "exact_value": 7.96}
{"id": "units_000775", "topic": "units", "subtopic": "lb_oz", "prompt": "You buy 1.65 lb at $4.69 per lb. About how much is that total?", "split": "test", "exact_value": 7.74}
{"id": "units_000776", "topic": "units", "subtopic": "kg_g", "prompt": "An item costs $19.34 per kg. You take 900 g. About how much is that?", "split": "test", "exact_value": 17.41}
{"id": "units_000777", "topic": "units", "subtopic": "lb_oz", "prompt": "You buy 0.58 lb at $7.59 per lb. About how much is that total?", "split": "test", "exact_value": 4.4}
{"id": "units_000778", "topic": "units", "subtopic": "lb_oz", "prompt": "You buy 2.07 lb at $9.94 per lb. About how much is that total?", "split": "test", "exact_value": 20.58}
{"id": "units_000779", "topic": "units", "subtopic": "lb_oz", "prompt": "You buy 0.67 lb at $10.64 per lb. About how much is that total?", "split": "test", "exact_value": 7.13}
{"id": "units_000780", "topic": "units", "subtopic": "kg_g", "prompt": "An item costs $5.69 per kg. You take 900 g. About how much is that?", "split": "test", "exact_value": 5.12}
{"id": "units_000781", "topic": "units", "subtopic": "kg_g", "prompt": "An item costs $14.73 per kg. You take 400 g. About how much is that?", "split": "test", "exact_value": 5.89}
{"id": "units_000782", "topic": "units", "subtopic": "lb_oz", "prompt": "You buy 3.21 lb at $11.46 per lb. About how much is that total?", "split": "test", "exact_value": 36.79}
{"id": "units_000783", "topic": "units", "subtopic": "lb_oz", "prompt": "You buy 2.91 lb at $14.93 per lb. About how much is that total?", "split": "test", "exact_value": 43.45}
{"id": "units_000784", "topic": "units", "subtopic": "lb_oz", "prompt": "You buy 0.66 lb at $11.02 per lb. About how much is that total?", "split": "test", "exact_value": 7.27}
{"id": "units_000785", "topic": "units", "subtopic": "lb_oz", "prompt": "You buy 4.42 lb at $14.11 per lb. About how much is that total?", "split": "test", "exact_value": 62.37}
{"id": "units_000786", "topic": "units", "subtopic": "lb_oz", "prompt": "You buy 1.37 lb at $14.31 per lb. About how much is that total?", "split": "test", "exact_value": 19.6}
{"id": "units_000787", "topic": "units", "subtopic": "kg_g", "prompt": "An item costs $10.33 per kg. You take 400 g. About how much is that?", "split": "test", "exact_value": 4.13}
{"id": "units_000788", "topic": "units", "subtopic": "kg_g", "prompt": "An item costs $19.65 per kg. You take 400 g. About how much is that?", "split": "test", "exact_value": 7.86}
{"id": "units_000789", "topic": "units", "subtopic": "lb_oz", "prompt": "You buy 1.6 lb at $14.32 per lb. About how much is that total?", "split": "test", "exact_value": 22.91}
{"id": "units_000790", "topic": "units", "subtopic": "kg_g", "prompt": "An item costs $7.57 per kg. You take 900 g. About how much is that?", "split": "test", "exact_value": 6.81}
{"id": "units_000791", "topic": "units", "subtopic": "kg_g", "prompt": "An item costs $12.04 per kg. You take 400 g. About how much is that?", "split": "test", "exact_value": 4.82}
{"id": "units_000792", "topic": "units", "subtopic": "kg_g", "prompt": "An item costs $10.72 per kg. You take 250 g. About how much is that?", "split": "test", "exact_value": 2.68}
{"id": "units_000793", "topic": "units", "subtopic": "kg_g", "prompt": "An item costs $14.24 per kg. You take 500 g. About how much is that?", "split": "test", "exact_value": 7.12}
{"id": "units_000794", "topic": "units", "subtopic": "lb_oz", "prompt": "You buy 4.13 lb at $7.16 per lb. About how much is that total?", "split": "test", "exact_value": 29.57}
{"id": "units_000795", "topic": "units", "subtopic": "kg_g", "prompt": "An item costs $11.84 per kg. You take 350 g. About how much is that?", "split": "test", "exact_value": 4.14}
{"id": "units_000796", "topic": "units", "subtopic": "lb_oz", "prompt": "You buy 3.19 lb at $10.06 per lb. About how much is that total?", "split": "test", "exact_value": 32.09}
{"id": "units_000797", "topic": "units", "subtopic": "lb_oz", "prompt": "You buy 2.65 lb at $6.80 per lb. About how much is that total?", "split": "test", "exact_value": 18.02}
{"id": "units_000798", "topic": "units", "subtopic": "kg_g", "prompt": "An item costs $7.21 per kg. You take 300 g. About how much is that?", "split": "test", "exact_value": 2.16}
{"id": "units_000799", "topic": "units", "subtopic": "lb_oz", "prompt": "You buy 4.49 lb at $7.70 per lb. About how much is that total?", "split": "test", "exact_value": 34.57}
{"id": "units_000800", "topic": "units", "subtopic": "lb_oz", "prompt": "You buy 4.58 lb at $10.07 per lb. About how much is that total?", "split": "test", "exact_value": 46.12}
{"id": "units_000801", "topic": "units", "subtopic": "kg_g", "prompt": "An item costs $8.32 per kg. You take 400 g. About how much is that?", "split": "test", "exact_value": 3.33}
{"id": "units_000802", "topic": "units", "subtopic": "kg_g", "prompt": "An item costs $15.93 per kg. You take 300 g. About how much is that?", "split": "test", "exact_value": 4.78}
{"id": "units_000803", "topic": "units", "subtopic": "lb_oz", "prompt": "You buy 3.35 lb at $12.05 per lb. About how much is that total?", "split": "test", "exact_value": 40.37}
{"id": "units_000804", "topic": "units", "subtopic": "kg_g", "prompt": "An item costs $12.53 per kg. You take 250 g. About how much is that?", "split": "test", "exact_value": 3.13}
{"id": "units_000805", "topic": "units", "subtopic": "lb_oz", "prompt": "You buy 5.9 lb at $6.96 per lb. About how much is that total?", "split": "test", "exact_value": 41.06}
{"id": "units_000806", "topic": "units", "subtopic": "lb_oz", "prompt": "You buy 4.9 lb at $14.60 per lb. About how much is that total?", "split": "test", "exact_value": 71.54}
{"id": "units_000807", "topic": "units", "subtopic": "kg_g", "prompt": "An item costs $17.42 per kg. You take 400 g. About how much is that?", "split": "test", "exact_value": 6.97}
{"id": "units_000808", "topic": "units", "subtopic": "lb_oz", "prompt": "You buy 5.91 lb at $6.78 per lb. About how much is that total?", "split": "test", "exact_value": 40.07}
{"id": "units_000809", "topic": "units", "subtopic": "lb_oz", "prompt": "You buy 3.6 lb at $11.23 per lb. About how much is that total?", "split": "test", "exact_value": 40.43}
{"id": "units_000810", "topic": "units", "subtopic": "lb_oz", "prompt": "You buy 5.17 lb at $6.66 per lb. About how much is that total?", "split": "test", "exact_value": 34.43}
{"id": "units_000811", "topic": "units", "subtopic": "kg_g", "prompt": "An item costs $10.17 per kg. You take 900 g. About how much is that?", "split": "test", "exact_value": 9.15}
{"id": "units_000812", "topic": "units", "subtopic": "kg_g", "prompt": "An item costs $13.72 per kg. You take 400 g. About how much is that?", "split": "test", "exact_value": 5.49}
{"id": "units_000813", "topic": "units", "subtopic": "lb_oz", "prompt": "You buy 0.89 lb at $3.48 per lb. About how much is that total?", "split": "test", "exact_value": 3.1}
{"id": "units_000814", "topic": "units", "subtopic": "lb_oz", "prompt": "You buy 5.59 lb at $14.58 per lb. About how much is that total?", "split": "test", "exact_value": 81.5}
{"id": "units_000815", "topic": "units", "subtopic": "kg_g", "prompt": "An item costs $7.34 per kg. You take 500 g. About how much is that?", "split": "test", "exact_value": 3.67}
{"id": "units_000816", "topic": "units", "subtopic": "kg_g", "prompt": "An item costs $8.11 per kg. You take 400 g. About how much is that?", "split": "test", "exact_value": 3.24}
{"id": "units_000817", "topic": "units", "subtopic": "lb_oz", "prompt": "You buy 4.51 lb at $10.56 per lb. About how much is that total?", "split": "test", "exact_value": 47.63}
{"id": "units_000818", "topic": "units", "subtopic": "kg_g", "prompt": "An item costs $7.89 per kg. You take 400 g. About how much is that?", "split": "test", "exact_value": 3.16}
{"id": "units_000819", "topic": "units", "subtopic": "lb_oz", "prompt": "You buy 4.0 lb at $12.83 per lb. About how much is that total?", "split": "test", "exact_value": 51.32}
{"id": "units_000820", "topic": "units", "subtopic": "lb_oz", "prompt": "You buy 2.02 lb at $9.64 per lb. About how much is that total?", "split": "test", "exact_value": 19.47}
{"id": "units_000821", "topic": "units", "subtopic": "lb_oz", "prompt": "You buy 3.42 lb at $4.28 per lb. About how much is that total?", "split": "test", "exact_value": 14.64}
{"id": "units_000822", "topic": "units", "subtopic": "kg_g", "prompt": "An item costs $11.95 per kg. You take 500 g. About how much is that?", "split": "test", "exact_value": 5.98}
{"id": "units_000823", "topic": "units", "subtopic": "lb_oz", "prompt": "You buy 1.61 lb at $4.71 per lb. About how much is that total?", "split": "test", "exact_value": 7.58}
{"id": "units_000824", "topic": "units", "subtopic": "lb_oz", "prompt": "You buy 1.19 lb at $7.19 per lb. About how much is that total?", "split": "test", "exact_value": 8.56}
{"id": "units_000825", "topic": "units", "subtopic": "kg_g", "prompt": "An item costs $14.47 per kg. You take 750 g. About how much is that?", "split": "test", "exact_value": 10.85}
{"id": "units_000826", "topic": "units", "subtopic": "lb_oz", "prompt": "You buy 0.87 lb at $7.29 per lb. About how much is that total?", "split": "test", "exact_value": 6.34}
{"id": "units_000827", "topic": "units", "subtopic": "lb_oz", "prompt": "You buy 3.71 lb at $14.59 per lb. About how much is that total?", "split": "test", "exact_value": 54.13}
{"id": "units_000828", "topic": "units", "subtopic": "lb_oz", "prompt": "You buy 2.44 lb at $5.35 per lb. About how much is that total?", "split": "test", "exact_value": 13.05}
{"id": "units_000829", "topic": "units", "subtopic": "kg_g", "prompt": "An item costs $17.75 per kg. You take 250 g. About how much is that?", "split": "test", "exact_value": 4.44}
{"id": "units_000830", "topic": "units", "subtopic": "kg_g", "prompt": "An item costs $6.65 per kg. You take 500 g. About how much is that?", "split": "test", "exact_value": 3.33}
{"id": "units_000831", "topic": "units", "subtopic": "kg_g", "prompt": "An item costs $5.00 per kg. You take 300 g. About how much is that?", "split": "test", "exact_value": 1.5}
{"id": "units_000832", "topic": "units", "subtopic": "kg_g", "prompt": "An item costs $13.03 per kg. You take 500 g. About how much is that?", "split": "test", "exact_value": 6.52}
{"id": "units_000833", "topic": "units", "subtopic": "lb_oz", "prompt": "You buy 1.76 lb at $11.73 per lb. About how much is that total?", "split": "test", "exact_value": 20.64}
{"id": "units_000834", "topic": "units", "subtopic": "lb_oz", "prompt": "You buy 3.48 lb at $5.95 per lb. About how much is that total?", "split": "test", "exact_value": 20.71}
{"id": "units_000835", "topic": "units", "subtopic": "kg_g", "prompt": "An item costs $14.86 per kg. You take 400 g. About how much is that?", "split": "test", "exact_value": 5.94}
{"id": "units_000836", "topic": "units", "subtopic": "kg_g", "prompt": "An item costs $17.63 per kg. You take 250 g. About how much is that?", "split": "test", "exact_value": 4.41}
{"id": "units_000837", "topic": "units", "subtopic": "kg_g", "prompt": "An item costs $17.29 per kg. You take 900 g. About how much is that?", "split": "test", "exact_value": 15.56}
{"id": "units_000838", "topic": "units", "subtopic": "kg_g", "prompt": "An item costs $18.33 per kg. You take 900 g. About how much is that?", "split": "test", "exact_value": 16.5}
{"id": "units_000839", "topic": "units", "subtopic": "lb_oz", "prompt": "You buy 4.8 lb at $13.72 per lb. About how much is that total?", "split": "test", "exact_value": 65.86}
{"id": "units_000840", "topic": "units", "subtopic": "kg_g", "prompt": "An item costs $4.26 per kg. You take 300 g. About how much is that?", "split": "test", "exact_value": 1.28}
{"id": "units_000841", "topic": "units", "subtopic": "kg_g", "prompt": "An item costs $12.79 per kg. You take 500 g. About how much is that?", "split": "test", "exact_value": 6.4}
{"id": "units_000842", "topic": "units", "subtopic": "kg_g", "prompt": "An item costs $8.58 per kg. You take 750 g. About how much is that?", "split": "test", "exact_value": 6.44}
{"id": "units_000843", "topic": "units", "subtopic": "lb_oz", "prompt": "You buy 1.05 lb at $3.25 per lb. About how much is that total?", "split": "test", "exact_value": 3.41}
{"id": "units_000844", "topic": "units", "subtopic": "lb_oz", "prompt": "You buy 1.39 lb at $7.88 per lb. About how much is that total?", "split": "test", "exact_value": 10.95}
{"id": "units_000845", "topic": "units", "subtopic": "lb_oz", "prompt": "You buy 5.3 lb at $10.59 per lb. About how much is that total?", "split": "test", "exact_value": 56.13}
{"id": "units_000846", "topic": "units", "subtopic": "kg_g", "prompt": "An item costs $15.28 per kg. You take 300 g. About how much is that?", "split": "test", "exact_value": 4.58}
{"id": "units_000847", "topic": "units", "subtopic": "kg_g", "prompt": "An item costs $16.02 per kg. You take 300 g. About how much is that?", "split": "test", "exact_value": 4.81}
{"id": "units_000848", "topic": "units", "subtopic": "lb_oz", "prompt": "You buy 3.1 lb at $13.52 per lb. About how much is that total?", "split": "test", "exact_value": 41.91}
{"id": "units_000849", "topic": "units", "subtopic": "kg_g", "prompt": "An item costs $18.92 per kg. You take 500 g. About how much is that?", "split": "test", "exact_value": 9.46}
{"id": "units_000850", "topic": "units", "subtopic": "lb_oz", "prompt": "You buy 1.14 lb at $9.60 per lb. About how much is that total?", "split": "test", "exact_value": 10.94}
{"id": "units_000851", "topic": "units", "subtopic": "lb_oz", "prompt": "You buy 1.08 lb at $12.89 per lb. About how much is that total?", "split": "test", "exact_value": 13.92}
{"id": "units_000852", "topic": "units", "subtopic": "kg_g", "prompt": "An item costs $12.14 per kg. You take 250 g. About how much is that?", "split": "test", "exact_value": 3.04}
{"id": "units_000853", "topic": "units", "subtopic": "kg_g", "prompt": "An item costs $10.99 per kg. You take 400 g. About how much is that?", "split": "test", "exact_value": 4.4}
{"id": "units_000854", "topic": "units", "subtopic": "kg_g", "prompt": "An item costs $17.47 per kg. You take 400 g. About how much is that?", "split": "test", "exact_value": 6.99}
{"id": "units_000855", "topic": "units", "subtopic": "lb_oz", "prompt": "You buy 5.93 lb at $10.10 per lb. About how much is that total?", "split": "test", "exact_value": 59.89}
{"id": "units_000856", "topic": "units", "subtopic": "lb_oz", "prompt": "You buy 5.31 lb at $12.15 per lb. About how much is that total?", "split": "test", "exact_value": 64.52}
{"id": "units_000857", "topic": "units", "subtopic": "lb_oz", "prompt": "You buy 3.42 lb at $14.05 per lb. About how much is that total?", "split": "test", "exact_value": 48.05}
{"id": "units_000858", "topic": "units", "subtopic": "kg_g", "prompt": "An item costs $9.10 per kg. You take 400 g. About how much is that?", "split": "test", "exact_value": 3.64}
{"id": "units_000859", "topic": "units", "subtopic": "kg_g", "prompt": "An item costs $4.53 per kg. You take 500 g. About how much is that?", "split": "test", "exact_value": 2.27}
{"id": "units_000860", "topic": "units", "subtopic": "lb_oz", "prompt": "You buy 5.1 lb at $5.85 per lb. About how much is that total?", "split": "test", "exact_value": 29.84}
{"id": "units_000861", "topic": "units", "subtopic": "lb_oz", "prompt": "You buy 2.58 lb at $8.00 per lb. About how much is that total?", "split": "test", "exact_value": 20.64}
{"id": "units_000862", "topic": "units", "subtopic": "kg_g", "prompt": "An item costs $12.47 per kg. You take 250 g. About how much is that?", "split": "test", "exact_value": 3.12}
{"id": "units_000863", "topic": "units", "subtopic": "lb_oz", "prompt": "You buy 3.78 lb at $6.19 per lb. About how much is that total?", "split": "test", "exact_value": 23.4}
{"id": "units_000864", "topic": "units", "subtopic": "lb_oz", "prompt": "You buy 2.38 lb at $7.53 per lb. About how much is that total?", "split": "test", "exact_value": 17.92}
{"id": "units_000865", "topic": "units", "subtopic": "kg_g", "prompt": "An item costs $5.02 per kg. You take 400 g. About how much is that?", "split": "test", "exact_value": 2.01}
{"id": "units_000866", "topic": "units", "subtopic": "kg_g", "prompt": "An item costs $13.21 per kg. You take 400 g. About how much is that?", "split": "test", "exact_value": 5.28}
{"id": "units_000867", "topic": "units", "subtopic": "kg_g", "prompt": "An item costs $19.16 per kg. You take 750 g. About how much is that?", "split": "test", "exact_value": 14.37}
{"id": "units_000868", "topic": "units", "subtopic": "kg_g", "prompt": "An item costs $5.51 per kg. You take 750 g. About how much is that?", "split": "test", "exact_value": 4.13}
{"id": "units_000869", "topic": "units", "subtopic": "kg_g", "prompt": "An item costs $9.05 per kg. You take 400 g. About how much is that?", "split": "test", "exact_value": 3.62}
{"id": "units_000870", "topic": "units", "subtopic": "kg_g", "prompt": "An item costs $16.24 per kg. You take 350 g. About how much is that?", "split": "test", "exact_value": 5.68}
{"id": "units_000871", "topic": "units", "subtopic": "kg_g", "prompt": "An item costs $15.50 per kg. You take 900 g. About how much is that?", "split": "test", "exact_value": 13.95}
{"id": "units_000872", "topic": "units", "subtopic": "kg_g", "prompt": "An item costs $14.84 per kg. You take 900 g. About how much is that?", "split": "test", "exact_value": 13.36}
{"id": "units_000873", "topic": "units", "subtopic": "lb_oz", "prompt": "You buy 2.28 lb at $14.79 per lb. About how much is that total?", "split": "test", "exact_value": 33.72}
{"id": "units_000874", "topic": "units", "subtopic": "kg_g", "prompt": "An item costs $14.47 per kg. You take 500 g. About how much is that?", "split": "test", "exact_value": 7.24}
{"id": "units_000875", "topic": "units", "subtopic": "lb_oz", "prompt": "You buy 4.99 lb at $11.48 per lb. About how much is that total?", "split": "test", "exact_value": 57.29}
{"id": "units_000876", "topic": "units", "subtopic": "kg_g", "prompt": "An item costs $19.16 per kg. You take 900 g. About how much is that?", "split": "test", "exact_value": 17.24}
{"id": "units_000877", "topic": "units", "subtopic": "lb_oz", "prompt": "You buy 2.23 lb at $12.82 per lb. About how much is that total?", "split": "test", "exact_value": 28.59}
{"id": "units_000878", "topic": "units", "subtopic": "kg_g", "prompt": "An item costs $11.61 per kg. You take 300 g. About how much is that?", "split": "test", "exact_value": 3.48}
{"id": "units_000879", "topic": "units", "subtopic": "lb_oz", "prompt": "You buy 2.39 lb at $9.51 per lb. About how much is that total?", "split": "test", "exact_value": 22.73}
{"id": "units_000880", "topic": "units", "subtopic": "kg_g", "prompt": "An item costs $11.35 per kg. You take 350 g. About how much is that?", "split": "test", "exact_value": 3.97}
{"id": "units_000881", "topic": "units", "subtopic": "kg_g", "prompt": "An item costs $11.90 per kg. You take 250 g. About how much is that?", "split": "test", "exact_value": 2.98}
{"id": "units_000882", "topic": "units", "subtopic": "kg_g", "prompt": "An item costs $4.95 per kg. You take 400 g. About how much is that?", "split": "test", "exact_value": 1.98}
{"id": "units_000883", "topic": "units", "subtopic": "lb_oz", "prompt": "You buy 3.5 lb at $14.64 per lb. About how much is that total?", "split": "test", "exact_value": 51.24}
{"id": "units_000884", "topic": "units", "subtopic": "lb_oz", "prompt": "You buy 5.23 lb at $14.90 per lb. About how much is that total?", "split": "test", "exact_value": 77.93}
{"id": "units_000885", "topic": "units", "subtopic": "lb_oz", "prompt": "You buy 2.28 lb at $6.10 per lb. About how much is that total?", "split": "test", "exact_value": 13.91}
{"id": "units_000886", "topic": "units", "subtopic": "lb_oz", "prompt": "You buy 3.17 lb at $5.12 per lb. About how much is that total?", "split": "test", "exact_value": 16.23}
{"id": "units_000887", "topic": "units", "subtopic": "kg_g", "prompt": "An item costs $4.82 per kg. You take 750 g. About how much is that?", "split": "test", "exact_value": 3.62}
{"id": "units_000888", "topic": "units", "subtopic": "kg_g", "prompt": "An item costs $15.93 per kg. You take 350 g. About how much is that?", "split": "test", "exact_value": 5.58}
{"id": "units_000889", "topic": "units", "subtopic": "kg_g", "prompt": "An item costs $7.23 per kg. You take 300 g. About how much is that?", "split": "test", "exact_value": 2.17}
{"id": "units_000890", "topic": "units", "subtopic": "lb_oz", "prompt": "You buy 3.68 lb at $12.32 per lb. About how much is that total?", "split": "test", "exact_value": 45.34}
{"id": "units_000891", "topic": "units", "subtopic": "lb_oz", "prompt": "You buy 5.84 lb at $6.60 per lb. About how much is that total?", "split": "test", "exact_value": 38.54}
{"id": "units_000892", "topic": "units", "subtopic": "kg_g", "prompt": "An item costs $6.20 per kg. You take 900 g. About how much is that?", "split": "test", "exact_value": 5.58}
{"id": "units_000893", "topic": "units", "subtopic": "kg_g", "prompt": "An item costs $11.22 per kg. You take 350 g. About how much is that?", "split": "test", "exact_value": 3.93}
{"id": "units_000894", "topic": "units", "subtopic": "lb_oz", "prompt": "You buy 5.34 lb at $6.79 per lb. About how much is that total?", "split": "test", "exact_value": 36.26}
{"id": "units_000895", "topic": "units", "subtopic": "kg_g", "prompt": "An item costs $15.55 per kg. You take 900 g. About how much is that?", "split": "test", "exact_value": 14.0}
{"id": "units_000896", "topic": "units", "subtopic": "lb_oz", "prompt": "You buy 3.44 lb at $7.82 per lb. About how much is that total?", "split": "test", "exact_value": 26.9}
{"id": "units_000897", "topic": "units", "subtopic": "lb_oz", "prompt": "You buy 1.61 lb at $12.88 per lb. About how much is that total?", "split": "test", "exact_value": 20.74}
{"id": "units_000898", "topic": "units", "subtopic": "lb_oz", "prompt": "You buy 5.97 lb at $14.53 per lb. About how much is that total?", "split": "test", "exact_value": 86.74}
{"id": "units_000899", "topic": "units", "subtopic": "lb_oz", "prompt": "You buy 2.58 lb at $8.56 per lb. About how much is that total?", "split": "test", "exact_value": 22.08}
{"id": "units_000900", "topic": "units", "subtopic": "kg_g", "prompt": "An item costs $16.36 per kg. You take 750 g. About how much is that?", "split": "test", "exact_value": 12.27}
{"id": "units_000901", "topic": "units", "subtopic": "kg_g", "prompt": "An item costs $13.27 per kg. You take 400 g. About how much is that?", "split": "test", "exact_value": 5.31}
{"id": "units_000902", "topic": "units", "subtopic": "kg_g", "prompt": "An item costs $11.69 per kg. You take 750 g. About how much is that?", "split": "test", "exact_value": 8.77}
{"id": "units_000903", "topic": "units", "subtopic": "lb_oz", "prompt": "You buy 5.99 lb at $14.42 per lb. About how much is that total?", "split": "test", "exact_value": 86.38}
{"id": "units_000904", "topic": "units", "subtopic": "kg_g", "prompt": "An item costs $4.38 per kg. You take 750 g. About how much is that?", "split": "test", "exact_value": 3.29}
{"id": "units_000905", "topic": "units", "subtopic": "kg_g", "prompt": "An item costs $14.41 per kg. You take 350 g. About how much is that?", "split": "test", "exact_value": 5.04}
{"id": "units_000906", "topic": "units", "subtopic": "kg_g", "prompt": "An item costs $12.95 per kg. You take 400 g. About how much is that?", "split": "test", "exact_value": 5.18}
{"id": "units_000907", "topic": "units", "subtopic": "lb_oz", "prompt": "You buy 1.03 lb at $7.95 per lb. About how much is that total?", "split": "test", "exact_value": 8.19}
{"id": "units_000908", "topic": "units", "subtopic": "lb_oz", "prompt": "You buy 4.88 lb at $14.01 per lb. About how much is that total?", "split": "test", "exact_value": 68.37}
{"id": "units_000909", "topic": "units", "subtopic": "lb_oz", "prompt": "You buy 3.65 lb at $5.14 per lb. About how much is that total?", "split": "test", "exact_value": 18.76}
{"id": "units_000910", "topic": "units", "subtopic": "kg_g", "prompt": "An item costs $5.43 per kg. You take 900 g. About how much is that?", "split": "test", "exact_value": 4.89}
{"id": "units_000911", "topic": "units", "subtopic": "lb_oz", "prompt": "You buy 4.36 lb at $14.19 per lb. About how much is that total?", "split": "test", "exact_value": 61.87}
{"id": "units_000912", "topic": "units", "subtopic": "lb_oz", "prompt": "You buy 4.33 lb at $9.12 per lb. About how much is that total?", "split": "test", "exact_value": 39.49}
{"id": "units_000913", "topic": "units", "subtopic": "kg_g", "prompt": "An item costs $6.96 per kg. You take 300 g. About how much is that?", "split": "test", "exact_value": 2.09}
{"id": "units_000914", "topic": "units", "subtopic": "kg_g", "prompt": "An item costs $17.87 per kg. You take 250 g. About how much is that?", "split": "test", "exact_value": 4.47}
{"id": "units_000915", "topic": "units", "subtopic": "kg_g", "prompt": "An item costs $8.38 per kg. You take 350 g. About how much is that?", "split": "test", "exact_value": 2.93}
{"id": "units_000916", "topic": "units", "subtopic": "kg_g", "prompt": "An item costs $5.02 per kg. You take 500 g. About how much is that?", "split": "test", "exact_value": 2.51}
{"id": "units_000917", "topic": "units", "subtopic": "lb_oz", "prompt": "You buy 5.44 lb at $6.81 per lb. About how much is that total?", "split": "test", "exact_value": 37.05}
{"id": "units_000918", "topic": "units", "subtopic": "lb_oz", "prompt": "You buy 4.71 lb at $4.02 per lb. About how much is that total?", "split": "test", "exact_value": 18.93}
{"id": "units_000919", "topic": "units", "subtopic": "lb_oz", "prompt": "You buy 2.41 lb at $13.68 per lb. About how much is that total?", "split": "test", "exact_value": 32.97}
{"id": "units_000920", "topic": "units", "subtopic": "lb_oz", "prompt": "You buy 5.48 lb at $3.33 per lb. About how much is that total?", "split": "test", "exact_value": 18.25}
{"id": "units_000921", "topic": "units", "subtopic": "lb_oz", "prompt": "You buy 2.87 lb at $9.05 per lb. About how much is that total?", "split": "test", "exact_value": 25.97}
{"id": "units_000922", "topic": "units", "subtopic": "lb_oz", "prompt": "You buy 2.17 lb at $6.91 per lb. About how much is that total?", "split": "test", "exact_value": 14.99}
{"id": "units_000923", "topic": "units", "subtopic": "lb_oz", "prompt": "You buy 2.96 lb at $6.69 per lb. About how much is that total?", "split": "test", "exact_value": 19.8}
{"id": "units_000924", "topic": "units", "subtopic": "kg_g", "prompt": "An item costs $9.75 per kg. You take 250 g. About how much is that?", "split": "test", "exact_value": 2.44}
{"id": "units_000925", "topic": "units", "subtopic": "kg_g", "prompt": "An item costs $17.24 per kg. You take 500 g. About how much is that?", "split": "test", "exact_value": 8.62}
{"id": "units_000926", "topic": "units", "subtopic": "kg_g", "prompt": "An item costs $14.46 per kg. You take 250 g. About how much is that?", "split": "test", "exact_value": 3.62}
{"id": "units_000927", "topic": "units", "subtopic": "lb_oz", "prompt": "You buy 4.57 lb at $4.76 per lb. About how much is that total?", "split": "test", "exact_value": 21.75}
{"id": "units_000928", "topic": "units", "subtopic": "kg_g", "prompt": "An item costs $4.94 per kg. You take 400 g. About how much is that?", "split": "test", "exact_value": 1.98}
{"id": "units_000929", "topic": "units", "subtopic": "lb_oz", "prompt": "You buy 2.74 lb at $13.20 per lb. About how much is that total?", "split": "test", "exact_value": 36.17}
{"id": "units_000930", "topic": "units", "subtopic": "kg_g", "prompt": "An item costs $10.16 per kg. You take 750 g. About how much is that?", "split": "test", "exact_value": 7.62}
{"id": "units_000931", "topic": "units", "subtopic": "lb_oz", "prompt": "You buy 2.63 lb at $6.57 per lb. About how much is that total?", "split": "test", "exact_value": 17.28}
{"id": "units_000932", "topic": "units", "subtopic": "lb_oz", "prompt": "You buy 3.67 lb at $5.52 per lb. About how much is that total?", "split": "test", "exact_value": 20.26}
{"id": "units_000933", "topic": "units", "subtopic": "kg_g", "prompt": "An item costs $12.70 per kg. You take 300 g. About how much is that?", "split": "test", "exact_value": 3.81}
{"id": "units_000934", "topic": "units", "subtopic": "kg_g", "prompt": "An item costs $10.31 per kg. You take 750 g. About how much is that?", "split": "test", "exact_value": 7.73}
{"id": "units_000935", "topic": "units", "subtopic": "lb_oz", "prompt": "You buy 0.93 lb at $7.71 per lb. About how much is that total?", "split": "test", "exact_value": 7.17}
{"id": "units_000936", "topic": "units", "subtopic": "lb_oz", "prompt": "You buy 5.19 lb at $5.92 per lb. About how much is that total?", "split": "test", "exact_value": 30.72}
{"id": "units_000937", "topic": "units", "subtopic": "kg_g", "prompt": "An item costs $10.19 per kg. You take 250 g. About how much is that?", "split": "test", "exact_value": 2.55}
{"id": "units_000938", "topic": "units", "subtopic": "kg_g", "prompt": "An item costs $6.51 per kg. You take 400 g. About how much is that?", "split": "test", "exact_value": 2.6}
{"id": "units_000939", "topic": "units", "subtopic": "lb_oz", "prompt": "You buy 0.58 lb at $9.16 per lb. About how much is that total?", "split": "test", "exact_value": 5.31}
{"id": "units_000940", "topic": "units", "subtopic": "lb_oz", "prompt": "You buy 2.73 lb at $11.40 per lb. About how much is that total?", "split": "test", "exact_value": 31.12}
{"id": "units_000941", "topic": "units", "subtopic": "lb_oz", "prompt": "You buy 4.95 lb at $9.18 per lb. About how much is that total?", "split": "test", "exact_value": 45.44}
{"id": "units_000942", "topic": "units", "subtopic": "kg_g", "prompt": "An item costs $8.49 per kg. You take 250 g. About how much is that?", "split": "test", "exact_value": 2.12}
{"id": "units_000943", "topic": "units", "subtopic": "lb_oz", "prompt": "You buy 5.99 lb at $8.19 per lb. About how much is that total?", "split": "test", "exact_value": 49.06}
{"id": "units_000944", "topic": "units", "subtopic": "kg_g", "prompt": "An item costs $17.64 per kg. You take 750 g. About how much is that?", "split": "test", "exact_value": 13.23}
{"id": "units_000945", "topic": "units", "subtopic": "lb_oz", "prompt": "You buy 4.24 lb at $13.29 per lb. About how much is that total?", "split": "test", "exact_value": 56.35}
{"id": "units_000946", "topic": "units", "subtopic": "lb_oz", "prompt": "You buy 0.84 lb at $14.30 per lb. About how much is that total?", "split": "test", "exact_value": 12.01}
{"id": "units_000947", "topic": "units", "subtopic": "lb_oz", "prompt": "You buy 1.79 lb at $7.65 per lb. About how much is that total?", "split": "test", "exact_value": 13.69}
{"id": "units_000948", "topic": "units", "subtopic": "kg_g", "prompt": "An item costs $10.89 per kg. You take 900 g. About how much is that?", "split": "test", "exact_value": 9.8}
{"id": "units_000949", "topic": "units", "subtopic": "lb_oz", "prompt": "You buy 2.5 lb at $9.28 per lb. About how much is that total?", "split": "test", "exact_value": 23.2}
{"id": "units_000950", "topic": "units", "subtopic": "kg_g", "prompt": "An item costs $8.89 per kg. You take 350 g. About how much is that?", "split": "test", "exact_value": 3.11}
{"id": "units_000951", "topic": "units", "subtopic": "lb_oz", "prompt": "You buy 2.32 lb at $9.39 per lb. About how much is that total?", "split": "test", "exact_value": 21.78}
{"id": "units_000952", "topic": "units", "subtopic": "kg_g", "prompt": "An item costs $6.43 per kg. You take 500 g. About how much is that?", "split": "test", "exact_value": 3.22}
{"id": "units_000953", "topic": "units", "subtopic": "kg_g", "prompt": "An item costs $5.21 per kg. You take 900 g. About how much is that?", "split": "test", "exact_value": 4.69}
{"id": "units_000954", "topic": "units", "subtopic": "lb_oz", "prompt": "You buy 3.31 lb at $10.60 per lb. About how much is that total?", "split": "test", "exact_value": 35.09}
{"id": "units_000955", "topic": "units", "subtopic": "kg_g", "prompt": "An item costs $5.27 per kg. You take 400 g. About how much is that?", "split": "test", "exact_value": 2.11}
{"id": "units_000956", "topic": "units", "subtopic": "kg_g", "prompt": "An item costs $15.95 per kg. You take 750 g. About how much is that?", "split": "test", "exact_value": 11.96}
{"id": "units_000957", "topic": "units", "subtopic": "lb_oz", "prompt": "You buy 2.64 lb at $5.18 per lb. About how much is that total?", "split": "test", "exact_value": 13.68}
{"id": "units_000958", "topic": "units", "subtopic": "lb_oz", "prompt": "You buy 3.75 lb at $6.54 per lb. About how much is that total?", "split": "test", "exact_value": 24.53}
{"id": "units_000959", "topic": "units", "subtopic": "lb_oz", "prompt": "You buy 3.87 lb at $8.30 per lb. About how much is that total?", "split": "test", "exact_value": 32.12}
{"id": "units_000960", "topic": "units", "subtopic": "kg_g", "prompt": "An item costs $7.18 per kg. You take 900 g. About how much is that?", "split": "test", "exact_value": 6.46}
{"id": "units_000961", "topic": "units", "subtopic": "lb_oz", "prompt": "You buy 4.45 lb at $13.90 per lb. About how much is that total?", "split": "test", "exact_value": 61.86}
{"id": "units_000962", "topic": "units", "subtopic": "lb_oz", "prompt": "You buy 2.03 lb at $13.81 per lb. About how much is that total?", "split": "test", "exact_value": 28.03}
{"id": "units_000963", "topic": "units", "subtopic": "lb_oz", "prompt": "You buy 3.95 lb at $7.99 per lb. About how much is that total?", "split": "test", "exact_value": 31.56}
{"id": "units_000964", "topic": "units", "subtopic": "kg_g", "prompt": "An item costs $9.10 per kg. You take 400 g. About how much is that?", "split": "test", "exact_value": 3.64}
{"id": "units_000965", "topic": "units", "subtopic": "lb_oz", "prompt": "You buy 1.31 lb at $13.17 per lb. About how much is that total?", "split": "test", "exact_value": 17.25}
{"id": "units_000966", "topic": "units", "subtopic": "lb_oz", "prompt": "You buy 0.81 lb at $8.16 per lb. About how much is that total?", "split": "test", "exact_value": 6.61}
{"id": "units_000967", "topic": "units", "subtopic": "lb_oz", "prompt": "You buy 2.01 lb at $13.92 per lb. About how much is that total?", "split": "test", "exact_value": 27.98}
{"id": "units_000968", "topic": "units", "subtopic": "lb_oz", "prompt": "You buy 3.65 lb at $12.28 per lb. About how much is that total?", "split": "test", "exact_value": 44.82}
{"id": "units_000969", "topic": "units", "subtopic": "kg_g", "prompt": "An item costs $8.25 per kg. You take 350 g. About how much is that?", "split": "test", "exact_value": 2.89}
{"id": "units_000970", "topic": "units", "subtopic": "lb_oz", "prompt": "You buy 4.9 lb at $8.52 per lb. About how much is that total?", "split": "test", "exact_value": 41.75}
{"id": "units_000971", "topic": "units", "subtopic": "lb_oz", "prompt": "You buy 4.66 lb at $11.23 per lb. About how much is that total?", "split": "test", "exact_value": 52.33}
{"id": "units_000972", "topic": "units", "subtopic": "kg_g", "prompt": "An item costs $4.37 per kg. You take 300 g. About how much is that?", "split": "test", "exact_value": 1.31}
{"id": "units_000973", "topic": "units", "subtopic": "lb_oz", "prompt": "You buy 4.01 lb at $14.88 per lb. About how much is that total?", "split": "test", "exact_value": 59.67}
{"id": "units_000974", "topic": "units", "subtopic": "lb_oz", "prompt": "You buy 2.89 lb at $13.08 per lb. About how much is that total?", "split": "test", "exact_value": 37.8}
{"id": "units_000975", "topic": "units", "subtopic": "lb_oz", "prompt": "You buy 2.37 lb at $6.02 per lb. About how much is that total?", "split": "test", "exact_value": 14.27}
{"id": "units_000976", "topic": "units", "subtopic": "lb_oz", "prompt": "You buy 4.77 lb at $10.87 per lb. About how much is that total?", "split": "test", "exact_value": 51.85}
{"id": "units_000977", "topic": "units", "subtopic": "kg_g", "prompt": "An item costs $16.21 per kg. You take 350 g. About how much is that?", "split": "test", "exact_value": 5.67}
{"id": "units_000978", "topic": "units", "subtopic": "kg_g", "prompt": "An item costs $13.19 per kg. You take 350 g. About how much is that?", "split": "test", "exact_value": 4.62}
{"id": "units_000979", "topic": "units", "subtopic": "kg_g", "prompt": "An item costs $8.08 per kg. You take 900 g. About how much is that?", "split": "test", "exact_value": 7.27}
{"id": "units_000980", "topic": "units", "subtopic": "lb_oz", "prompt": "You buy 5.56 lb at $5.04 per lb. About how much is that total?", "split": "test", "exact_value": 28.02}
{"id": "units_000981", "topic": "units", "subtopic": "lb_oz", "prompt": "You buy 4.67 lb at $6.50 per lb. About how much is that total?", "split": "test", "exact_value": 30.36}
{"id": "units_000982", "topic": "units", "subtopic": "lb_oz", "prompt": "You buy 5.01 lb at $4.87 per lb. About how much is that total?", "split": "test", "exact_value": 24.4}
{"id": "units_000983", "topic": "units", "subtopic": "lb_oz", "prompt": "You buy 4.19 lb at $9.08 per lb. About how much is that total?", "split": "test", "exact_value": 38.05}
{"id": "units_000984", "topic": "units", "subtopic": "lb_oz", "prompt": "You buy 4.09 lb at $7.27 per lb. About how much is that total?", "split": "test", "exact_value": 29.73}
{"id": "units_000985", "topic": "units", "subtopic": "lb_oz", "prompt": "You buy 5.23 lb at $9.10 per lb. About how much is that total?", "split": "test", "exact_value": 47.59}
{"id": "units_000986", "topic": "units", "subtopic": "kg_g", "prompt": "An item costs $6.21 per kg. You take 900 g. About how much is that?", "split": "test", "exact_value": 5.59}
{"id": "units_000987", "topic": "units", "subtopic": "kg_g", "prompt": "An item costs $17.96 per kg. You take 500 g. About how much is that?", "split": "test", "exact_value": 8.98}
{"id": "units_000988", "topic": "units", "subtopic": "lb_oz", "prompt": "You buy 4.98 lb at $4.43 per lb. About how much is that total?", "split": "test", "exact_value": 22.06}
{"id": "units_000989", "topic": "units", "subtopic": "kg_g", "prompt": "An item costs $13.71 per kg. You take 300 g. About how much is that?", "split": "test", "exact_value": 4.11}
{"id": "units_000990", "topic": "units", "subtopic": "kg_g", "prompt": "An item costs $19.43 per kg. You take 900 g. About how much is that?", "split": "test", "exact_value": 17.49}
{"id": "units_000991", "topic": "units", "subtopic": "kg_g", "prompt": "An item costs $16.14 per kg. You take 400 g. About how much is that?", "split": "test", "exact_value": 6.46}
{"id": "units_000992", "topic": "units", "subtopic": "lb_oz", "prompt": "You buy 1.25 lb at $14.83 per lb. About how much is that total?", "split": "test", "exact_value": 18.54}
{"id": "units_000993", "topic": "units", "subtopic": "lb_oz", "prompt": "You buy 3.8 lb at $5.77 per lb. About how much is that total?", "split": "test", "exact_value": 21.93}
{"id": "units_000994", "topic": "units", "subtopic": "lb_oz", "prompt": "You buy 5.0 lb at $3.64 per lb. About how much is that total?", "split": "test", "exact_value": 18.2}
{"id": "units_000995", "topic": "units", "subtopic": "lb_oz", "prompt": "You buy 4.58 lb at $7.37 per lb. About how much is that total?", "split": "test", "exact_value": 33.75}
{"id": "units_000996", "topic": "units", "subtopic": "lb_oz", "prompt": "You buy 3.8 lb at $8.83 per lb. About how much is that total?", "split": "test", "exact_value": 33.55}
{"id": "units_000997", "topic": "units", "subtopic": "lb_oz", "prompt": "You buy 1.82 lb at $12.45 per lb. About how much is that total?", "split": "test", "exact_value": 22.66}
{"id": "units_000998", "topic": "units", "subtopic": "lb_oz", "prompt": "You buy 2.05 lb at $9.06 per lb. About how much is that total?", "split": "test", "exact_value": 18.57}
{"id": "units_000999", "topic": "units", "subtopic": "lb_oz", "prompt": "You buy 5.62 lb at $12.09 per lb. About how much is that total?", "split": "test", "exact_value": 67.95}
{"id": "units_001000", "topic": "units", "subtopic": "lb_oz", "prompt": "You buy 2.66 lb at $8.77 per lb. About how much is that total?", "split": "test", "exact_value": 23.33}
{"id": "units_001001", "topic": "units", "subtopic": "kg_g", "prompt": "An item costs $7.36 per kg. You take 500 g. About how much is that?", "split": "test", "exact_value": 3.68}
{"id": "units_001002", "topic": "units", "subtopic": "kg_g", "prompt": "An item costs $6.46 per kg. You take 750 g. About how much is that?", "split": "test", "exact_value": 4.85}
{"id": "units_001003", "topic": "units", "subtopic": "kg_g", "prompt": "An item costs $15.79 per kg. You take 250 g. About how much is that?", "split": "test", "exact_value": 3.95}
{"id": "units_001004", "topic": "units", "subtopic": "lb_oz", "prompt": "You buy 0.64 lb at $5.69 per lb. About how much is that total?", "split": "test", "exact_value": 3.64}
{"id": "units_001005", "topic": "units", "subtopic": "kg_g", "prompt": "An item costs $14.24 per kg. You take 900 g. About how much is that?", "split": "test", "exact_value": 12.82}
{"id": "units_001006", "topic": "units", "subtopic": "lb_oz", "prompt": "You buy 2.76 lb at $6.44 per lb. About how much is that total?", "split": "test", "exact_value": 17.77}
{"id": "units_001007", "topic": "units", "subtopic": "lb_oz", "prompt": "You buy 3.75 lb at $12.94 per lb. About how much is that total?", "split": "test", "exact_value": 48.53}
{"id": "units_001008", "topic": "units", "subtopic": "lb_oz", "prompt": "You buy 4.97 lb at $9.17 per lb. About how much is that total?", "split": "test", "exact_value": 45.57}
{"id": "units_001009", "topic": "units", "subtopic": "kg_g", "prompt": "An item costs $19.58 per kg. You take 900 g. About how much is that?", "split": "test", "exact_value": 17.62}
{"id": "units_001010", "topic": "units", "subtopic": "kg_g", "prompt": "An item costs $18.99 per kg. You take 500 g. About how much is that?", "split": "test", "exact_value": 9.5}
{"id": "units_001011", "topic": "units", "subtopic": "kg_g", "prompt": "An item costs $14.56 per kg. You take 350 g. About how much is that?", "split": "test", "exact_value": 5.1}
{"id": "units_001012", "topic": "units", "subtopic": "lb_oz", "prompt": "You buy 1.15 lb at $13.03 per lb. About how much is that total?", "split": "test", "exact_value": 14.98}
{"id": "units_001013", "topic": "units", "subtopic": "lb_oz", "prompt": "You buy 3.07 lb at $13.93 per lb. About how much is that total?", "split": "test", "exact_value": 42.77}
{"id": "units_001014", "topic": "units", "subtopic": "lb_oz", "prompt": "You buy 3.88 lb at $4.25 per lb. About how much is that total?", "split": "test", "exact_value": 16.49}
{"id": "units_001015", "topic": "units", "subtopic": "kg_g", "prompt": "An item costs $8.04 per kg. You take 350 g. About how much is that?", "split": "test", "exact_value": 2.81}
{"id": "units_001016", "topic": "units", "subtopic": "kg_g", "prompt": "An item costs $13.15 per kg. You take 300 g. About how much is that?", "split": "test", "exact_value": 3.95}
{"id": "units_001017", "topic": "units", "subtopic": "lb_oz", "prompt": "You buy 3.09 lb at $11.29 per lb. About how much is that total?", "split": "test", "exact_value": 34.89}
{"id": "units_001018", "topic": "units", "subtopic": "kg_g", "prompt": "An item costs $19.02 per kg. You take 900 g. About how much is that?", "split": "test", "exact_value": 17.12}
{"id": "units_001019", "topic": "units", "subtopic": "lb_oz", "prompt": "You buy 4.41 lb at $3.34 per lb. About how much is that total?", "split": "test", "exact_value": 14.73}
{"id": "units_001020", "topic": "units", "subtopic": "kg_g", "prompt": "An item costs $10.30 per kg. You take 750 g. About how much is that?", "split": "test", "exact_value": 7.73}
{"id": "units_001021", "topic": "units", "subtopic": "kg_g", "prompt": "An item costs $18.64 per kg. You take 500 g. About how much is that?", "split": "test", "exact_value": 9.32}
{"id": "units_001022", "topic": "units", "subtopic": "kg_g", "prompt": "An item costs $9.26 per kg. You take 400 g. About how much is that?", "split": "test", "exact_value": 3.7}
{"id": "units_001023", "topic": "units", "subtopic": "lb_oz", "prompt": "You buy 4.79 lb at $8.74 per lb. About how much is that total?", "split": "test", "exact_value": 41.86}
{"id": "units_001024", "topic": "units", "subtopic": "kg_g", "prompt": "An item costs $10.47 per kg. You take 250 g. About how much is that?", "split": "test", "exact_value": 2.62}
{"id": "units_001025", "topic": "units", "subtopic": "kg_g", "prompt": "An item costs $6.15 per kg. You take 400 g. About how much is that?", "split": "test", "exact_value": 2.46}
{"id": "units_001026", "topic": "units", "subtopic": "kg_g", "prompt": "An item costs $15.66 per kg. You take 900 g. About how much is that?", "split": "test", "exact_value": 14.09}
{"id": "units_001027", "topic": "units", "subtopic": "kg_g", "prompt": "An item costs $17.61 per kg. You take 900 g. About how much is that?", "split": "test", "exact_value": 15.85}
{"id": "units_001028", "topic": "units", "subtopic": "kg_g", "prompt": "An item costs $8.20 per kg. You take 300 g. About how much is that?", "split": "test", "exact_value": 2.46}
{"id": "units_001029", "topic": "units", "subtopic": "lb_oz", "prompt": "You buy 3.49 lb at $9.69 per lb. About how much is that total?", "split": "test", "exact_value": 33.82}
{"id": "units_001030", "topic": "units", "subtopic": "lb_oz", "prompt": "You buy 3.77 lb at $8.23 per lb. About how much is that total?", "split": "test", "exact_value": 31.03}
{"id": "units_001031", "topic": "units", "subtopic": "lb_oz", "prompt": "You buy 5.22 lb at $7.26 per lb. About how much is that total?", "split": "test", "exact_value": 37.9}
{"id": "units_001032", "topic": "units", "subtopic": "kg_g", "prompt": "An item costs $4.07 per kg. You take 300 g. About how much is that?", "split": "test", "exact_value": 1.22}
{"id": "units_001033", "topic": "units", "subtopic": "lb_oz", "prompt": "You buy 1.14 lb at $12.27 per lb. About how much is that total?", "split": "test", "exact_value": 13.99}
{"id": "units_001034", "topic": "units", "subtopic": "lb_oz", "prompt": "You buy 3.84 lb at $4.63 per lb. About how much is that total?", "split": "test", "exact_value": 17.78}
{"id": "units_001035", "topic": "units", "subtopic": "kg_g", "prompt": "An item costs $11.72 per kg. You take 400 g. About how much is that?", "split": "test", "exact_value": 4.69}
{"id": "units_001036", "topic": "units", "subtopic": "kg_g", "prompt": "An item costs $6.11 per kg. You take 400 g. About how much is that?", "split": "test", "exact_value": 2.44}
{"id": "units_001037", "topic": "units", "subtopic": "kg_g", "prompt": "An item costs $12.96 per kg. You take 500 g. About how much is that?", "split": "test", "exact_value": 6.48}
{"id": "units_001038", "topic": "units", "subtopic": "lb_oz", "prompt": "You buy 4.57 lb at $5.59 per lb. About how much is that total?", "split": "test", "exact_value": 25.55}
{"id": "units_001039", "topic": "units", "subtopic": "kg_g", "prompt": "An item costs $7.13 per kg. You take 400 g. About how much is that?", "split": "test", "exact_value": 2.85}
{"id": "units_001040", "topic": "units", "subtopic": "lb_oz", "prompt": "You buy 1.32 lb at $8.51 per lb. About how much is that total?", "split": "test", "exact_value": 11.23}
{"id": "units_001041", "topic": "units", "subtopic": "lb_oz", "prompt": "You buy 1.84 lb at $5.97 per lb. About how much is that total?", "split": "test", "exact_value": 10.98}
{"id": "units_001042", "topic": "units", "subtopic": "kg_g", "prompt": "An item costs $18.17 per kg. You take 300 g. About how much is that?", "split": "test", "exact_value": 5.45}
{"id": "units_001043", "topic": "units", "subtopic": "lb_oz", "prompt": "You buy 1.71 lb at $12.06 per lb. About how much is that total?", "split": "test", "exact_value": 20.62}
{"id": "units_001044", "topic": "units", "subtopic": "lb_oz", "prompt": "You buy 4.7 lb at $14.47 per lb. About how much is that total?", "split": "test", "exact_value": 68.01}
{"id": "units_001045", "topic": "units", "subtopic": "kg_g", "prompt": "An item costs $7.84 per kg. You take 350 g. About how much is that?", "split": "test", "exact_value": 2.74}
{"id": "units_001046", "topic": "units", "subtopic": "lb_oz", "prompt": "You buy 5.35 lb at $11.88 per lb. About how much is that total?", "split": "test", "exact_value": 63.56}
{"id": "units_001047", "topic": "units", "subtopic": "kg_g", "prompt": "An item costs $4.66 per kg. You take 750 g. About how much is that?", "split": "test", "exact_value": 3.5}
{"id": "units_001048", "topic": "units", "subtopic": "kg_g", "prompt": "An item costs $7.00 per kg. You take 500 g. About how much is that?", "split": "test", "exact_value": 3.5}
{"id": "units_001049", "topic": "units", "subtopic": "kg_g", "prompt": "An item costs $18.06 per kg. You take 350 g. About how much is that?", "split": "test", "exact_value": 6.32}
{"id": "units_001050", "topic": "units", "subtopic": "lb_oz", "prompt": "You buy 1.9 lb at $4.11 per lb. About how much is that total?", "split": "test", "exact_value": 7.81}
{"id": "units_001051", "topic": "units", "subtopic": "kg_g", "prompt": "An item costs $17.36 per kg. You take 350 g. About how much is that?", "split": "test", "exact_value": 6.08}
{"id": "units_001052", "topic": "units", "subtopic": "kg_g", "prompt": "An item costs $19.64 per kg. You take 350 g. About how much is that?", "split": "test", "exact_value": 6.87}
{"id": "units_001053", "topic": "units", "subtopic": "kg_g", "prompt": "An item costs $7.22 per kg. You take 900 g. About how much is that?", "split": "test", "exact_value": 6.5}
{"id": "units_001054", "topic": "units", "subtopic": "kg_g", "prompt": "An item costs $17.69 per kg. You take 250 g. About how much is that?", "split": "test", "exact_value": 4.42}
{"id": "units_001055", "topic": "units", "subtopic": "kg_g", "prompt": "An item costs $16.16 per kg. You take 500 g. About how much is that?", "split": "test", "exact_value": 8.08}
{"id": "units_001056", "topic": "units", "subtopic": "lb_oz", "prompt": "You buy 2.79 lb at $9.90 per lb. About how much is that total?", "split": "test", "exact_value": 27.62}
{"id": "units_001057", "topic": "units", "subtopic": "lb_oz", "prompt": "You buy 2.51 lb at $10.23 per lb. About how much is that total?", "split": "test", "exact_value": 25.68}
{"id": "units_001058", "topic": "units", "subtopic": "kg_g", "prompt": "An item costs $19.62 per kg. You take 350 g. About how much is that?", "split": "test", "exact_value": 6.87}
{"id": "units_001059", "topic": "units", "subtopic": "kg_g", "prompt": "An item costs $19.12 per kg. You take 300 g. About how much is that?", "split": "test", "exact_value": 5.74}
{"id": "units_001060", "topic": "units", "subtopic": "kg_g", "prompt": "An item costs $5.50 per kg. You take 250 g. About how much is that?", "split": "test", "exact_value": 1.38}
{"id": "units_001061", "topic": "units", "subtopic": "lb_oz", "prompt": "You buy 1.88 lb at $12.27 per lb. About how much is that total?", "split": "test", "exact_value": 23.07}
{"id": "units_001062", "topic": "units", "subtopic": "kg_g", "prompt": "An item costs $11.51 per kg. You take 400 g. About how much is that?", "split": "test", "exact_value": 4.6}
{"id": "units_001063", "topic": "units", "subtopic": "lb_oz", "prompt": "You buy 3.35 lb at $14.06 per lb. About how much is that total?", "split": "test", "exact_value": 47.1}
{"id": "units_001064", "topic": "units", "subtopic": "lb_oz", "prompt": "You buy 1.1 lb at $6.51 per lb. About how much is that total?", "split": "test", "exact_value": 7.16}
{"id": "units_001065", "topic": "units", "subtopic": "kg_g", "prompt": "An item costs $19.45 per kg. You take 350 g. About how much is that?", "split": "test", "exact_value": 6.81}
{"id": "units_001066", "topic": "units", "subtopic": "kg_g", "prompt": "An item costs $13.99 per kg. You take 350 g. About how much is that?", "split": "test", "exact_value": 4.9}
{"id": "units_001067", "topic": "units", "subtopic": "lb_oz", "prompt": "You buy 5.21 lb at $3.37 per lb. About how much is that total?", "split": "test", "exact_value": 17.56}
{"id": "units_001068", "topic": "units", "subtopic": "lb_oz", "prompt": "You buy 5.44 lb at $12.65 per lb. About how much is that total?", "split": "test", "exact_value": 68.82}
{"id": "units_001069", "topic": "units", "subtopic": "kg_g", "prompt": "An item costs $14.58 per kg. You take 900 g. About how much is that?", "split": "test", "exact_value": 13.12}
{"id": "units_001070", "topic": "units", "subtopic": "lb_oz", "prompt": "You buy 2.83 lb at $11.12 per lb. About how much is that total?", "split": "test", "exact_value": 31.47}
{"id": "units_001071", "topic": "units", "subtopic": "lb_oz", "prompt": "You buy 3.28 lb at $7.64 per lb. About how much is that total?", "split": "test", "exact_value": 25.06}
{"id": "units_001072", "topic": "units", "subtopic": "lb_oz", "prompt": "You buy 1.86 lb at $5.77 per lb. About how much is that total?", "split": "test", "exact_value": 10.73}
{"id": "units_001073", "topic": "units", "subtopic": "lb_oz", "prompt": "You buy 1.95 lb at $4.41 per lb. About how much is that total?", "split": "test", "exact_value": 8.6}
{"id": "units_001074", "topic": "units", "subtopic": "kg_g", "prompt": "An item costs $11.02 per kg. You take 500 g. About how much is that?", "split": "test", "exact_value": 5.51}
{"id": "units_001075", "topic": "units", "subtopic": "kg_g", "prompt": "An item costs $11.18 per kg. You take 250 g. About how much is that?", "split": "test", "exact_value": 2.8}
{"id": "units_001076", "topic": "units", "subtopic": "lb_oz", "prompt": "You buy 4.95 lb at $7.61 per lb. About how much is that total?", "split": "test", "exact_value": 37.67}
{"id": "units_001077", "topic": "units", "subtopic": "lb_oz", "prompt": "You buy 0.87 lb at $9.58 per lb. About how much is that total?", "split": "test", "exact_value": 8.33}
{"id": "units_001078", "topic": "units", "subtopic": "lb_oz", "prompt": "You buy 3.73 lb at $13.08 per lb. About how much is that total?", "split": "test", "exact_value": 48.79}
{"id": "units_001079", "topic": "units", "subtopic": "lb_oz", "prompt": "You buy 3.2 lb at $4.98 per lb. About how much is that total?", "split": "test", "exact_value": 15.94}
{"id": "units_001080", "topic": "units", "subtopic": "kg_g", "prompt": "An item costs $18.58 per kg. You take 300 g. About how much is that?", "split": "test", "exact_value": 5.57}
{"id": "units_001081", "topic": "units", "subtopic": "kg_g", "prompt": "An item costs $13.23 per kg. You take 750 g. About how much is that?", "split": "test", "exact_value": 9.92}
{"id": "units_001082", "topic": "units", "subtopic": "lb_oz", "prompt": "You buy 2.72 lb at $10.48 per lb. About how much is that total?", "split": "test", "exact_value": 28.51}
{"id": "units_001083", "topic": "units", "subtopic": "kg_g", "prompt": "An item costs $5.59 per kg. You take 750 g. About how much is that?", "split": "test", "exact_value": 4.19}
{"id": "units_001084", "topic": "units", "subtopic": "kg_g", "prompt": "An item costs $14.83 per kg. You take 500 g. About how much is that?", "split": "test", "exact_value": 7.42}
{"id": "units_001085", "topic": "units", "subtopic": "kg_g", "prompt": "An item costs $18.00 per kg. You take 300 g. About how much is that?", "split": "test", "exact_value": 5.4}
{"id": "units_001086", "topic": "units", "subtopic": "kg_g", "prompt": "An item costs $15.40 per kg. You take 250 g. About how much is that?", "split": "test", "exact_value": 3.85}
{"id": "units_001087", "topic": "units", "subtopic": "kg_g", "prompt": "An item costs $7.42 per kg. You take 400 g. About how much is that?", "split": "test", "exact_value": 2.97}
{"id": "units_001088", "topic": "units", "subtopic": "lb_oz", "prompt": "You buy 2.26 lb at $4.48 per lb. About how much is that total?", "split": "test", "exact_value": 10.12}
{"id": "units_001089", "topic": "units", "subtopic": "kg_g", "prompt": "An item costs $19.53 per kg. You take 250 g. About how much is that?", "split": "test", "exact_value": 4.88}
{"id": "units_001090", "topic": "units", "subtopic": "kg_g", "prompt": "An item costs $17.14 per kg. You take 400 g. About how much is that?", "split": "test", "exact_value": 6.86}
{"id": "units_001091", "topic": "units", "subtopic": "kg_g", "prompt": "An item costs $8.07 per kg. You take 750 g. About how much is that?", "split": "test", "exact_value": 6.05}
{"id": "units_001092", "topic": "units", "subtopic": "lb_oz", "prompt": "You buy 2.18 lb at $6.24 per lb. About how much is that total?", "split": "test", "exact_value": 13.6}
{"id": "units_001093", "topic": "units", "subtopic": "lb_oz", "prompt": "You buy 4.54 lb at $3.70 per lb. About how much is that total?", "split": "test", "exact_value": 16.8}
{"id": "units_001094", "topic": "units", "subtopic": "lb_oz", "prompt": "You buy 2.53 lb at $12.40 per lb. About how much is that total?", "split": "test", "exact_value": 31.37}
{"id": "units_001095", "topic": "units", "subtopic": "lb_oz", "prompt": "You buy 4.76 lb at $4.78 per lb. About how much is that total?", "split": "test", "exact_value": 22.75}
{"id": "units_001096", "topic": "units", "subtopic": "lb_oz", "prompt": "You buy 2.83 lb at $3.60 per lb. About how much is that total?", "split": "test", "exact_value": 10.19}
{"id": "units_001097", "topic": "units", "subtopic": "lb_oz", "prompt": "You buy 5.96 lb at $8.32 per lb. About how much is that total?", "split": "test", "exact_value": 49.59}
{"id": "units_001098", "topic": "units", "subtopic": "kg_g", "prompt": "An item costs $6.53 per kg. You take 400 g. About how much is that?", "split": "test", "exact_value": 2.61}
{"id": "units_001099", "topic": "units", "subtopic": "lb_oz", "prompt": "You buy 3.59 lb at $5.11 per lb. About how much is that total?", "split": "test", "exact_value": 18.34}
{"id": "units_001100", "topic": "units", "subtopic": "kg_g", "prompt": "An item costs $15.98 per kg. You take 350 g. About how much is that?", "split": "test", "exact_value": 5.59}
{"id": "units_001101", "topic": "units", "subtopic": "lb_oz", "prompt": "You buy 1.63 lb at $8.43 per lb. About how much is that total?", "split": "test", "exact_value": 13.74}
{"id": "units_001102", "topic": "units", "subtopic": "kg_g", "prompt": "An item costs $8.13 per kg. You take 500 g. About how much is that?", "split": "test", "exact_value": 4.07}
{"id": "units_001103", "topic": "units", "subtopic": "kg_g", "prompt": "An item costs $13.20 per kg. You take 750 g. About how much is that?", "split": "test", "exact_value": 9.9}
{"id": "units_001104", "topic": "units", "subtopic": "lb_oz", "prompt": "You buy 2.56 lb at $13.74 per lb. About how much is that total?", "split": "test", "exact_value": 35.17}
{"id": "units_001105", "topic": "units", "subtopic": "kg_g", "prompt": "An item costs $15.02 per kg. You take 900 g. About how much is that?", "split": "test", "exact_value": 13.52}
{"id": "units_001106", "topic": "units", "subtopic": "kg_g", "prompt": "An item costs $10.52 per kg. You take 900 g. About how much is that?", "split": "test", "exact_value": 9.47}
{"id": "units_001107", "topic": "units", "subtopic": "kg_g", "prompt": "An item costs $19.86 per kg. You take 400 g. About how much is that?", "split": "test", "exact_value": 7.94}
{"id": "units_001108", "topic": "units", "subtopic": "kg_g", "prompt": "An item costs $12.13 per kg. You take 900 g. About how much is that?", "split": "test", "exact_value": 10.92}
{"id": "units_001109", "topic": "units", "subtopic": "kg_g", "prompt": "An item costs $17.37 per kg. You take 750 g. About how much is that?", "split": "test", "exact_value": 13.03}
{"id": "units_001110", "topic": "units", "subtopic": "lb_oz", "prompt": "You buy 3.16 lb at $14.45 per lb. About how much is that total?", "split": "test", "exact_value": 45.66}
{"id": "units_001111", "topic": "units", "subtopic": "lb_oz", "prompt": "You buy 5.12 lb at $13.91 per lb. About how much is that total?", "split": "test", "exact_value": 71.22}
{"id": "units_001112", "topic": "units", "subtopic": "kg_g", "prompt": "An item costs $6.99 per kg. You take 500 g. About how much is that?", "split": "test", "exact_value": 3.5}
{"id": "units_001113", "topic": "units", "subtopic": "lb_oz", "prompt": "You buy 4.43 lb at $7.25 per lb. About how much is that total?", "split": "test", "exact_value": 32.12}
{"id": "units_001114", "topic": "units", "subtopic": "lb_oz", "prompt": "You buy 4.31 lb at $12.54 per lb. About how much is that total?", "split": "test", "exact_value": 54.05}
{"id": "units_001115", "topic": "units", "subtopic": "kg_g", "prompt": "An item costs $11.34 per kg. You take 500 g. About how much is that?", "split": "test", "exact_value": 5.67}
{"id": "units_001116", "topic": "units", "subtopic": "kg_g", "prompt": "An item costs $7.11 per kg. You take 400 g. About how much is that?", "split": "test", "exact_value": 2.84}
{"id": "units_001117", "topic": "units", "subtopic": "lb_oz", "prompt": "You buy 1.09 lb at $12.20 per lb. About how much is that total?", "split": "test", "exact_value": 13.3}
{"id": "units_001118", "topic": "units", "subtopic": "kg_g", "prompt": "An item costs $18.84 per kg. You take 750 g. About how much is that?", "split": "test", "exact_value": 14.13}
{"id": "units_001119", "topic": "units", "subtopic": "lb_oz", "prompt": "You buy 5.8 lb at $6.08 per lb. About how much is that total?", "split": "test", "exact_value": 35.26}
{"id": "units_001120", "topic": "units", "subtopic": "lb_oz", "prompt": "You buy 5.75 lb at $7.19 per lb. About how much is that total?", "split": "test", "exact_value": 41.34}
{"id": "units_001121", "topic": "units", "subtopic": "lb_oz", "prompt": "You buy 1.17 lb at $3.55 per lb. About how much is that total?", "split": "test", "exact_value": 4.15}
{"id": "units_001122", "topic": "units", "subtopic": "lb_oz", "prompt": "You buy 2.68 lb at $7.90 per lb. About how much is that total?", "split": "test", "exact_value": 21.17}
{"id": "units_001123", "topic": "units", "subtopic": "kg_g", "prompt": "An item costs $11.43 per kg. You take 300 g. About how much is that?", "split": "test", "exact_value": 3.43}
{"id": "units_001124", "topic": "units", "subtopic": "kg_g", "prompt": "An item costs $16.41 per kg. You take 250 g. About how much is that?", "split": "test", "exact_value": 4.1}
{"id": "units_001125", "topic": "units", "subtopic": "kg_g", "prompt": "An item costs $5.76 per kg. You take 300 g. About how much is that?", "split": "test", "exact_value": 1.73}
{"id": "units_001126", "topic": "units", "subtopic": "kg_g", "prompt": "An item costs $13.20 per kg. You take 750 g. About how much is that?", "split": "test", "exact_value": 9.9}
{"id": "units_001127", "topic": "units", "subtopic": "kg_g", "prompt": "An item costs $5.63 per kg. You take 400 g. About how much is that?", "split": "test", "exact_value": 2.25}
{"id": "units_001128", "topic": "units", "subtopic": "lb_oz", "prompt": "You buy 2.29 lb at $11.89 per lb. About how much is that total?", "split": "test", "exact_value": 27.23}
{"id": "units_001129", "topic": "units", "subtopic": "kg_g", "prompt": "An item costs $17.96 per kg. You take 900 g. About how much is that?", "split": "test", "exact_value": 16.16}
{"id": "units_001130", "topic": "units", "subtopic": "kg_g", "prompt": "An item costs $6.85 per kg. You take 750 g. About how much is that?", "split": "test", "exact_value": 5.14}
{"id": "units_001131", "topic": "units", "subtopic": "kg_g", "prompt": "An item costs $6.51 per kg. You take 750 g. About how much is that?", "split": "test", "exact_value": 4.88}
{"id": "units_001132", "topic": "units", "subtopic": "lb_oz", "prompt": "You buy 1.66 lb at $11.24 per lb. About how much is that total?", "split": "test", "exact_value": 18.66}
{"id": "units_001133", "topic": "units", "subtopic": "lb_oz", "prompt": "You buy 4.46 lb at $8.83 per lb. About how much is that total?", "split": "test", "exact_value": 39.38}
{"id": "units_001134", "topic": "units", "subtopic": "kg_g", "prompt": "An item costs $10.35 per kg. You take 900 g. About how much is that?", "split": "test", "exact_value": 9.32}
{"id": "units_001135", "topic": "units", "subtopic": "lb_oz", "prompt": "You buy 2.91 lb at $13.17 per lb. About how much is that total?", "split": "test", "exact_value": 38.32}
{"id": "units_001136", "topic": "units", "subtopic": "lb_oz", "prompt": "You buy 2.22 lb at $11.85 per lb. About how much is that total?", "split": "test", "exact_value": 26.31}
{"id": "units_001137", "topic": "units", "subtopic": "lb_oz", "prompt": "You buy 5.91 lb at $7.75 per lb. About how much is that total?", "split": "test", "exact_value": 45.8}
{"id": "units_001138", "topic": "units", "subtopic": "lb_oz", "prompt": "You buy 2.25 lb at $9.88 per lb. About how much is that total?", "split": "test", "exact_value": 22.23}
{"id": "units_001139", "topic": "units", "subtopic": "kg_g", "prompt": "An item costs $19.92 per kg. You take 350 g. About how much is that?", "split": "test", "exact_value": 6.97}
{"id": "units_001140", "topic": "units", "subtopic": "kg_g", "prompt": "An item costs $6.01 per kg. You take 400 g. About how much is that?", "split": "test", "exact_value": 2.4}
{"id": "units_001141", "topic": "units", "subtopic": "lb_oz", "prompt": "You buy 2.61 lb at $12.90 per lb. About how much is that total?", "split": "test", "exact_value": 33.67}
{"id": "units_001142", "topic": "units", "subtopic": "kg_g", "prompt": "An item costs $19.81 per kg. You take 500 g. About how much is that?", "split": "test", "exact_value": 9.91}
{"id": "units_001143", "topic": "units", "subtopic": "lb_oz", "prompt": "You buy 0.75 lb at $14.76 per lb. About how much is that total?", "split": "test", "exact_value": 11.07}
{"id": "units_001144", "topic": "units", "subtopic": "lb_oz", "prompt": "You buy 0.62 lb at $8.22 per lb. About how much is that total?", "split": "test", "exact_value": 5.1}
{"id": "units_001145", "topic": "units", "subtopic": "lb_oz", "prompt": "You buy 4.88 lb at $6.83 per lb. About how much is that total?", "split": "test", "exact_value": 33.33}
{"id": "units_001146", "topic": "units", "subtopic": "kg_g", "prompt": "An item costs $4.52 per kg. You take 900 g. About how much is that?", "split": "test", "exact_value": 4.07}
{"id": "units_001147", "topic": "units", "subtopic": "lb_oz", "prompt": "You buy 0.86 lb at $7.70 per lb. About how much is that total?", "split": "test", "exact_value": 6.62}
{"id": "units_001148", "topic": "units", "subtopic": "kg_g", "prompt": "An item costs $4.46 per kg. You take 500 g. About how much is that?", "split": "test", "exact_value": 2.23}
{"id": "units_001149", "topic": "units", "subtopic": "kg_g", "prompt": "An item costs $7.61 per kg. You take 900 g. About how much is that?", "split": "test", "exact_value": 6.85}
{"id": "units_001150", "topic": "units", "subtopic": "lb_oz", "prompt": "You buy 4.74 lb at $4.85 per lb. About how much is that total?", "split": "test", "exact_value": 22.99}
{"id": "units_001151", "topic": "units", "subtopic": "lb_oz", "prompt": "You buy 4.42 lb at $12.78 per lb. About how much is that total?", "split": "test", "exact_value": 56.49}
{"id": "units_001152", "topic": "units", "subtopic": "kg_g", "prompt": "An item costs $11.01 per kg. You take 400 g. About how much is that?", "split": "test", "exact_value": 4.4}
{"id": "units_001153", "topic": "units", "subtopic": "kg_g", "prompt": "An item costs $8.57 per kg. You take 250 g. About how much is that?", "split": "test", "exact_value": 2.14}
{"id": "units_001154", "topic": "units", "subtopic": "kg_g", "prompt": "An item costs $7.74 per kg. You take 750 g. About how much is that?", "split": "test", "exact_value": 5.81}
{"id": "units_001155", "topic": "units", "subtopic": "lb_oz", "prompt": "You buy 3.95 lb at $6.32 per lb. About how much is that total?", "split": "test", "exact_value": 24.96}
{"id": "units_001156", "topic": "units", "subtopic": "lb_oz", "prompt": "You buy 2.77 lb at $11.29 per lb. About how much is that total?", "split": "test", "exact_value": 31.27}
{"id": "units_001157", "topic": "units", "subtopic": "kg_g", "prompt": "An item costs $7.53 per kg. You take 300 g. About how much is that?", "split": "test", "exact_value": 2.26}
{"id": "units_001158", "topic": "units", "subtopic": "lb_oz", "prompt": "You buy 3.25 lb at $14.33 per lb. About how much is that total?", "split": "test", "exact_value": 46.57}
{"id": "units_001159", "topic": "units", "subtopic": "kg_g", "prompt": "An item costs $18.61 per kg. You take 400 g. About how much is that?", "split": "test", "exact_value": 7.44}
{"id": "units_001160", "topic": "units", "subtopic": "lb_oz", "prompt": "You buy 5.39 lb at $7.38 per lb. About how much is that total?", "split": "test", "exact_value": 39.78}
{"id": "units_001161", "topic": "units", "subtopic": "lb_oz", "prompt": "You buy 3.36 lb at $14.70 per lb. About how much is that total?", "split": "test", "exact_value": 49.39}
{"id": "units_001162", "topic": "units", "subtopic": "kg_g", "prompt": "An item costs $11.24 per kg. You take 300 g. About how much is that?", "split": "test", "exact_value": 3.37}
{"id": "units_001163", "topic": "units", "subtopic": "lb_oz", "prompt": "You buy 4.77 lb at $5.67 per lb. About how much is that total?", "split": "test", "exact_value": 27.05}
{"id": "units_001164", "topic": "units", "subtopic": "kg_g", "prompt": "An item costs $17.71 per kg. You take 900 g. About how much is that?", "split": "test", "exact_value": 15.94}
{"id": "units_001165", "topic": "units", "subtopic": "kg_g", "prompt": "An item costs $8.74 per kg. You take 350 g. About how much is that?", "split": "test", "exact_value": 3.06}
{"id": "units_001166", "topic": "units", "subtopic": "kg_g", "prompt": "An item costs $6.12 per kg. You take 250 g. About how much is that?", "split": "test", "exact_value": 1.53}
{"id": "units_001167", "topic": "units", "subtopic": "kg_g", "prompt": "An item costs $5.90 per kg. You take 400 g. About how much is that?", "split": "test", "exact_value": 2.36}
{"id": "units_001168", "topic": "units", "subtopic": "lb_oz", "prompt": "You buy 2.41 lb at $14.90 per lb. About how much is that total?", "split": "test", "exact_value": 35.91}
{"id": "units_001169", "topic": "units", "subtopic": "kg_g", "prompt": "An item costs $19.70 per kg. You take 250 g. About how much is that?", "split": "test", "exact_value": 4.93}
{"id": "units_001170", "topic": "units", "subtopic": "kg_g", "prompt": "An item costs $19.41 per kg. You take 300 g. About how much is that?", "split": "test", "exact_value": 5.82}
{"id": "units_001171", "topic": "units", "subtopic": "kg_g", "prompt": "An item costs $4.57 per kg. You take 400 g. About how much is that?", "split": "test", "exact_value": 1.83}
{"id": "units_001172", "topic": "units", "subtopic": "kg_g", "prompt": "An item costs $18.22 per kg. You take 350 g. About how much is that?", "split": "test", "exact_value": 6.38}
{"id": "units_001173", "topic": "units", "subtopic": "kg_g", "prompt": "An item costs $5.47 per kg. You take 900 g. About how much is that?", "split": "test", "exact_value": 4.92}
{"id": "units_001174", "topic": "units", "subtopic": "lb_oz", "prompt": "You buy 4.2 lb at $7.11 per lb. About how much is that total?", "split": "test", "exact_value": 29.86}
{"id": "units_001175", "topic": "units", "subtopic": "kg_g", "prompt": "An item costs $14.48 per kg. You take 350 g. About how much is that?", "split": "test", "exact_value": 5.07}
{"id": "units_001176", "topic": "units", "subtopic": "kg_g", "prompt": "An item costs $13.54 per kg. You take 900 g. About how much is that?", "split": "test", "exact_value": 12.19}
{"id": "units_001177", "topic": "units", "subtopic": "kg_g", "prompt": "An item costs $7.93 per kg. You take 400 g. About how much is that?", "split": "test", "exact_value": 3.17}
{"id": "units_001178", "topic": "units", "subtopic": "lb_oz", "prompt": "You buy 4.06 lb at $3.41 per lb. About how much is that total?", "split": "test", "exact_value": 13.84}
{"id": "units_001179", "topic": "units", "subtopic": "kg_g", "prompt": "An item costs $14.64 per kg. You take 250 g. About how much is that?", "split": "test", "exact_value": 3.66}
{"id": "units_001180", "topic": "units", "subtopic": "kg_g", "prompt": "An item costs $5.39 per kg. You take 900 g. About how much is that?", "split": "test", "exact_value": 4.85}
{"id": "units_001181", "topic": "units", "subtopic": "kg_g", "prompt": "An item costs $15.11 per kg. You take 350 g. About how much is that?", "split": "test", "exact_value": 5.29}
{"id": "units_001182", "topic": "units", "subtopic": "lb_oz", "prompt": "You buy 1.6 lb at $13.38 per lb. About how much is that total?", "split": "test", "exact_value": 21.41}
{"id": "units_001183", "topic": "units", "subtopic": "kg_g", "prompt": "An item costs $13.40 per kg. You take 300 g. About how much is that?", "split": "test", "exact_value": 4.02}
{"id": "units_001184", "topic": "units", "subtopic": "lb_oz", "prompt": "You buy 1.45 lb at $13.01 per lb. About how much is that total?", "split": "test", "exact_value": 18.86}
{"id": "units_001185", "topic": "units", "subtopic": "lb_oz", "prompt": "You buy 5.28 lb at $6.20 per lb. About how much is that total?", "split": "test", "exact_value": 32.74}
{"id": "units_001186", "topic": "units", "subtopic": "kg_g", "prompt": "An item costs $12.47 per kg. You take 250 g. About how much is that?", "split": "test", "exact_value": 3.12}
{"id": "units_001187", "topic": "units", "subtopic": "lb_oz", "prompt": "You buy 3.21 lb at $10.48 per lb. About how much is that total?", "split": "test", "exact_value": 33.64}
{"id": "units_001188", "topic": "units", "subtopic": "lb_oz", "prompt": "You buy 5.66 lb at $4.33 per lb. About how much is that total?", "split": "test", "exact_value": 24.51}
{"id": "units_001189", "topic": "units", "subtopic": "kg_g", "prompt": "An item costs $16.20 per kg. You take 400 g. About how much is that?", "split": "test", "exact_value": 6.48}
{"id": "units_001190", "topic": "units", "subtopic": "kg_g", "prompt": "An item costs $14.92 per kg. You take 250 g. About how much is that?", "split": "test", "exact_value": 3.73}
{"id": "units_001191", "topic": "units", "subtopic": "kg_g", "prompt": "An item costs $6.37 per kg. You take 750 g. About how much is that?", "split": "test", "exact_value": 4.78}
{"id": "units_001192", "topic": "units", "subtopic": "kg_g", "prompt": "An item costs $16.31 per kg. You take 300 g. About how much is that?", "split": "test", "exact_value": 4.89}
{"id": "units_001193", "topic": "units", "subtopic": "lb_oz", "prompt": "You buy 1.2 lb at $12.74 per lb. About how much is that total?", "split": "test", "exact_value": 15.29}
{"id": "units_001194", "topic": "units", "subtopic": "kg_g", "prompt": "An item costs $18.44 per kg. You take 900 g. About how much is that?", "split": "test", "exact_value": 16.6}
{"id": "units_001195", "topic": "units", "subtopic": "kg_g", "prompt": "An item costs $4.62 per kg. You take 750 g. About how much is that?", "split": "test", "exact_value": 3.47}
{"id": "units_001196", "topic": "units", "subtopic": "lb_oz", "prompt": "You buy 0.51 lb at $14.75 per lb. About how much is that total?", "split": "test", "exact_value": 7.52}
{"id": "units_001197", "topic": "units", "subtopic": "kg_g", "prompt": "An item costs $12.44 per kg. You take 250 g. About how much is that?", "split": "test", "exact_value": 3.11}
{"id": "units_001198", "topic": "units", "subtopic": "lb_oz", "prompt": "You buy 2.94 lb at $9.98 per lb. About how much is that total?", "split": "test", "exact_value": 29.34}
{"id": "units_001199", "topic": "units", "subtopic": "kg_g", "prompt": "An item costs $4.69 per kg. You take 900 g. About how much is that?", "split": "test", "exact_value": 4.22}
{"id": "units_001200", "topic": "units", "subtopic": "kg_g", "prompt": "An item costs $7.93 per kg. You take 900 g. About how much is that?", "split": "test", "exact_value": 7.14}
{"id": "units_001201", "topic": "units", "subtopic": "kg_g", "prompt": "An item costs $12.85 per kg. You take 900 g. About how much is that?", "split": "test", "exact_value": 11.57}
{"id": "units_001202", "topic": "units", "subtopic": "lb_oz", "prompt": "You buy 5.42 lb at $12.70 per lb. About how much is that total?", "split": "test", "exact_value": 68.83}
{"id": "units_001203", "topic": "units", "subtopic": "lb_oz", "prompt": "You buy 5.59 lb at $8.84 per lb. About how much is that total?", "split": "test", "exact_value": 49.42}
{"id": "units_001204", "topic": "units", "subtopic": "lb_oz", "prompt": "You buy 0.58 lb at $3.09 per lb. About how much is that total?", "split": "test", "exact_value": 1.79}
{"id": "units_001205", "topic": "units", "subtopic": "lb_oz", "prompt": "You buy 3.48 lb at $6.87 per lb. About how much is that total?", "split": "test", "exact_value": 23.91}
{"id": "units_001206", "topic": "units", "subtopic": "lb_oz", "prompt": "You buy 4.1 lb at $6.95 per lb. About how much is that total?", "split": "test", "exact_value": 28.5}
{"id": "units_001207", "topic": "units", "subtopic": "lb_oz", "prompt": "You buy 1.97 lb at $9.55 per lb. About how much is that total?", "split": "test", "exact_value": 18.81}
{"id": "units_001208", "topic": "units", "subtopic": "lb_oz", "prompt": "You buy 4.42 lb at $5.59 per lb. About how much is that total?", "split": "test", "exact_value": 24.71}
{"id": "units_001209", "topic": "units", "subtopic": "lb_oz", "prompt": "You buy 0.68 lb at $7.07 per lb. About how much is that total?", "split": "test", "exact_value": 4.81}
{"id": "units_001210", "topic": "units", "subtopic": "lb_oz", "prompt": "You buy 5.41 lb at $11.33 per lb. About how much is that total?", "split": "test", "exact_value": 61.3}
{"id": "units_001211", "topic": "units", "subtopic": "kg_g", "prompt": "An item costs $10.02 per kg. You take 750 g. About how much is that?", "split": "test", "exact_value": 7.52}
{"id": "units_001212", "topic": "units", "subtopic": "lb_oz", "prompt": "You buy 4.03 lb at $7.09 per lb. About how much is that total?", "split": "test", "exact_value": 28.57}
{"id": "units_001213", "topic": "units", "subtopic": "kg_g", "prompt": "An item costs $16.96 per kg. You take 500 g. About how much is that?", "split": "test", "exact_value": 8.48}
{"id": "units_001214", "topic": "units", "subtopic": "lb_oz", "prompt": "You buy 5.79 lb at $10.61 per lb. About how much is that total?", "split": "test", "exact_value": 61.43}
{"id": "units_001215", "topic": "units", "subtopic": "lb_oz", "prompt": "You buy 1.03 lb at $14.99 per lb. About how much is that total?", "split": "test", "exact_value": 15.44}
{"id": "units_001216", "topic": "units", "subtopic": "kg_g", "prompt": "An item costs $13.08 per kg. You take 400 g. About how much is that?", "split": "test", "exact_value": 5.23}
{"id": "units_001217", "topic": "units", "subtopic": "lb_oz", "prompt": "You buy 5.78 lb at $13.67 per lb. About how much is that total?", "split": "test", "exact_value": 79.01}
{"id": "units_001218", "topic": "units", "subtopic": "lb_oz", "prompt": "You buy 5.76 lb at $4.92 per lb. About how much is that total?", "split": "test", "exact_value": 28.34}
{"id": "units_001219", "topic": "units", "subtopic": "kg_g", "prompt": "An item costs $18.48 per kg. You take 400 g. About how much is that?", "split": "test", "exact_value": 7.39}
{"id": "units_001220", "topic": "units", "subtopic": "kg_g", "prompt": "An item costs $16.40 per kg. You take 300 g. About how much is that?", "split": "test", "exact_value": 4.92}
{"id": "units_001221", "topic": "units", "subtopic": "lb_oz", "prompt": "You buy 4.27 lb at $4.78 per lb. About how much is that total?", "split": "test", "exact_value": 20.41}
{"id": "units_001222", "topic": "units", "subtopic": "kg_g", "prompt": "An item costs $13.05 per kg. You take 900 g. About how much is that?", "split": "test", "exact_value": 11.75}
{"id": "units_001223", "topic": "units", "subtopic": "lb_oz", "prompt": "You buy 1.37 lb at $7.75 per lb. About how much is that total?", "split": "test", "exact_value": 10.62}
{"id": "units_001224", "topic": "units", "subtopic": "kg_g", "prompt": "An item costs $17.08 per kg. You take 350 g. About how much is that?", "split": "test", "exact_value": 5.98}
{"id": "units_001225", "topic": "units", "subtopic": "kg_g", "prompt": "An item costs $13.35 per kg. You take 750 g. About how much is that?", "split": "test", "exact_value": 10.01}
{"id": "units_001226", "topic": "units", "subtopic": "kg_g", "prompt": "An item costs $13.57 per kg. You take 900 g. About how much is that?", "split": "test", "exact_value": 12.21}
{"id": "units_001227", "topic": "units", "subtopic": "lb_oz", "prompt": "You buy 5.24 lb at $7.66 per lb. About how much is that total?", "split": "test", "exact_value": 40.14}
{"id": "units_001228", "topic": "units", "subtopic": "lb_oz", "prompt": "You buy 1.73 lb at $3.00 per lb. About how much is that total?", "split": "test", "exact_value": 5.19}
{"id": "units_001229", "topic": "units", "subtopic": "kg_g", "prompt": "An item costs $15.91 per kg. You take 350 g. About how much is that?", "split": "test", "exact_value": 5.57}
{"id": "units_001230", "topic": "units", "subtopic": "kg_g", "prompt": "An item costs $19.49 per kg. You take 350 g. About how much is that?", "split": "test", "exact_value": 6.82}
{"id": "units_001231", "topic": "units", "subtopic": "kg_g", "prompt": "An item costs $15.44 per kg. You take 900 g. About how much is that?", "split": "test", "exact_value": 13.9}
{"id": "units_001232", "topic": "units", "subtopic": "lb_oz", "prompt": "You buy 2.65 lb at $12.10 per lb. About how much is that total?", "split": "test", "exact_value": 32.07}
{"id": "units_001233", "topic": "units", "subtopic": "kg_g", "prompt": "An item costs $17.60 per kg. You take 500 g. About how much is that?", "split": "test", "exact_value": 8.8}
{"id": "units_001234", "topic": "units", "subtopic": "lb_oz", "prompt": "You buy 2.07 lb at $5.52 per lb. About how much is that total?", "split": "test", "exact_value": 11.43}
{"id": "units_001235", "topic": "units", "subtopic": "kg_g", "prompt": "An item costs $17.58 per kg. You take 350 g. About how much is that?", "split": "test", "exact_value": 6.15}
{"id": "units_001236", "topic": "units", "subtopic": "lb_oz", "prompt": "You buy 3.63 lb at $14.12 per lb. About how much is that total?", "split": "test", "exact_value": 51.26}
{"id": "units_001237", "topic": "units", "subtopic": "kg_g", "prompt": "An item costs $8.64 per kg. You take 250 g. About how much is that?", "split": "test", "exact_value": 2.16}
{"id": "units_001238", "topic": "units", "subtopic": "kg_g", "prompt": "An item costs $8.32 per kg. You take 250 g. About how much is that?", "split": "test", "exact_value": 2.08}
{"id": "units_001239", "topic": "units", "subtopic": "kg_g", "prompt": "An item costs $6.30 per kg. You take 750 g. About how much is that?", "split": "test", "exact_value": 4.73}
{"id": "units_001240", "topic": "units", "subtopic": "kg_g", "prompt": "An item costs $7.03 per kg. You take 300 g. About how much is that?", "split": "test", "exact_value": 2.11}
{"id": "units_001241", "topic": "units", "subtopic": "lb_oz", "prompt": "You buy 0.63 lb at $13.15 per lb. About how much is that total?", "split": "test", "exact_value": 8.28}
{"id": "units_001242", "topic": "units", "subtopic": "lb_oz", "prompt": "You buy 5.41 lb at $14.91 per lb. About how much is that total?", "split": "test", "exact_value": 80.66}
{"id": "units_001243", "topic": "units", "subtopic": "kg_g", "prompt": "An item costs $10.16 per kg. You take 250 g. About how much is that?", "split": "test", "exact_value": 2.54}
{"id": "units_001244", "topic": "units", "subtopic": "lb_oz", "prompt": "You buy 5.41 lb at $7.95 per lb. About how much is that total?", "split": "test", "exact_value": 43.01}
{"id": "units_001245", "topic": "units", "subtopic": "kg_g", "prompt": "An item costs $17.03 per kg. You take 900 g. About how much is that?", "split": "test", "exact_value": 15.33}
{"id": "units_001246", "topic": "units", "subtopic": "kg_g", "prompt": "An item costs $11.83 per kg. You take 350 g. About how much is that?", "split": "test", "exact_value": 4.14}
{"id": "units_001247", "topic": "units", "subtopic": "kg_g", "prompt": "An item costs $5.89 per kg. You take 750 g. About how much is that?", "split": "test", "exact_value": 4.42}
{"id": "units_001248", "topic": "units", "subtopic": "lb_oz", "prompt": "You buy 5.2 lb at $11.24 per lb. About how much is that total?", "split": "test", "exact_value": 58.45}
{"id": "units_001249", "topic": "units", "subtopic": "lb_oz", "prompt": "You buy 2.22 lb at $9.91 per lb. About how much is that total?", "split": "test", "exact_value": 22.0}
{"id": "units_001250", "topic": "units", "subtopic": "lb_oz", "prompt": "You buy 2.53 lb at $9.21 per lb. About how much is that total?", "split": "test", "exact_value": 23.3}
{"id": "units_001251", "topic": "units", "subtopic": "kg_g", "prompt": "An item costs $17.44 per kg. You take 750 g. About how much is that?", "split": "test", "exact_value": 13.08}
{"id": "units_001252", "topic": "units", "subtopic": "kg_g", "prompt": "An item costs $12.23 per kg. You take 350 g. About how much is that?", "split": "test", "exact_value": 4.28}
{"id": "units_001253", "topic": "units", "subtopic": "lb_oz", "prompt": "You buy 0.58 lb at $10.06 per lb. About how much is that total?", "split": "test", "exact_value": 5.83}
{"id": "units_001254", "topic": "units", "subtopic": "kg_g", "prompt": "An item costs $9.96 per kg. You take 500 g. About how much is that?", "split": "test", "exact_value": 4.98}
{"id": "units_001255", "topic": "units", "subtopic": "lb_oz", "prompt": "You buy 4.15 lb at $5.12 per lb. About how much is that total?", "split": "test", "exact_value": 21.25}
{"id": "units_001256", "topic": "units", "subtopic": "kg_g", "prompt": "An item costs $16.95 per kg. You take 400 g. About how much is that?", "split": "test", "exact_value": 6.78}
{"id": "units_001257", "topic": "units", "subtopic": "kg_g", "prompt": "An item costs $15.00 per kg. You take 300 g. About how much is that?", "split": "test", "exact_value": 4.5}
{"id": "units_001258", "topic": "units", "subtopic": "lb_oz", "prompt": "You buy 1.8 lb at $7.96 per lb. About how much is that total?", "split": "test", "exact_value": 14.33}
{"id": "units_001259", "topic": "units", "subtopic": "lb_oz", "prompt": "You buy 1.77 lb at $8.63 per lb. About how much is that total?", "split": "test", "exact_value": 15.28}
{"id": "units_001260", "topic": "units", "subtopic": "kg_g", "prompt": "An item costs $5.95 per kg. You take 300 g. About how much is that?", "split": "test", "exact_value": 1.79}
{"id": "units_001261", "topic": "units", "subtopic": "kg_g", "prompt": "An item costs $19.43 per kg. You take 750 g. About how much is that?", "split": "test", "exact_value": 14.57}
{"id": "units_001262", "topic": "units", "subtopic": "kg_g", "prompt": "An item costs $17.35 per kg. You take 900 g. About how much is that?", "split": "test", "exact_value": 15.62}
{"id": "units_001263", "topic": "units", "subtopic": "lb_oz", "prompt": "You buy 5.79 lb at $4.92 per lb. About how much is that total?", "split": "test", "exact_value": 28.49}
{"id": "units_001264", "topic": "units", "subtopic": "lb_oz", "prompt": "You buy 0.6 lb at $13.72 per lb. About how much is that total?", "split": "test", "exact_value": 8.23}
{"id": "units_001265", "topic": "units", "subtopic": "kg_g", "prompt": "An item costs $11.94 per kg. You take 750 g. About how much is that?", "split": "test", "exact_value": 8.96}
{"id": "units_001266", "topic": "units", "subtopic": "lb_oz", "prompt": "You buy 3.6 lb at $8.04 per lb. About how much is that total?", "split": "test", "exact_value": 28.94}
{"id": "units_001267", "topic": "units", "subtopic": "kg_g", "prompt": "An item costs $17.87 per kg. You take 250 g. About how much is that?", "split": "test", "exact_value": 4.47}
{"id": "units_001268", "topic": "units", "subtopic": "lb_oz", "prompt": "You buy 4.13 lb at $11.98 per lb. About how much is that total?", "split": "test", "exact_value": 49.48}
{"id": "units_001269", "topic": "units", "subtopic": "kg_g", "prompt": "An item costs $8.27 per kg. You take 300 g. About how much is that?", "split": "test", "exact_value": 2.48}
{"id": "units_001270", "topic": "units", "subtopic": "kg_g", "prompt": "An item costs $14.66 per kg. You take 350 g. About how much is that?", "split": "test", "exact_value": 5.13}
{"id": "units_001271", "topic": "units", "subtopic": "lb_oz", "prompt": "You buy 5.11 lb at $14.92 per lb. About how much is that total?", "split": "test", "exact_value": 76.24}
{"id": "units_001272", "topic": "units", "subtopic": "kg_g", "prompt": "An item costs $15.13 per kg. You take 500 g. About how much is that?", "split": "test", "exact_value": 7.57}
{"id": "units_001273", "topic": "units", "subtopic": "lb_oz", "prompt": "You buy 1.69 lb at $3.36 per lb. About how much is that total?", "split": "test", "exact_value": 5.68}
{"id": "units_001274", "topic": "units", "subtopic": "lb_oz", "prompt": "You buy 1.18 lb at $11.82 per lb. About how much is that total?", "split": "test", "exact_value": 13.95}
{"id": "units_001275", "topic": "units", "subtopic": "kg_g", "prompt": "An item costs $17.40 per kg. You take 750 g. About how much is that?", "split": "test", "exact_value": 13.05}
{"id": "units_001276", "topic": "units", "subtopic": "kg_g", "prompt": "An item costs $19.45 per kg. You take 900 g. About how much is that?", "split": "test", "exact_value": 17.51}
{"id": "units_001277", "topic": "units", "subtopic": "lb_oz", "prompt": "You buy 2.82 lb at $13.65 per lb. About how much is that total?", "split": "test", "exact_value": 38.49}
{"id": "units_001278", "topic": "units", "subtopic": "kg_g", "prompt": "An item costs $19.35 per kg. You take 350 g. About how much is that?", "split": "test", "exact_value": 6.77}
{"id": "units_001279", "topic": "units", "subtopic": "kg_g", "prompt": "An item costs $11.70 per kg. You take 750 g. About how much is that?", "split": "test", "exact_value": 8.78}
{"id": "units_001280", "topic": "units", "subtopic": "lb_oz", "prompt": "You buy 4.42 lb at $12.00 per lb. About how much is that total?", "split": "test", "exact_value": 53.04}
{"id": "units_001281", "topic": "units", "subtopic": "lb_oz", "prompt": "You buy 5.3 lb at $3.94 per lb. About how much is that total?", "split": "test", "exact_value": 20.88}
{"id": "units_001282", "topic": "units", "subtopic": "kg_g", "prompt": "An item costs $4.01 per kg. You take 300 g. About how much is that?", "split": "test", "exact_value": 1.2}
{"id": "units_001283", "topic": "units", "subtopic": "kg_g", "prompt": "An item costs $7.94 per kg. You take 400 g. About how much is that?", "split": "test", "exact_value": 3.18}
{"id": "units_001284", "topic": "units", "subtopic": "lb_oz", "prompt": "You buy 4.86 lb at $7.72 per lb. About how much is that total?", "split": "test", "exact_value": 37.52}
{"id": "units_001285", "topic": "units", "subtopic": "kg_g", "prompt": "An item costs $11.49 per kg. You take 400 g. About how much is that?", "split": "test", "exact_value": 4.6}
{"id": "units_001286", "topic": "units", "subtopic": "kg_g", "prompt": "An item costs $14.30 per kg. You take 300 g. About how much is that?", "split": "test", "exact_value": 4.29}
{"id": "units_001287", "topic": "units", "subtopic": "kg_g", "prompt": "An item costs $6.27 per kg. You take 350 g. About how much is that?", "split": "test", "exact_value": 2.19}
{"id": "units_001288", "topic": "units", "subtopic": "lb_oz", "prompt": "You buy 5.68 lb at $10.09 per lb. About how much is that total?", "split": "test", "exact_value": 57.31}
{"id": "units_001289", "topic": "units", "subtopic": "lb_oz", "prompt": "You buy 1.2 lb at $4.60 per lb. About how much is that total?", "split": "test", "exact_value": 5.52}
{"id": "units_001290", "topic": "units", "subtopic": "kg_g", "prompt": "An item costs $11.62 per kg. You take 900 g. About how much is that?", "split": "test", "exact_value": 10.46}
{"id": "units_001291", "topic": "units", "subtopic": "lb_oz", "prompt": "You buy 1.89 lb at $8.46 per lb. About how much is that total?", "split": "test", "exact_value": 15.99}
{"id": "units_001292", "topic": "units", "subtopic": "kg_g", "prompt": "An item costs $14.78 per kg. You take 250 g. About how much is that?", "split": "test", "exact_value": 3.7}
{"id": "units_001293", "topic": "units", "subtopic": "lb_oz", "prompt": "You buy 4.12 lb at $14.93 per lb. About how much is that total?", "split": "test", "exact_value": 61.51}
{"id": "units_001294", "topic": "units", "subtopic": "kg_g", "prompt": "An item costs $6.98 per kg. You take 250 g. About how much is that?", "split": "test", "exact_value": 1.75}
{"id": "units_001295", "topic": "units", "subtopic": "kg_g", "prompt": "An item costs $12.41 per kg. You take 400 g. About how much is that?", "split": "test", "exact_value": 4.96}
{"id": "units_001296", "topic": "units", "subtopic": "lb_oz", "prompt": "You buy 2.58 lb at $5.72 per lb. About how much is that total?", "split": "test", "exact_value": 14.76}
{"id": "units_001297", "topic": "units", "subtopic": "lb_oz", "prompt": "You buy 2.68 lb at $9.98 per lb. About how much is that total?", "split": "test", "exact_value": 26.75}
{"id": "units_001298", "topic": "units", "subtopic": "kg_g", "prompt": "An item costs $12.66 per kg. You take 500 g. About how much is that?", "split": "test", "exact_value": 6.33}
{"id": "units_001299", "topic": "units", "subtopic": "kg_g", "prompt": "An item costs $6.81 per kg. You take 900 g. About how much is that?", "split": "test", "exact_value": 6.13}
{"id": "units_001300", "topic": "units", "subtopic": "lb_oz", "prompt": "You buy 4.88 lb at $12.09 per lb. About how much is that total?", "split": "test", "exact_value": 59.0}
{"id": "units_001301", "topic": "units", "subtopic": "kg_g", "prompt": "An item costs $11.38 per kg. You take 750 g. About how much is that?", "split": "test", "exact_value": 8.54}
{"id": "units_001302", "topic": "units", "subtopic": "lb_oz", "prompt": "You buy 3.27 lb at $7.41 per lb. About how much is that total?", "split": "test", "exact_value": 24.23}
{"id": "units_001303", "topic": "units", "subtopic": "kg_g", "prompt": "An item costs $11.14 per kg. You take 400 g. About how much is that?", "split": "test", "exact_value": 4.46}
{"id": "units_001304", "topic": "units", "subtopic": "lb_oz", "prompt": "You buy 3.67 lb at $13.56 per lb. About how much is that total?", "split": "test", "exact_value": 49.77}
{"id": "units_001305", "topic": "units", "subtopic": "lb_oz", "prompt": "You buy 1.48 lb at $11.18 per lb. About how much is that total?", "split": "test", "exact_value": 16.55}
{"id": "units_001306", "topic": "units", "subtopic": "kg_g", "prompt": "An item costs $7.85 per kg. You take 750 g. About how much is that?", "split": "test", "exact_value": 5.89}
{"id": "units_001307", "topic": "units", "subtopic": "lb_oz", "prompt": "You buy 5.85 lb at $4.79 per lb. About how much is that total?", "split": "test", "exact_value": 28.02}
{"id": "units_001308", "topic": "units", "subtopic": "kg_g", "prompt": "An item costs $8.96 per kg. You take 250 g. About how much is that?", "split": "test", "exact_value": 2.24}
{"id": "units_001309", "topic": "units", "subtopic": "kg_g", "prompt": "An item costs $15.39 per kg. You take 750 g. About how much is that?", "split": "test", "exact_value": 11.54}
{"id": "units_001310", "topic": "units", "subtopic": "kg_g", "prompt": "An item costs $13.46 per kg. You take 350 g. About how much is that?", "split": "test", "exact_value": 4.71}
{"id": "units_001311", "topic": "units", "subtopic": "kg_g", "prompt": "An item costs $15.93 per kg. You take 400 g. About how much is that?", "split": "test", "exact_value": 6.37}
{"id": "units_001312", "topic": "units", "subtopic": "kg_g", "prompt": "An item costs $12.40 per kg. You take 900 g. About how much is that?", "split": "test", "exact_value": 11.16}
{"id": "units_001313", "topic": "units", "subtopic": "lb_oz", "prompt": "You buy 4.69 lb at $9.23 per lb. About how much is that total?", "split": "test", "exact_value": 43.29}
{"id": "units_001314", "topic": "units", "subtopic": "kg_g", "prompt": "An item costs $7.43 per kg. You take 400 g. About how much is that?", "split": "test", "exact_value": 2.97}
{"id": "units_001315", "topic": "units", "subtopic": "lb_oz", "prompt": "You buy 5.28 lb at $13.47 per lb. About how much is that total?", "split": "test", "exact_value": 71.12}
{"id": "units_001316", "topic": "units", "subtopic": "kg_g", "prompt": "An item costs $13.88 per kg. You take 350 g. About how much is that?", "split": "test", "exact_value": 4.86}
{"id": "units_001317", "topic": "units", "subtopic": "kg_g", "prompt": "An item costs $19.64 per kg. You take 500 g. About how much is that?", "split": "test", "exact_value": 9.82}
{"id": "units_001318", "topic": "units", "subtopic": "lb_oz", "prompt": "You buy 0.86 lb at $11.44 per lb. About how much is that total?", "split": "test", "exact_value": 9.84}
{"id": "units_001319", "topic": "units", "subtopic": "kg_g", "prompt": "An item costs $15.96 per kg. You take 300 g. About how much is that?", "split": "test", "exact_value": 4.79}
{"id": "units_001320", "topic": "units", "subtopic": "lb_oz", "prompt": "You buy 2.33 lb at $14.42 per lb. About how much is that total?", "split": "test", "exact_value": 33.6}
{"id": "units_001321", "topic": "units", "subtopic": "lb_oz", "prompt": "You buy 2.04 lb at $4.04 per lb. About how much is that total?", "split": "test", "exact_value": 8.24}
{"id": "units_001322", "topic": "units", "subtopic": "lb_oz", "prompt": "You buy 3.64 lb at $8.92 per lb. About how much is that total?", "split": "test", "exact_value": 32.47}
{"id": "units_001323", "topic": "units", "subtopic": "lb_oz", "prompt": "You buy 1.58 lb at $7.80 per lb. About how much is that total?", "split": "test", "exact_value": 12.32}
{"id": "units_001324", "topic": "units", "subtopic": "kg_g", "prompt": "An item costs $18.12 per kg. You take 350 g. About how much is that?", "split": "test", "exact_value": 6.34}
{"id": "units_001325", "topic": "units", "subtopic": "kg_g", "prompt": "An item costs $16.24 per kg. You take 500 g. About how much is that?", "split": "test", "exact_value": 8.12}
{"id": "units_001326", "topic": "units", "subtopic": "kg_g", "prompt": "An item costs $14.85 per kg. You take 500 g. About how much is that?", "split": "test", "exact_value": 7.43}
{"id": "units_001327", "topic": "units", "subtopic": "lb_oz", "prompt": "You buy 3.55 lb at $11.49 per lb. About how much is that total?", "split": "test", "exact_value": 40.79}
{"id": "units_001328", "topic": "units", "subtopic": "lb_oz", "prompt": "You buy 4.87 lb at $12.71 per lb. About how much is that total?", "split": "test", "exact_value": 61.9}
{"id": "units_001329", "topic": "units", "subtopic": "lb_oz", "prompt": "You buy 4.45 lb at $3.52 per lb. About how much is that total?", "split": "test", "exact_value": 15.66}
{"id": "units_001330", "topic": "units", "subtopic": "lb_oz", "prompt": "You buy 0.67 lb at $3.27 per lb. About how much is that total?", "split": "test", "exact_value": 2.19}
{"id": "units_001331", "topic": "units", "subtopic": "kg_g", "prompt": "An item costs $6.84 per kg. You take 900 g. About how much is that?", "split": "test", "exact_value": 6.16}
{"id": "units_001332", "topic": "units", "subtopic": "kg_g", "prompt": "An item costs $14.67 per kg. You take 500 g. About how much is that?", "split": "test", "exact_value": 7.34}
{"id": "units_001333", "topic": "units", "subtopic": "lb_oz", "prompt": "You buy 2.26 lb at $7.73 per lb. About how much is that total?", "split": "test", "exact_value": 17.47}
{"id": "units_001334", "topic": "units", "subtopic": "kg_g", "prompt": "An item costs $11.81 per kg. You take 500 g. About how much is that?", "split": "test", "exact_value": 5.91}
{"id": "units_001335", "topic": "units", "subtopic": "kg_g", "prompt": "An item costs $5.71 per kg. You take 900 g. About how much is that?", "split": "test", "exact_value": 5.14}
{"id": "units_001336", "topic": "units", "subtopic": "lb_oz", "prompt": "You buy 2.69 lb at $9.77 per lb. About how much is that total?", "split": "test", "exact_value": 26.28}
{"id": "units_001337", "topic": "units", "subtopic": "lb_oz", "prompt": "You buy 4.81 lb at $10.58 per lb. About how much is that total?", "split": "test", "exact_value": 50.89}
{"id": "units_001338", "topic": "units", "subtopic": "lb_oz", "prompt": "You buy 0.54 lb at $10.96 per lb. About how much is that total?", "split": "test", "exact_value": 5.92}
{"id": "units_001339", "topic": "units", "subtopic": "kg_g", "prompt": "An item costs $14.09 per kg. You take 350 g. About how much is that?", "split": "test", "exact_value": 4.93}
{"id": "units_001340", "topic": "units", "subtopic": "kg_g", "prompt": "An item costs $18.39 per kg. You take 350 g. About how much is that?", "split": "test", "exact_value": 6.44}
{"id": "units_001341", "topic": "units", "subtopic": "lb_oz", "prompt": "You buy 3.16 lb at $10.90 per lb. About how much is that total?", "split": "test", "exact_value": 34.44}
{"id": "tips_000122", "topic": "tips", "subtopic": "tips_service", "prompt": "Bill is $84.73; service fee 5% and tip 20%. About how much do you pay in total?", "split": "test", "exact_value": 106.76}
{"id": "tips_000123", "topic": "tips", "subtopic": "tips_service", "prompt": "Bill is $86.76; service fee 3% and tip 22%. About how much do you pay in total?", "split": "test", "exact_value": 109.02}
{"id": "tips_000124", "topic": "tips", "subtopic": "tips_service", "prompt": "Bill is $49.75; service fee 5% and tip 18%. About how much do you pay in total?", "split": "test", "exact_value": 61.64}
{"id": "tips_000125", "topic": "tips", "subtopic": "tips_service", "prompt": "Bill is $44.12; service fee 0% and tip 18%. About how much do you pay in total?", "split": "test", "exact_value": 52.06}
{"id": "tips_000126", "topic": "tips", "subtopic": "tips_service", "prompt": "Bill is $114.58; service fee 0% and tip 20%. About how much do you pay in total?", "split": "test", "exact_value": 137.5}
{"id": "tips_000127", "topic": "tips", "subtopic": "tips_service", "prompt": "Bill is $61.32; service fee 0% and tip 22%. About how much do you pay in total?", "split": "test", "exact_value": 74.81}
{"id": "tips_000128", "topic": "tips", "subtopic": "tips_service", "prompt": "Bill is $92.24; service fee 0% and tip 15%. About how much do you pay in total?", "split": "test", "exact_value": 106.08}
{"id": "tips_000129", "topic": "tips", "subtopic": "tips_service", "prompt": "Bill is $82.47; service fee 0% and tip 20%. About how much do you pay in total?", "split": "test", "exact_value": 98.96}
{"id": "tips_000130", "topic": "tips", "subtopic": "tips_service", "prompt": "Bill is $93.96; service fee 3% and tip 18%. About how much do you pay in total?", "split": "test", "exact_value": 114.2}
{"id": "tips_000131", "topic": "tips", "subtopic": "tips_service", "prompt": "Bill is $37.06; service fee 3% and tip 22%. About how much do you pay in total?", "split": "test", "exact_value": 46.57}
{"id": "tips_000132", "topic": "tips", "subtopic": "tips_service", "prompt": "Bill is $52.30; service fee 5% and tip 22%. About how much do you pay in total?", "split": "test", "exact_value": 67.0}
{"id": "tips_000133", "topic": "tips", "subtopic": "tips_service", "prompt": "Bill is $64.28; service fee 0% and tip 22%. About how much do you pay in total?", "split": "test", "exact_value": 78.42}
{"id": "tips_000134", "topic": "tips", "subtopic": "tips_service", "prompt": "Bill is $39.07; service fee 3% and tip 18%. About how much do you pay in total?", "split": "test", "exact_value": 47.49}
{"id": "tips_000135", "topic": "tips", "subtopic": "tips_service", "prompt": "Bill is $98.31; service fee 5% and tip 20%. About how much do you pay in total?", "split": "test", "exact_value": 123.87}
{"id": "tips_000136", "topic": "tips", "subtopic": "tips_service", "prompt": "Bill is $104.25; service fee 0% and tip 20%. About how much do you pay in total?", "split": "test", "exact_value": 125.1}
{"id": "tips_000137", "topic": "tips", "subtopic": "tips_service", "prompt": "Bill is $34.34; service fee 0% and tip 15%. About how much do you pay in total?", "split": "test", "exact_value": 39.49}
{"id": "tips_000138", "topic": "tips", "subtopic": "tips_service", "prompt": "Bill is $44.35; service fee 5% and tip 22%. About how much do you pay in total?", "split": "test", "exact_value": 56.81}
{"id": "tips_000139", "topic": "tips", "subtopic": "tips_service", "prompt": "Bill is $21.95; service fee 3% and tip 15%. About how much do you pay in total?", "split": "test", "exact_value": 26.0}
{"id": "tips_000140", "topic": "tips", "subtopic": "tips_service", "prompt": "Bill is $110.55; service fee 5% and tip 15%. About how much do you pay in total?", "split": "test", "exact_value": 133.49}
{"id": "tips_000141", "topic": "tips", "subtopic": "tips_service", "prompt": "Bill is $108.71; service fee 5% and tip 18%. About how much do you pay in total?", "split": "test", "exact_value": 134.69}
{"id": "tips_000142", "topic": "tips", "subtopic": "tips_service", "prompt": "Bill is $15.22; service fee 0% and tip 22%. About how much do you pay in total?", "split": "test", "exact_value": 18.57}
{"id": "tips_000143", "topic": "tips", "subtopic": "tips_service", "prompt": "Bill is $113.56; service fee 3% and tip 15%. About how much do you pay in total?", "split": "test", "exact_value": 134.51}
{"id": "tips_000144", "topic": "tips", "subtopic": "tips_service", "prompt": "Bill is $102.98; service fee 3% and tip 22%. About how much do you pay in total?", "split": "test", "exact_value": 129.4}
{"id": "tips_000145", "topic": "tips", "subtopic": "tips_service", "prompt": "Bill is $107.84; service fee 5% and tip 22%. About how much do you pay in total?", "split": "test", "exact_value": 138.14}
{"id": "tips_000146", "topic": "tips", "subtopic": "tips_service", "prompt": "Bill is $94.40; service fee 3% and tip 20%. About how much do you pay in total?", "split": "test", "exact_value": 116.68}
{"id": "tips_000147", "topic": "tips", "subtopic": "tips_service", "prompt": "Bill is $28.37; service fee 3% and tip 15%. About how much do you pay in total?", "split": "test", "exact_value": 33.6}
{"id": "tips_000148", "topic": "tips", "subtopic": "tips_service", "prompt": "Bill is $24.93; service fee 3% and tip 18%. About how much do you pay in total?", "split": "test", "exact_value": 30.3}
{"id": "tips_000149", "topic": "tips", "subtopic": "tips_service", "prompt": "Bill is $94.95; service fee 3% and tip 20%. About how much do you pay in total?", "split": "test", "exact_value": 117.36}
{"id": "tips_000150", "topic": "tips", "subtopic": "tips_service", "prompt": "Bill is $57.71; service fee 5% and tip 18%. About how much do you pay in total?", "split": "test", "exact_value": 71.5}
{"id": "tips_000151", "topic": "tips", "subtopic": "tips_service", "prompt": "Bill is $17.45; service fee 3% and tip 18%. About how much do you pay in total?", "split": "test", "exact_value": 21.21}
{"id": "tips_000152", "topic": "tips", "subtopic": "tips_service", "prompt": "Bill is $93.77; service fee 5% and tip 22%. About how much do you pay in total?", "split": "test", "exact_value": 120.12}
{"id": "tips_000153", "topic": "tips", "subtopic": "tips_service", "prompt": "Bill is $52.15; service fee 3% and tip 18%. About how much do you pay in total?", "split": "test", "exact_value": 63.38}
{"id": "tips_000154", "topic": "tips", "subtopic": "tips_service", "prompt": "Bill is $47.20; service fee 5% and tip 22%. About how much do you pay in total?", "split": "test", "exact_value": 60.46}
{"id": "tips_000155", "topic": "tips", "subtopic": "tips_service", "prompt": "Bill is $91.48; service fee 3% and tip 22%. About how much do you pay in total?", "split": "test", "exact_value": 114.95}
{"id": "tips_000156", "topic": "tips", "subtopic": "tips_service", "prompt": "Bill is $34.34; service fee 3% and tip 15%. About how much do you pay in total?", "split": "test", "exact_value": 40.68}
{"id": "tips_000157", "topic": "tips", "subtopic": "tips_service", "prompt": "Bill is $116.72; service fee 5% and tip 15%. About how much do you pay in total?", "split": "test", "exact_value": 140.94}
{"id": "tips_000158", "topic": "tips", "subtopic": "tips_service", "prompt": "Bill is $17.98; service fee 0% and tip 22%. About how much do you pay in total?", "split": "test", "exact_value": 21.94}
{"id": "tips_000159", "topic": "tips", "subtopic": "tips_service", "prompt": "Bill is $68.44; service fee 5% and tip 18%. About how much do you pay in total?", "split": "test", "exact_value": 84.8}
{"id": "tips_000160", "topic": "tips", "subtopic": "tips_service", "prompt": "Bill is $76.30; service fee 3% and tip 22%. About how much do you pay in total?", "split": "test", "exact_value": 95.88}
{"id": "tips_000161", "topic": "tips", "subtopic": "tips_service", "prompt": "Bill is $40.95; service fee 5% and tip 22%. About how much do you pay in total?", "split": "test", "exact_value": 52.46}
{"id": "tips_000162", "topic": "tips", "subtopic": "tips_service", "prompt": "Bill is $85.27; service fee 0% and tip 15%. About how much do you pay in total?", "split": "test", "exact_value": 98.06}
{"id": "tips_000163", "topic": "tips", "subtopic": "tips_service", "prompt": "Bill is $85.43; service fee 3% and tip 15%. About how much do you pay in total?", "split": "test", "exact_value": 101.19}
{"id": "tips_000164", "topic": "tips", "subtopic": "tips_service", "prompt": "Bill is $77.81; service fee 5% and tip 18%. About how much do you pay in total?", "split": "test", "exact_value": 96.41}
{"id": "tips_000165", "topic": "tips", "subtopic": "tips_service", "prompt": "Bill is $55.73; service fee 0% and tip 18%. About how much do you pay in total?", "split": "test", "exact_value": 65.76}
{"id": "tips_000166", "topic": "tips", "subtopic": "tips_service", "prompt": "Bill is $95.26; service fee 0% and tip 22%. About how much do you pay in total?", "split": "test", "exact_value": 116.22}
{"id": "tips_000167", "topic": "tips", "subtopic": "tips_service", "prompt": "Bill is $104.95; service fee 3% and tip 22%. About how much do you pay in total?", "split": "test", "exact_value": 131.88}
{"id": "tips_000168", "topic": "tips", "subtopic": "tips_service", "prompt": "Bill is $54.60; service fee 3% and tip 20%. About how much do you pay in total?", "split": "test", "exact_value": 67.49}
{"id": "tips_000169", "topic": "tips", "subtopic": "tips_service", "prompt": "Bill is $36.08; service fee 5% and tip 15%. About how much do you pay in total?", "split": "test", "exact_value": 43.57}
{"id": "tips_000170", "topic": "tips", "subtopic": "tips_service", "prompt": "Bill is $46.38; service fee 3% and tip 20%. About how much do you pay in total?", "split": "test", "exact_value": 57.33}
{"id": "tips_000171", "topic": "tips", "subtopic": "tips_service", "prompt": "Bill is $107.98; service fee 0% and tip 22%. About how much do you pay in total?", "split": "test", "exact_value": 131.74}
{"id": "tips_000172", "topic": "tips", "subtopic": "tips_service", "prompt": "Bill is $119.87; service fee 5% and tip 15%. About how much do you pay in total?", "split": "test", "exact_value": 144.74}
{"id": "tips_000173", "topic": "tips", "subtopic": "tips_service", "prompt": "Bill is $54.54; service fee 0% and tip 22%. About how much do you pay in total?", "split": "test", "exact_value": 66.54}
{"id": "tips_000174", "topic": "tips", "subtopic": "tips_service", "prompt": "Bill is $88.79; service fee 0% and tip 15%. About how much do you pay in total?", "split": "test", "exact_value": 102.11}
{"id": "tips_000175", "topic": "tips", "subtopic": "tips_service", "prompt": "Bill is $50.74; service fee 3% and tip 15%. About how much do you pay in total?", "split": "test", "exact_value": 60.1}
{"id": "tips_000176", "topic": "tips", "subtopic": "tips_service", "prompt": "Bill is $39.97; service fee 5% and tip 22%. About how much do you pay in total?", "split": "test", "exact_value": 51.2}
{"id": "tips_000177", "topic": "tips", "subtopic": "tips_service", "prompt": "Bill is $61.93; service fee 3% and tip 15%. About how much do you pay in total?", "split": "test", "exact_value": 73.36}
{"id": "tips_000178", "topic": "tips", "subtopic": "tips_service", "prompt": "Bill is $102.64; service fee 0% and tip 15%. About how much do you pay in total?", "split": "test", "exact_value": 118.04}
{"id": "tips_000179", "topic": "tips", "subtopic": "tips_service", "prompt": "Bill is $34.08; service fee 0% and tip 20%. About how much do you pay in total?", "split": "test", "exact_value": 40.9}
{"id": "tips_000180", "topic": "tips", "subtopic": "tips_service", "prompt": "Bill is $106.35; service fee 5% and tip 22%. About how much do you pay in total?", "split": "test", "exact_value": 136.23}
{"id": "tips_000181", "topic": "tips", "subtopic": "tips_service", "prompt": "Bill is $80.23; service fee 5% and tip 18%. About how much do you pay in total?", "split": "test", "exact_value": 99.4}
{"id": "tips_000182", "topic": "tips", "subtopic": "tips_service", "prompt": "Bill is $56.89; service fee 3% and tip 18%. About how much do you pay in total?", "split": "test", "exact_value": 69.14}
{"id": "tips_000183", "topic": "tips", "subtopic": "tips_service", "prompt": "Bill is $111.57; service fee 5% and tip 18%. About how much do you pay in total?", "split": "test", "exact_value": 138.24}
{"id": "tips_000184", "topic": "tips", "subtopic": "tips_service", "prompt": "Bill is $46.23; service fee 3% and tip 22%. About how much do you pay in total?", "split": "test", "exact_value": 58.09}
{"id": "tips_000185", "topic": "tips", "subtopic": "tips_service", "prompt": "Bill is $61.77; service fee 3% and tip 15%. About how much do you pay in total?", "split": "test", "exact_value": 73.17}
{"id": "tips_000186", "topic": "tips", "subtopic": "tips_service", "prompt": "Bill is $50.94; service fee 3% and tip 15%. About how much do you pay in total?", "split": "test", "exact_value": 60.34}
{"id": "tips_000187", "topic": "tips", "subtopic": "tips_service", "prompt": "Bill is $21.63; service fee 5% and tip 18%. About how much do you pay in total?", "split": "test", "exact_value": 26.8}
{"id": "tips_000188", "topic": "tips", "subtopic": "tips_service", "prompt": "Bill is $75.48; service fee 5% and tip 22%. About how much do you pay in total?", "split": "test", "exact_value": 96.69}
{"id": "tips_000189", "topic": "tips", "subtopic": "tips_service", "prompt": "Bill is $94.68; service fee 3% and tip 15%. About how much do you pay in total?", "split": "test", "exact_value": 112.15}
{"id": "tips_000190", "topic": "tips", "subtopic": "tips_service", "prompt": "Bill is $43.58; service fee 3% and tip 18%. About how much do you pay in total?", "split": "test", "exact_value": 52.97}
{"id": "tips_000191", "topic": "tips", "subtopic": "tips_service", "prompt": "Bill is $13.02; service fee 5% and tip 18%. About how much do you pay in total?", "split": "test", "exact_value": 16.13}
{"id": "tips_000192", "topic": "tips", "subtopic": "tips_service", "prompt": "Bill is $38.71; service fee 0% and tip 15%. About how much do you pay in total?", "split": "test", "exact_value": 44.52}
{"id": "tips_000193", "topic": "tips", "subtopic": "tips_service", "prompt": "Bill is $117.91; service fee 5% and tip 22%. About how much do you pay in total?", "split": "test", "exact_value": 151.04}
{"id": "tips_000194", "topic": "tips", "subtopic": "tips_service", "prompt": "Bill is $73.77; service fee 3% and tip 22%. About how much do you pay in total?", "split": "test", "exact_value": 92.7}
{"id": "tips_000195", "topic": "tips", "subtopic": "tips_service", "prompt": "Bill is $57.43; service fee 0% and tip 18%. About how much do you pay in total?", "split": "test", "exact_value": 67.77}
{"id": "tips_000196", "topic": "tips", "subtopic": "tips_service", "prompt": "Bill is $38.97; service fee 0% and tip 20%. About how much do you pay in total?", "split": "test", "exact_value": 46.76}
{"id": "tips_000197", "topic": "tips", "subtopic": "tips_service", "prompt": "Bill is $50.85; service fee 0% and tip 22%. About how much do you pay in total?", "split": "test", "exact_value": 62.04}
{"id": "tips_000198", "topic": "tips", "subtopic": "tips_service", "prompt": "Bill is $86.86; service fee 5% and tip 15%. About how much do you pay in total?", "split": "test", "exact_value": 104.88}
{"id": "tips_000199", "topic": "tips", "subtopic": "tips_service", "prompt": "Bill is $40.72; service fee 0% and tip 20%. About how much do you pay in total?", "split": "test", "exact_value": 48.86}
{"id": "tips_000200", "topic": "tips", "subtopic": "tips_service", "prompt": "Bill is $90.02; service fee 3% and tip 20%. About how much do you pay in total?", "split": "test", "exact_value": 111.26}
{"id": "tips_000201", "topic": "tips", "subtopic": "tips_service", "prompt": "Bill is $93.31; service fee 3% and tip 22%. About how much do you pay in total?", "split": "test", "exact_value": 117.25}
{"id": "tips_000202", "topic": "tips", "subtopic": "tips_service", "prompt": "Bill is $83.97; service fee 3% and tip 20%. About how much do you pay in total?", "split": "test", "exact_value": 103.79}
{"id": "tips_000203", "topic": "tips", "subtopic": "tips_service", "prompt": "Bill is $72.26; service fee 0% and tip 18%. About how much do you pay in total?", "split": "test", "exact_value": 85.27}
{"id": "tips_000204", "topic": "tips", "subtopic": "tips_service", "prompt": "Bill is $35.77; service fee 3% and tip 20%. About how much do you pay in total?", "split": "test", "exact_value": 44.21}
{"id": "tips_000205", "topic": "tips", "subtopic": "tips_service", "prompt": "Bill is $107.35; service fee 5% and tip 20%. About how much do you pay in total?", "split": "test", "exact_value": 135.26}
{"id": "tips_000206", "topic": "tips", "subtopic": "tips_service", "prompt": "Bill is $64.95; service fee 3% and tip 15%. About how much do you pay in total?", "split": "test", "exact_value": 76.93}
{"id": "tips_000207", "topic": "tips", "subtopic": "tips_service", "prompt": "Bill is $33.06; service fee 0% and tip 18%. About how much do you pay in total?", "split": "test", "exact_value": 39.01}
{"id": "tips_000208", "topic": "tips", "subtopic": "tips_service", "prompt": "Bill is $71.07; service fee 5% and tip 18%. About how much do you pay in total?", "split": "test", "exact_value": 88.06}
{"id": "tips_000209", "topic": "tips", "subtopic": "tips_service", "prompt": "Bill is $112.27; service fee 3% and tip 18%. About how much do you pay in total?", "split": "test", "exact_value": 136.45}
{"id": "tips_000210", "topic": "tips", "subtopic": "tips_service", "prompt": "Bill is $114.66; service fee 5% and tip 22%. About how much do you pay in total?", "split": "test", "exact_value": 146.88}
{"id": "tips_000211", "topic": "tips", "subtopic": "tips_service", "prompt": "Bill is $78.15; service fee 3% and tip 15%. About how much do you pay in total?", "split": "test", "exact_value": 92.57}
{"id": "tips_000212", "topic": "tips", "subtopic": "tips_service", "prompt": "Bill is $90.43; service fee 3% and tip 18%. About how much do you pay in total?", "split": "test", "exact_value": 109.91}
{"id": "tips_000213", "topic": "tips", "subtopic": "tips_service", "prompt": "Bill is $98.71; service fee 3% and tip 22%. About how much do you pay in total?", "split": "test", "exact_value": 124.04}
{"id": "tips_000214", "topic": "tips", "subtopic": "tips_service", "prompt": "Bill is $64.32; service fee 3% and tip 18%. About how much do you pay in total?", "split": "test", "exact_value": 78.17}
{"id": "tips_000215", "topic": "tips", "subtopic": "tips_service", "prompt": "Bill is $68.83; service fee 5% and tip 20%. About how much do you pay in total?", "split": "test", "exact_value": 86.73}
{"id": "tips_000216", "topic": "tips", "subtopic": "tips_service", "prompt": "Bill is $65.87; service fee 3% and tip 22%. About how much do you pay in total?", "split": "test", "exact_value": 82.77}
{"id": "tips_000217", "topic": "tips", "subtopic": "tips_service", "prompt": "Bill is $85.00; service fee 0% and tip 20%. About how much do you pay in total?", "split": "test", "exact_value": 102.0}
{"id": "tips_000218", "topic": "tips", "subtopic": "tips_service", "prompt": "Bill is $61.12; service fee 5% and tip 18%. About how much do you pay in total?", "split": "test", "exact_value": 75.73}
{"id": "tips_000219", "topic": "tips", "subtopic": "tips_service", "prompt": "Bill is $38.50; service fee 0% and tip 15%. About how much do you pay in total?", "split": "test", "exact_value": 44.28}
{"id": "tips_000220", "topic": "tips", "subtopic": "tips_service", "prompt": "Bill is $119.86; service fee 5% and tip 20%. About how much do you pay in total?", "split": "test", "exact_value": 151.02}
{"id": "tips_000221", "topic": "tips", "subtopic": "tips_service", "prompt": "Bill is $85.90; service fee 5% and tip 15%. About how much do you pay in total?", "split": "test", "exact_value": 103.72}
{"id": "tips_000222", "topic": "tips", "subtopic": "tips_service", "prompt": "Bill is $63.86; service fee 5% and tip 22%. About how much do you pay in total?", "split": "test", "exact_value": 81.8}
{"id": "tips_000223", "topic": "tips", "subtopic": "tips_service", "prompt": "Bill is $45.53; service fee 0% and tip 20%. About how much do you pay in total?", "split": "test", "exact_value": 54.64}
{"id": "tips_000224", "topic": "tips", "subtopic": "tips_service", "prompt": "Bill is $92.69; service fee 5% and tip 20%. About how much do you pay in total?", "split": "test", "exact_value": 116.79}
{"id": "tips_000225", "topic": "tips", "subtopic": "tips_service", "prompt": "Bill is $24.00; service fee 3% and tip 15%. About how much do you pay in total?", "split": "test", "exact_value": 28.43}
{"id": "tips_000226", "topic": "tips", "subtopic": "tips_service", "prompt": "Bill is $69.22; service fee 0% and tip 15%. About how much do you pay in total?", "split": "test", "exact_value": 79.6}
{"id": "tips_000227", "topic": "tips", "subtopic": "tips_service", "prompt": "Bill is $72.70; service fee 3% and tip 22%. About how much do you pay in total?", "split": "test", "exact_value": 91.35}
{"id": "tips_000228", "topic": "tips", "subtopic": "tips_service", "prompt": "Bill is $76.21; service fee 3% and tip 20%. About how much do you pay in total?", "split": "test", "exact_value": 94.2}
{"id": "tips_000229", "topic": "tips", "subtopic": "tips_service", "prompt": "Bill is $65.95; service fee 5% and tip 15%. About how much do you pay in total?", "split": "test", "exact_value": 79.63}
{"id": "tips_000230", "topic": "tips", "subtopic": "tips_service", "prompt": "Bill is $34.91; service fee 3% and tip 22%. About how much do you pay in total?", "split": "test", "exact_value": 43.87}
{"id": "tips_000231", "topic": "tips", "subtopic": "tips_service", "prompt": "Bill is $32.94; service fee 5% and tip 22%. About how much do you pay in total?", "split": "test", "exact_value": 42.2}
{"id": "tips_000232", "topic": "tips", "subtopic": "tips_service", "prompt": "Bill is $43.93; service fee 0% and tip 20%. About how much do you pay in total?", "split": "test", "exact_value": 52.72}
{"id": "tips_000233", "topic": "tips", "subtopic": "tips_service", "prompt": "Bill is $113.09; service fee 3% and tip 18%. About how much do you pay in total?", "split": "test", "exact_value": 137.45}
{"id": "tips_000234", "topic": "tips", "subtopic": "tips_service", "prompt": "Bill is $100.26; service fee 3% and tip 22%. About how much do you pay in total?", "split": "test", "exact_value": 125.99}
{"id": "tips_000235", "topic": "tips", "subtopic": "tips_service", "prompt": "Bill is $92.33; service fee 0% and tip 22%. About how much do you pay in total?", "split": "test", "exact_value": 112.64}
{"id": "tips_000236", "topic": "tips", "subtopic": "tips_service", "prompt": "Bill is $33.45; service fee 5% and tip 22%. About how much do you pay in total?", "split": "test", "exact_value": 42.85}
{"id": "tips_000237", "topic": "tips", "subtopic": "tips_service", "prompt": "Bill is $108.57; service fee 0% and tip 18%. About how much do you pay in total?", "split": "test", "exact_value": 128.11}
{"id": "tips_000238", "topic": "tips", "subtopic": "tips_service", "prompt": "Bill is $97.67; service fee 0% and tip 22%. About how much do you pay in total?", "split": "test", "exact_value": 119.16}
{"id": "tips_000239", "topic": "tips", "subtopic": "tips_service", "prompt": "Bill is $66.22; service fee 3% and tip 15%. About how much do you pay in total?", "split": "test", "exact_value": 78.44}
{"id": "tips_000240", "topic": "tips", "subtopic": "tips_service", "prompt": "Bill is $12.06; service fee 3% and tip 18%. About how much do you pay in total?", "split": "test", "exact_value": 14.66}
{"id": "tips_000241", "topic": "tips", "subtopic": "tips_service", "prompt": "Bill is $43.34; service fee 0% and tip 22%. About how much do you pay in total?", "split": "test", "exact_value": 52.87}
{"id": "tips_000242", "topic": "tips", "subtopic": "tips_service", "prompt": "Bill is $43.14; service fee 0% and tip 20%. About how much do you pay in total?", "split": "test", "exact_value": 51.77}
{"id": "tips_000243", "topic": "tips", "subtopic": "tips_service", "prompt": "Bill is $46.90; service fee 0% and tip 18%. About how much do you pay in total?", "split": "test", "exact_value": 55.34}
{"id": "tips_000244", "topic": "tips", "subtopic": "tips_service", "prompt": "Bill is $76.83; service fee 3% and tip 15%. About how much do you pay in total?", "split": "test", "exact_value": 91.01}
{"id": "tips_000245", "topic": "tips", "subtopic": "tips_service", "prompt": "Bill is $110.09; service fee 3% and tip 15%. About how much do you pay in total?", "split": "test", "exact_value": 130.4}
{"id": "tips_000246", "topic": "tips", "subtopic": "tips_service", "prompt": "Bill is $63.11; service fee 0% and tip 22%. About how much do you pay in total?", "split": "test", "exact_value": 76.99}
{"id": "tips_000247", "topic": "tips", "subtopic": "tips_service", "prompt": "Bill is $79.43; service fee 0% and tip 22%. About how much do you pay in total?", "split": "test", "exact_value": 96.9}
{"id": "tips_000248", "topic": "tips", "subtopic": "tips_service", "prompt": "Bill is $76.28; service fee 3% and tip 20%. About how much do you pay in total?", "split": "test", "exact_value": 94.28}
{"id": "tips_000249", "topic": "tips", "subtopic": "tips_service", "prompt": "Bill is $114.54; service fee 3% and tip 22%. About how much do you pay in total?", "split": "test", "exact_value": 143.93}
{"id": "tips_000250", "topic": "tips", "subtopic": "tips_service", "prompt": "Bill is $37.51; service fee 3% and tip 22%. About how much do you pay in total?", "split": "test", "exact_value": 47.14}
{"id": "tips_000251", "topic": "tips", "subtopic": "tips_service", "prompt": "Bill is $13.74; service fee 5% and tip 20%. About how much do you pay in total?", "split": "test", "exact_value": 17.31}
{"id": "tips_000252", "topic": "tips", "subtopic": "tips_service", "prompt": "Bill is $24.40; service fee 3% and tip 15%. About how much do you pay in total?", "split": "test", "exact_value": 28.9}
{"id": "tips_000253", "topic": "tips", "subtopic": "tips_service", "prompt": "Bill is $93.15; service fee 5% and tip 22%. About how much do you pay in total?", "split": "test", "exact_value": 119.33}
{"id": "tips_000254", "topic": "tips", "subtopic": "tips_service", "prompt": "Bill is $37.04; service fee 3% and tip 22%. About how much do you pay in total?", "split": "test", "exact_value": 46.54}
{"id": "tips_000255", "topic": "tips", "subtopic": "tips_service", "prompt": "Bill is $34.14; service fee 5% and tip 22%. About how much do you pay in total?", "split": "test", "exact_value": 43.73}
{"id": "tips_000256", "topic": "tips", "subtopic": "tips_service", "prompt": "Bill is $69.10; service fee 5% and tip 20%. About how much do you pay in total?", "split": "test", "exact_value": 87.07}
{"id": "tips_000257", "topic": "tips", "subtopic": "tips_service", "prompt": "Bill is $60.64; service fee 5% and tip 20%. About how much do you pay in total?", "split": "test", "exact_value": 76.41}
{"id": "tips_000258", "topic": "tips", "subtopic": "tips_service", "prompt": "Bill is $92.73; service fee 5% and tip 20%. About how much do you pay in total?", "split": "test", "exact_value": 116.84}
{"id": "tips_000259", "topic": "tips", "subtopic": "tips_service", "prompt": "Bill is $106.19; service fee 0% and tip 22%. About how much do you pay in total?", "split": "test", "exact_value": 129.55}
{"id": "tips_000260", "topic": "tips", "subtopic": "tips_service", "prompt": "Bill is $38.43; service fee 3% and tip 20%. About how much do you pay in total?", "split": "test", "exact_value": 47.5}
{"id": "tips_000261", "topic": "tips", "subtopic": "tips_service", "prompt": "Bill is $40.51; service fee 0% and tip 22%. About how much do you pay in total?", "split": "test", "exact_value": 49.42}
{"id": "tips_000262", "topic": "tips", "subtopic": "tips_service", "prompt": "Bill is $111.23; service fee 5% and tip 18%. About how much do you pay in total?", "split": "test", "exact_value": 137.81}
{"id": "tips_000263", "topic": "tips", "subtopic": "tips_service", "prompt": "Bill is $46.57; service fee 3% and tip 20%. About how much do you pay in total?", "split": "test", "exact_value": 57.56}
{"id": "tips_000264", "topic": "tips", "subtopic": "tips_service", "prompt": "Bill is $39.11; service fee 3% and tip 22%. About how much do you pay in total?", "split": "test", "exact_value": 49.15}
{"id": "tips_000265", "topic": "tips", "subtopic": "tips_service", "prompt": "Bill is $41.99; service fee 5% and tip 22%. About how much do you pay in total?", "split": "test", "exact_value": 53.79}
{"id": "tips_000266", "topic": "tips", "subtopic": "tips_service", "prompt": "Bill is $29.04; service fee 0% and tip 18%. About how much do you pay in total?", "split": "test", "exact_value": 34.27}
{"id": "tips_000267", "topic": "tips", "subtopic": "tips_service", "prompt": "Bill is $66.82; service fee 3% and tip 22%. About how much do you pay in total?", "split": "test", "exact_value": 83.97}
{"id": "tips_000268", "topic": "tips", "subtopic": "tips_service", "prompt": "Bill is $51.87; service fee 5% and tip 15%. About how much do you pay in total?", "split": "test", "exact_value": 62.63}
{"id": "tips_000269", "topic": "tips", "subtopic": "tips_service", "prompt": "Bill is $20.79; service fee 3% and tip 22%. About how much do you pay in total?", "split": "test", "exact_value": 26.12}
{"id": "tips_000270", "topic": "tips", "subtopic": "tips_service", "prompt": "Bill is $52.32; service fee 0% and tip 18%. About how much do you pay in total?", "split": "test", "exact_value": 61.74}
{"id": "tips_000271", "topic": "tips", "subtopic": "tips_service", "prompt": "Bill is $90.89; service fee 5% and tip 15%. About how much do you pay in total?", "split": "test", "exact_value": 109.75}
{"id": "tips_000272", "topic": "tips", "subtopic": "tips_service", "prompt": "Bill is $96.13; service fee 3% and tip 15%. About how much do you pay in total?", "split": "test", "exact_value": 113.87}
{"id": "tips_000273", "topic": "tips", "subtopic": "tips_service", "prompt": "Bill is $75.63; service fee 3% and tip 20%. About how much do you pay in total?", "split": "test", "exact_value": 93.48}
{"id": "tips_000274", "topic": "tips", "subtopic": "tips_service", "prompt": "Bill is $49.87; service fee 3% and tip 15%. About how much do you pay in total?", "split": "test", "exact_value": 59.07}
{"id": "tips_000275", "topic": "tips", "subtopic": "tips_service", "prompt": "Bill is $36.85; service fee 5% and tip 20%. About how much do you pay in total?", "split": "test", "exact_value": 46.43}
{"id": "tips_000276", "topic": "tips", "subtopic": "tips_service", "prompt": "Bill is $51.35; service fee 3% and tip 15%. About how much do you pay in total?", "split": "test", "exact_value": 60.82}
{"id": "tips_000277", "topic": "tips", "subtopic": "tips_service", "prompt": "Bill is $90.77; service fee 5% and tip 15%. About how much do you pay in total?", "split": "test", "exact_value": 109.6}
{"id": "tips_000278", "topic": "tips", "subtopic": "tips_service", "prompt": "Bill is $36.20; service fee 0% and tip 20%. About how much do you pay in total?", "split": "test", "exact_value": 43.44}
{"id": "tips_000279", "topic": "tips", "subtopic": "tips_service", "prompt": "Bill is $43.37; service fee 5% and tip 18%. About how much do you pay in total?", "split": "test", "exact_value": 53.74}
{"id": "tips_000280", "topic": "tips", "subtopic": "tips_service", "prompt": "Bill is $91.85; service fee 0% and tip 22%. About how much do you pay in total?", "split": "test", "exact_value": 112.06}
{"id": "tips_000281", "topic": "tips", "subtopic": "tips_service", "prompt": "Bill is $117.91; service fee 5% and tip 18%. About how much do you pay in total?", "split": "test", "exact_value": 146.09}
{"id": "tips_000282", "topic": "tips", "subtopic": "tips_service", "prompt": "Bill is $37.30; service fee 3% and tip 15%. About how much do you pay in total?", "split": "test", "exact_value": 44.18}
{"id": "tips_000283", "topic": "tips", "subtopic": "tips_service", "prompt": "Bill is $48.31; service fee 3% and tip 18%. About how much do you pay in total?", "split": "test", "exact_value": 58.72}
{"id": "tips_000284", "topic": "tips", "subtopic": "tips_service", "prompt": "Bill is $106.75; service fee 5% and tip 18%. About how much do you pay in total?", "split": "test", "exact_value": 132.26}
{"id": "tips_000285", "topic": "tips", "subtopic": "tips_service", "prompt": "Bill is $51.79; service fee 3% and tip 22%. About how much do you pay in total?", "split": "test", "exact_value": 65.08}
{"id": "tips_000286", "topic": "tips", "subtopic": "tips_service", "prompt": "Bill is $112.73; service fee 5% and tip 15%. About how much do you pay in total?", "split": "test", "exact_value": 136.12}
{"id": "tips_000287", "topic": "tips", "subtopic": "tips_service", "prompt": "Bill is $54.76; service fee 5% and tip 18%. About how much do you pay in total?", "split": "test", "exact_value": 67.85}
{"id": "tips_000288", "topic": "tips", "subtopic": "tips_service", "prompt": "Bill is $32.08; service fee 5% and tip 15%. About how much do you pay in total?", "split": "test", "exact_value": 38.74}
{"id": "tips_000289", "topic": "tips", "subtopic": "tips_service", "prompt": "Bill is $55.56; service fee 5% and tip 15%. About how much do you pay in total?", "split": "test", "exact_value": 67.09}
{"id": "tips_000290", "topic": "tips", "subtopic": "tips_service", "prompt": "Bill is $64.93; service fee 5% and tip 22%. About how much do you pay in total?", "split": "test", "exact_value": 83.18}
{"id": "tips_000291", "topic": "tips", "subtopic": "tips_service", "prompt": "Bill is $47.12; service fee 5% and tip 22%. About how much do you pay in total?", "split": "test", "exact_value": 60.36}
{"id": "tips_000292", "topic": "tips", "subtopic": "tips_service", "prompt": "Bill is $82.38; service fee 5% and tip 18%. About how much do you pay in total?", "split": "test", "exact_value": 102.07}
{"id": "tips_000293", "topic": "tips", "subtopic": "tips_service", "prompt": "Bill is $96.97; service fee 3% and tip 18%. About how much do you pay in total?", "split": "test", "exact_value": 117.86}
{"id": "tips_000294", "topic": "tips", "subtopic": "tips_service", "prompt": "Bill is $104.01; service fee 0% and tip 22%. About how much do you pay in total?", "split": "test", "exact_value": 126.89}
{"id": "tips_000295", "topic": "tips", "subtopic": "tips_service", "prompt": "Bill is $17.12; service fee 3% and tip 22%. About how much do you pay in total?", "split": "test", "exact_value": 21.51}
{"id": "tips_000296", "topic": "tips", "subtopic": "tips_service", "prompt": "Bill is $35.71; service fee 3% and tip 18%. About how much do you pay in total?", "split": "test", "exact_value": 43.4}
{"id": "tips_000297", "topic": "tips", "subtopic": "tips_service", "prompt": "Bill is $103.32; service fee 0% and tip 22%. About how much do you pay in total?", "split": "test", "exact_value": 126.05}
{"id": "tips_000298", "topic": "tips", "subtopic": "tips_service", "prompt": "Bill is $73.48; service fee 5% and tip 22%. About how much do you pay in total?", "split": "test", "exact_value": 94.13}
{"id": "tips_000299", "topic": "tips", "subtopic": "tips_service", "prompt": "Bill is $99.52; service fee 0% and tip 20%. About how much do you pay in total?", "split": "test", "exact_value": 119.42}
{"id": "tips_000300", "topic": "tips", "subtopic": "tips_service", "prompt": "Bill is $97.42; service fee 5% and tip 15%. About how much do you pay in total?", "split": "test", "exact_value": 117.63}
{"id": "tips_000301", "topic": "tips", "subtopic": "tips_service", "prompt": "Bill is $81.40; service fee 3% and tip 20%. About how much do you pay in total?", "split": "test", "exact_value": 100.61}
{"id": "tips_000302", "topic": "tips", "subtopic": "tips_service", "prompt": "Bill is $83.47; service fee 5% and tip 22%. About how much do you pay in total?", "split": "test", "exact_value": 106.93}
{"id": "tips_000303", "topic": "tips", "subtopic": "tips_service", "prompt": "Bill is $27.17; service fee 0% and tip 22%. About how much do you pay in total?", "split": "test", "exact_value": 33.15}
{"id": "tips_000304", "topic": "tips", "subtopic": "tips_service", "prompt": "Bill is $114.08; service fee 5% and tip 15%. About how much do you pay in total?", "split": "test", "exact_value": 137.75}
{"id": "tips_000305", "topic": "tips", "subtopic": "tips_service", "prompt": "Bill is $20.82; service fee 5% and tip 22%. About how much do you pay in total?", "split": "test", "exact_value": 26.67}
{"id": "tips_000306", "topic": "tips", "subtopic": "tips_service", "prompt": "Bill is $36.98; service fee 5% and tip 18%. About how much do you pay in total?", "split": "test", "exact_value": 45.82}
{"id": "tips_000307", "topic": "tips", "subtopic": "tips_service", "prompt": "Bill is $114.55; service fee 3% and tip 22%. About how much do you pay in total?", "split": "test", "exact_value": 143.94}
{"id": "tips_000308", "topic": "tips", "subtopic": "tips_service", "prompt": "Bill is $27.95; service fee 3% and tip 18%. About how much do you pay in total?", "split": "test", "exact_value": 33.97}
{"id": "tips_000309", "topic": "tips", "subtopic": "tips_service", "prompt": "Bill is $43.28; service fee 0% and tip 18%. About how much do you pay in total?", "split": "test", "exact_value": 51.07}
{"id": "tips_000310", "topic": "tips", "subtopic": "tips_service", "prompt": "Bill is $47.92; service fee 5% and tip 20%. About how much do you pay in total?", "split": "test", "exact_value": 60.38}
{"id": "tips_000311", "topic": "tips", "subtopic": "tips_service", "prompt": "Bill is $20.47; service fee 3% and tip 20%. About how much do you pay in total?", "split": "test", "exact_value": 25.3}
{"id": "tips_000312", "topic": "tips", "subtopic": "tips_service", "prompt": "Bill is $65.99; service fee 3% and tip 15%. About how much do you pay in total?", "split": "test", "exact_value": 78.17}
{"id": "tips_000313", "topic": "tips", "subtopic": "tips_service", "prompt": "Bill is $59.74; service fee 5% and tip 18%. About how much do you pay in total?", "split": "test", "exact_value": 74.02}
{"id": "tips_000314", "topic": "tips", "subtopic": "tips_service", "prompt": "Bill is $71.52; service fee 0% and tip 22%. About how much do you pay in total?", "split": "test", "exact_value": 87.25}
{"id": "tips_000315", "topic": "tips", "subtopic": "tips_service", "prompt": "Bill is $42.02; service fee 5% and tip 20%. About how much do you pay in total?", "split": "test", "exact_value": 52.95}
{"id": "tips_000316", "topic": "tips", "subtopic": "tips_service", "prompt": "Bill is $21.78; service fee 5% and tip 22%. About how much do you pay in total?", "split": "test", "exact_value": 27.9}
{"id": "tips_000317", "topic": "tips", "subtopic": "tips_service", "prompt": "Bill is $15.70; service fee 0% and tip 20%. About how much do you pay in total?", "split": "test", "exact_value": 18.84}
{"id": "tips_000318", "topic": "tips", "subtopic": "tips_service", "prompt": "Bill is $65.44; service fee 0% and tip 20%. About how much do you pay in total?", "split": "test", "exact_value": 78.53}
{"id": "tips_000319", "topic": "tips", "subtopic": "tips_service", "prompt": "Bill is $86.59; service fee 3% and tip 15%. About how much do you pay in total?", "split": "test", "exact_value": 102.57}
{"id": "tips_000320", "topic": "tips", "subtopic": "tips_service", "prompt": "Bill is $33.15; service fee 3% and tip 22%. About how much do you pay in total?", "split": "test", "exact_value": 41.66}
{"id": "tips_000321", "topic": "tips", "subtopic": "tips_service", "prompt": "Bill is $78.81; service fee 0% and tip 22%. About how much do you pay in total?", "split": "test", "exact_value": 96.15}
{"id": "tips_000322", "topic": "tips", "subtopic": "tips_service", "prompt": "Bill is $59.24; service fee 5% and tip 18%. About how much do you pay in total?", "split": "test", "exact_value": 73.4}
{"id": "tips_000323", "topic": "tips", "subtopic": "tips_service", "prompt": "Bill is $114.12; service fee 3% and tip 15%. About how much do you pay in total?", "split": "test", "exact_value": 135.18}
{"id": "tips_000324", "topic": "tips", "subtopic": "tips_service", "prompt": "Bill is $92.00; service fee 3% and tip 15%. About how much do you pay in total?", "split": "test", "exact_value": 108.97}
{"id": "tips_000325", "topic": "tips", "subtopic": "tips_service", "prompt": "Bill is $20.86; service fee 0% and tip 18%. About how much do you pay in total?", "split": "test", "exact_value": 24.61}
{"id": "tips_000326", "topic": "tips", "subtopic": "tips_service", "prompt": "Bill is $56.14; service fee 3% and tip 22%. About how much do you pay in total?", "split": "test", "exact_value": 70.55}
{"id": "tips_000327", "topic": "tips", "subtopic": "tips_service", "prompt": "Bill is $31.62; service fee 5% and tip 18%. About how much do you pay in total?", "split": "test", "exact_value": 39.18}
{"id": "tips_000328", "topic": "tips", "subtopic": "tips_service", "prompt": "Bill is $23.53; service fee 5% and tip 22%. About how much do you pay in total?", "split": "test", "exact_value": 30.14}
{"id": "tips_000329", "topic": "tips", "subtopic": "tips_service", "prompt": "Bill is $38.17; service fee 0% and tip 22%. About how much do you pay in total?", "split": "test", "exact_value": 46.57}
{"id": "tips_000330", "topic": "tips", "subtopic": "tips_service", "prompt": "Bill is $101.42; service fee 3% and tip 18%. About how much do you pay in total?", "split": "test", "exact_value": 123.27}
{"id": "tips_000331", "topic": "tips", "subtopic": "tips_service", "prompt": "Bill is $105.43; service fee 0% and tip 20%. About how much do you pay in total?", "split": "test", "exact_value": 126.52}
{"id": "tips_000332", "topic": "tips", "subtopic": "tips_service", "prompt": "Bill is $60.58; service fee 0% and tip 18%. About how much do you pay in total?", "split": "test", "exact_value": 71.48}
{"id": "tips_000333", "topic": "tips", "subtopic": "tips_service", "prompt": "Bill is $43.19; service fee 3% and tip 18%. About how much do you pay in total?", "split": "test", "exact_value": 52.49}
{"id": "tips_000334", "topic": "tips", "subtopic": "tips_service", "prompt": "Bill is $21.12; service fee 0% and tip 22%. About how much do you pay in total?", "split": "test", "exact_value": 25.77}
{"id": "tips_000335", "topic": "tips", "subtopic": "tips_service", "prompt": "Bill is $63.78; service fee 3% and tip 15%. About how much do you pay in total?", "split": "test", "exact_value": 75.55}
{"id": "tips_000336", "topic": "tips", "subtopic": "tips_service", "prompt": "Bill is $86.36; service fee 5% and tip 15%. About how much do you pay in total?", "split": "test", "exact_value": 104.28}
{"id": "tips_000337", "topic": "tips", "subtopic": "tips_service", "prompt": "Bill is $52.17; service fee 0% and tip 18%. About how much do you pay in total?", "split": "test", "exact_value": 61.56}
{"id": "tips_000338", "topic": "tips", "subtopic": "tips_service", "prompt": "Bill is $56.06; service fee 5% and tip 20%. About how much do you pay in total?", "split": "test", "exact_value": 70.64}
{"id": "tips_000339", "topic": "tips", "subtopic": "tips_service", "prompt": "Bill is $111.50; service fee 3% and tip 18%. About how much do you pay in total?", "split": "test", "exact_value": 135.52}
{"id": "tips_000340", "topic": "tips", "subtopic": "tips_service", "prompt": "Bill is $96.06; service fee 3% and tip 15%. About how much do you pay in total?", "split": "test", "exact_value": 113.78}
{"id": "tips_000341", "topic": "tips", "subtopic": "tips_service", "prompt": "Bill is $59.85; service fee 5% and tip 18%. About how much do you pay in total?", "split": "test", "exact_value": 74.15}
{"id": "tips_000342", "topic": "tips", "subtopic": "tips_service", "prompt": "Bill is $54.62; service fee 5% and tip 20%. About how much do you pay in total?", "split": "test", "exact_value": 68.82}
{"id": "tips_000343", "topic": "tips", "subtopic": "tips_service", "prompt": "Bill is $56.69; service fee 3% and tip 22%. About how much do you pay in total?", "split": "test", "exact_value": 71.24}
{"id": "tips_000344", "topic": "tips", "subtopic": "tips_service", "prompt": "Bill is $63.92; service fee 5% and tip 20%. About how much do you pay in total?", "split": "test", "exact_value": 80.54}
{"id": "tips_000345", "topic": "tips", "subtopic": "tips_service", "prompt": "Bill is $50.42; service fee 5% and tip 18%. About how much do you pay in total?", "split": "test", "exact_value": 62.47}
{"id": "tips_000346", "topic": "tips", "subtopic": "tips_service", "prompt": "Bill is $110.71; service fee 3% and tip 20%. About how much do you pay in total?", "split": "test", "exact_value": 136.84}
{"id": "tips_000347", "topic": "tips", "subtopic": "tips_service", "prompt": "Bill is $22.85; service fee 3% and tip 15%. About how much do you pay in total?", "split": "test", "exact_value": 27.07}
{"id": "tips_000348", "topic": "tips", "subtopic": "tips_service", "prompt": "Bill is $113.89; service fee 3% and tip 22%. About how much do you pay in total?", "split": "test", "exact_value": 143.11}
{"id": "tips_000349", "topic": "tips", "subtopic": "tips_service", "prompt": "Bill is $109.22; service fee 3% and tip 18%. About how much do you pay in total?", "split": "test", "exact_value": 132.75}
{"id": "tips_000350", "topic": "tips", "subtopic": "tips_service", "prompt": "Bill is $117.54; service fee 0% and tip 20%. About how much do you pay in total?", "split": "test", "exact_value": 141.05}
{"id": "tips_000351", "topic": "tips", "subtopic": "tips_service", "prompt": "Bill is $31.31; service fee 0% and tip 15%. About how much do you pay in total?", "split": "test", "exact_value": 36.01}
{"id": "tips_000352", "topic": "tips", "subtopic": "tips_service", "prompt": "Bill is $79.84; service fee 3% and tip 20%. About how much do you pay in total?", "split": "test", "exact_value": 98.68}
{"id": "tips_000353", "topic": "tips", "subtopic": "tips_service", "prompt": "Bill is $69.09; service fee 0% and tip 18%. About how much do you pay in total?", "split": "test", "exact_value": 81.53}
{"id": "tips_000354", "topic": "tips", "subtopic": "tips_service", "prompt": "Bill is $49.00; service fee 3% and tip 20%. About how much do you pay in total?", "split": "test", "exact_value": 60.56}
{"id": "tips_000355", "topic": "tips", "subtopic": "tips_service", "prompt": "Bill is $96.69; service fee 0% and tip 18%. About how much do you pay in total?", "split": "test", "exact_value": 114.09}
{"id": "tips_000356", "topic": "tips", "subtopic": "tips_service", "prompt": "Bill is $68.85; service fee 3% and tip 18%. About how much do you pay in total?", "split": "test", "exact_value": 83.68}
{"id": "tips_000357", "topic": "tips", "subtopic": "tips_service", "prompt": "Bill is $113.65; service fee 3% and tip 15%. About how much do you pay in total?", "split": "test", "exact_value": 134.62}
{"id": "tips_000358", "topic": "tips", "subtopic": "tips_service", "prompt": "Bill is $21.25; service fee 3% and tip 15%. About how much do you pay in total?", "split": "test", "exact_value": 25.17}
{"id": "tips_000359", "topic": "tips", "subtopic": "tips_service", "prompt": "Bill is $91.40; service fee 5% and tip 20%. About how much do you pay in total?", "split": "test", "exact_value": 115.16}
{"id": "tips_000360", "topic": "tips", "subtopic": "tips_service", "prompt": "Bill is $38.43; service fee 3% and tip 22%. About how much do you pay in total?", "split": "test", "exact_value": 48.29}
{"id": "tips_000361", "topic": "tips", "subtopic": "tips_service", "prompt": "Bill is $13.49; service fee 3% and tip 15%. About how much do you pay in total?", "split": "test", "exact_value": 15.98}
{"id": "tips_000362", "topic": "tips", "subtopic": "tips_service", "prompt": "Bill is $94.78; service fee 0% and tip 15%. About how much do you pay in total?", "split": "test", "exact_value": 109.0}
{"id": "tips_000363", "topic": "tips", "subtopic": "tips_service", "prompt": "Bill is $49.07; service fee 5% and tip 20%. About how much do you pay in total?", "split": "test", "exact_value": 61.83}
{"id": "tips_000364", "topic": "tips", "subtopic": "tips_service", "prompt": "Bill is $53.30; service fee 0% and tip 22%. About how much do you pay in total?", "split": "test", "exact_value": 65.03}
{"id": "tips_000365", "topic": "tips", "subtopic": "tips_service", "prompt": "Bill is $36.94; service fee 0% and tip 20%. About how much do you pay in total?", "split": "test", "exact_value": 44.33}
{"id": "tips_000366", "topic": "tips", "subtopic": "tips_service", "prompt": "Bill is $88.10; service fee 5% and tip 22%. About how much do you pay in total?", "split": "test", "exact_value": 112.86}
{"id": "tips_000367", "topic": "tips", "subtopic": "tips_service", "prompt": "Bill is $82.68; service fee 0% and tip 15%. About how much do you pay in total?", "split": "test", "exact_value": 95.08}
{"id": "tips_000368", "topic": "tips", "subtopic": "tips_service", "prompt": "Bill is $16.47; service fee 3% and tip 20%. About how much do you pay in total?", "split": "test", "exact_value": 20.36}
{"id": "tips_000369", "topic": "tips", "subtopic": "tips_service", "prompt": "Bill is $71.62; service fee 5% and tip 15%. About how much do you pay in total?", "split": "test", "exact_value": 86.48}
{"id": "tips_000370", "topic": "tips", "subtopic": "tips_service", "prompt": "Bill is $71.80; service fee 0% and tip 18%. About how much do you pay in total?", "split": "test", "exact_value": 84.72}
{"id": "tips_000371", "topic": "tips", "subtopic": "tips_service", "prompt": "Bill is $79.63; service fee 3% and tip 15%. About how much do you pay in total?", "split": "test", "exact_value": 94.32}
{"id": "tips_000372", "topic": "tips", "subtopic": "tips_service", "prompt": "Bill is $106.41; service fee 5% and tip 15%. About how much do you pay in total?", "split": "test", "exact_value": 128.49}
{"id": "tips_000373", "topic": "tips", "subtopic": "tips_service", "prompt": "Bill is $53.52; service fee 5% and tip 20%. About how much do you pay in total?", "split": "test", "exact_value": 67.44}
{"id": "tips_000374", "topic": "tips", "subtopic": "tips_service", "prompt": "Bill is $38.14; service fee 5% and tip 22%. About how much do you pay in total?", "split": "test", "exact_value": 48.86}
{"id": "tips_000375", "topic": "tips", "subtopic": "tips_service", "prompt": "Bill is $49.61; service fee 5% and tip 15%. About how much do you pay in total?", "split": "test", "exact_value": 59.9}
{"id": "tips_000376", "topic": "tips", "subtopic": "tips_service", "prompt": "Bill is $36.33; service fee 0% and tip 22%. About how much do you pay in total?", "split": "test", "exact_value": 44.32}
{"id": "tips_000377", "topic": "tips", "subtopic": "tips_service", "prompt": "Bill is $72.74; service fee 3% and tip 22%. About how much do you pay in total?", "split": "test", "exact_value": 91.41}
{"id": "tips_000378", "topic": "tips", "subtopic": "tips_service", "prompt": "Bill is $64.62; service fee 3% and tip 18%. About how much do you pay in total?", "split": "test", "exact_value": 78.54}
{"id": "tips_000379", "topic": "tips", "subtopic": "tips_service", "prompt": "Bill is $51.18; service fee 3% and tip 15%. About how much do you pay in total?", "split": "test", "exact_value": 60.62}
{"id": "tips_000380", "topic": "tips", "subtopic": "tips_service", "prompt": "Bill is $16.15; service fee 0% and tip 18%. About how much do you pay in total?", "split": "test", "exact_value": 19.06}
{"id": "tips_000381", "topic": "tips", "subtopic": "tips_service", "prompt": "Bill is $49.74; service fee 5% and tip 20%. About how much do you pay in total?", "split": "test", "exact_value": 62.67}
{"id": "tips_000382", "topic": "tips", "subtopic": "tips_service", "prompt": "Bill is $84.13; service fee 3% and tip 20%. About how much do you pay in total?", "split": "test", "exact_value": 103.98}
{"id": "tips_000383", "topic": "tips", "subtopic": "tips_service", "prompt": "Bill is $81.87; service fee 3% and tip 22%. About how much do you pay in total?", "split": "test", "exact_value": 102.88}
{"id": "tips_000384", "topic": "tips", "subtopic": "tips_service", "prompt": "Bill is $87.85; service fee 0% and tip 15%. About how much do you pay in total?", "split": "test", "exact_value": 101.03}
{"id": "tips_000385", "topic": "tips", "subtopic": "tips_service", "prompt": "Bill is $90.80; service fee 3% and tip 20%. About how much do you pay in total?", "split": "test", "exact_value": 112.23}
{"id": "tips_000386", "topic": "tips", "subtopic": "tips_service", "prompt": "Bill is $34.87; service fee 3% and tip 15%. About how much do you pay in total?", "split": "test", "exact_value": 41.3}
{"id": "tips_000387", "topic": "tips", "subtopic": "tips_service", "prompt": "Bill is $87.76; service fee 3% and tip 22%. About how much do you pay in total?", "split": "test", "exact_value": 110.28}
{"id": "tips_000388", "topic": "tips", "subtopic": "tips_service", "prompt": "Bill is $80.25; service fee 0% and tip 20%. About how much do you pay in total?", "split": "test", "exact_value": 96.3}
{"id": "tips_000389", "topic": "tips", "subtopic": "tips_service", "prompt": "Bill is $44.57; service fee 0% and tip 22%. About how much do you pay in total?", "split": "test", "exact_value": 54.38}
{"id": "tips_000390", "topic": "tips", "subtopic": "tips_service", "prompt": "Bill is $91.78; service fee 5% and tip 15%. About how much do you pay in total?", "split": "test", "exact_value": 110.82}
{"id": "tips_000391", "topic": "tips", "subtopic": "tips_service", "prompt": "Bill is $74.59; service fee 0% and tip 22%. About how much do you pay in total?", "split": "test", "exact_value": 91.0}
{"id": "tips_000392", "topic": "tips", "subtopic": "tips_service", "prompt": "Bill is $19.94; service fee 5% and tip 15%. About how much do you pay in total?", "split": "test", "exact_value": 24.08}
{"id": "tips_000393", "topic": "tips", "subtopic": "tips_service", "prompt": "Bill is $66.12; service fee 3% and tip 15%. About how much do you pay in total?", "split": "test", "exact_value": 78.32}
{"id": "tips_000394", "topic": "tips", "subtopic": "tips_service", "prompt": "Bill is $116.72; service fee 0% and tip 15%. About how much do you pay in total?", "split": "test", "exact_value": 134.23}
{"id": "tips_000395", "topic": "tips", "subtopic": "tips_service", "prompt": "Bill is $108.48; service fee 5% and tip 18%. About how much do you pay in total?", "split": "test", "exact_value": 134.41}
{"id": "tips_000396", "topic": "tips", "subtopic": "tips_service", "prompt": "Bill is $70.92; service fee 5% and tip 22%. About how much do you pay in total?", "split": "test", "exact_value": 90.85}
{"id": "tips_000397", "topic": "tips", "subtopic": "tips_service", "prompt": "Bill is $23.73; service fee 5% and tip 18%. About how much do you pay in total?", "split": "test", "exact_value": 29.4}
{"id": "tips_000398", "topic": "tips", "subtopic": "tips_service", "prompt": "Bill is $22.36; service fee 0% and tip 15%. About how much do you pay in total?", "split": "test", "exact_value": 25.71}
{"id": "tips_000399", "topic": "tips", "subtopic": "tips_service", "prompt": "Bill is $53.15; service fee 3% and tip 20%. About how much do you pay in total?", "split": "test", "exact_value": 65.69}
{"id": "tips_000400", "topic": "tips", "subtopic": "tips_service", "prompt": "Bill is $112.17; service fee 0% and tip 22%. About how much do you pay in total?", "split": "test", "exact_value": 136.85}
{"id": "tips_000401", "topic": "tips", "subtopic": "tips_service", "prompt": "Bill is $51.93; service fee 0% and tip 18%. About how much do you pay in total?", "split": "test", "exact_value": 61.28}
{"id": "tips_000402", "topic": "tips", "subtopic": "tips_service", "prompt": "Bill is $28.72; service fee 0% and tip 20%. About how much do you pay in total?", "split": "test", "exact_value": 34.46}
{"id": "tips_000403", "topic": "tips", "subtopic": "tips_service", "prompt": "Bill is $57.54; service fee 3% and tip 18%. About how much do you pay in total?", "split": "test", "exact_value": 69.93}
{"id": "tips_000404", "topic": "tips", "subtopic": "tips_service", "prompt": "Bill is $55.46; service fee 3% and tip 22%. About how much do you pay in total?", "split": "test", "exact_value": 69.69}
{"id": "tips_000405", "topic": "tips", "subtopic": "tips_service", "prompt": "Bill is $30.60; service fee 5% and tip 18%. About how much do you pay in total?", "split": "test", "exact_value": 37.91}
{"id": "tips_000406", "topic": "tips", "subtopic": "tips_service", "prompt": "Bill is $50.30; service fee 5% and tip 22%. About how much do you pay in total?", "split": "test", "exact_value": 64.43}
{"id": "tips_000407", "topic": "tips", "subtopic": "tips_service", "prompt": "Bill is $81.00; service fee 3% and tip 20%. About how much do you pay in total?", "split": "test", "exact_value": 100.12}
{"id": "tips_000408", "topic": "tips", "subtopic": "tips_service", "prompt": "Bill is $42.25; service fee 5% and tip 15%. About how much do you pay in total?", "split": "test", "exact_value": 51.02}
{"id": "tips_000409", "topic": "tips", "subtopic": "tips_service", "prompt": "Bill is $18.47; service fee 0% and tip 22%. About how much do you pay in total?", "split": "test", "exact_value": 22.53}
{"id": "tips_000410", "topic": "tips", "subtopic": "tips_service", "prompt": "Bill is $62.35; service fee 5% and tip 18%. About how much do you pay in total?", "split": "test", "exact_value": 77.25}
{"id": "tips_000411", "topic": "tips", "subtopic": "tips_service", "prompt": "Bill is $35.81; service fee 3% and tip 20%. About how much do you pay in total?", "split": "test", "exact_value": 44.26}
{"id": "tips_000412", "topic": "tips", "subtopic": "tips_service", "prompt": "Bill is $22.16; service fee 0% and tip 22%. About how much do you pay in total?", "split": "test", "exact_value": 27.04}
{"id": "tips_000413", "topic": "tips", "subtopic": "tips_service", "prompt": "Bill is $108.53; service fee 3% and tip 18%. About how much do you pay in total?", "split": "test", "exact_value": 131.91}
{"id": "tips_000414", "topic": "tips", "subtopic": "tips_service", "prompt": "Bill is $113.28; service fee 3% and tip 15%. About how much do you pay in total?", "split": "test", "exact_value": 134.18}
{"id": "tips_000415", "topic": "tips", "subtopic": "tips_service", "prompt": "Bill is $102.10; service fee 3% and tip 20%. About how much do you pay in total?", "split": "test", "exact_value": 126.2}
{"id": "tips_000416", "topic": "tips", "subtopic": "tips_service", "prompt": "Bill is $21.46; service fee 3% and tip 22%. About how much do you pay in total?", "split": "test", "exact_value": 26.97}
{"id": "tips_000417", "topic": "tips", "subtopic": "tips_service", "prompt": "Bill is $15.98; service fee 3% and tip 20%. About how much do you pay in total?", "split": "test", "exact_value": 19.75}
{"id": "tips_000418", "topic": "tips", "subtopic": "tips_service", "prompt": "Bill is $94.73; service fee 0% and tip 20%. About how much do you pay in total?", "split": "test", "exact_value": 113.68}
{"id": "tips_000419", "topic": "tips", "subtopic": "tips_service", "prompt": "Bill is $58.46; service fee 3% and tip 20%. About how much do you pay in total?", "split": "test", "exact_value": 72.26}
{"id": "tips_000420", "topic": "tips", "subtopic": "tips_service", "prompt": "Bill is $85.68; service fee 5% and tip 18%. About how much do you pay in total?", "split": "test", "exact_value": 106.16}
{"id": "tips_000421", "topic": "tips", "subtopic": "tips_service", "prompt": "Bill is $109.52; service fee 5% and tip 22%. About how much do you pay in total?", "split": "test", "exact_value": 140.3}
{"id": "tips_000422", "topic": "tips", "subtopic": "tips_service", "prompt": "Bill is $76.38; service fee 3% and tip 20%. About how much do you pay in total?", "split": "test", "exact_value": 94.41}
{"id": "tips_000423", "topic": "tips", "subtopic": "tips_service", "prompt": "Bill is $21.32; service fee 0% and tip 15%. About how much do you pay in total?", "split": "test", "exact_value": 24.52}
{"id": "tips_000424", "topic": "tips", "subtopic": "tips_service", "prompt": "Bill is $112.66; service fee 5% and tip 22%. About how much do you pay in total?", "split": "test", "exact_value": 144.32}
{"id": "tips_000425", "topic": "tips", "subtopic": "tips_service", "prompt": "Bill is $16.81; service fee 3% and tip 22%. About how much do you pay in total?", "split": "test", "exact_value": 21.12}
{"id": "tips_000426", "topic": "tips", "subtopic": "tips_service", "prompt": "Bill is $26.58; service fee 5% and tip 18%. About how much do you pay in total?", "split": "test", "exact_value": 32.93}
{"id": "tips_000427", "topic": "tips", "subtopic": "tips_service", "prompt": "Bill is $99.26; service fee 0% and tip 22%. About how much do you pay in total?", "split": "test", "exact_value": 121.1}
{"id": "tips_000428", "topic": "tips", "subtopic": "tips_service", "prompt": "Bill is $76.18; service fee 5% and tip 20%. About how much do you pay in total?", "split": "test", "exact_value": 95.99}
{"id": "tips_000429", "topic": "tips", "subtopic": "tips_service", "prompt": "Bill is $29.80; service fee 3% and tip 18%. About how much do you pay in total?", "split": "test", "exact_value": 36.22}
{"id": "tips_000430", "topic": "tips", "subtopic": "tips_service", "prompt": "Bill is $84.37; service fee 5% and tip 15%. About how much do you pay in total?", "split": "test", "exact_value": 101.88}
{"id": "tips_000431", "topic": "tips", "subtopic": "tips_service", "prompt": "Bill is $98.58; service fee 5% and tip 20%. About how much do you pay in total?", "split": "test", "exact_value": 124.21}
{"id": "tips_000432", "topic": "tips", "subtopic": "tips_service", "prompt": "Bill is $84.99; service fee 3% and tip 20%. About how much do you pay in total?", "split": "test", "exact_value": 105.05}
{"id": "tips_000433", "topic": "tips", "subtopic": "tips_service", "prompt": "Bill is $40.25; service fee 0% and tip 20%. About how much do you pay in total?", "split": "test", "exact_value": 48.3}
{"id": "tips_000434", "topic": "tips", "subtopic": "tips_service", "prompt": "Bill is $98.05; service fee 5% and tip 22%. About how much do you pay in total?", "split": "test", "exact_value": 125.6}
{"id": "tips_000435", "topic": "tips", "subtopic": "tips_service", "prompt": "Bill is $25.39; service fee 0% and tip 20%. About how much do you pay in total?", "split": "test", "exact_value": 30.47}
{"id": "tips_000436", "topic": "tips", "subtopic": "tips_service", "prompt": "Bill is $42.50; service fee 3% and tip 20%. About how much do you pay in total?", "split": "test", "exact_value": 52.53}
{"id": "tips_000437", "topic": "tips", "subtopic": "tips_service", "prompt": "Bill is $48.88; service fee 5% and tip 15%. About how much do you pay in total?", "split": "test", "exact_value": 59.02}
{"id": "tips_000438", "topic": "tips", "subtopic": "tips_service", "prompt": "Bill is $33.33; service fee 5% and tip 22%. About how much do you pay in total?", "split": "test", "exact_value": 42.7}
{"id": "tips_000439", "topic": "tips", "subtopic": "tips_service", "prompt": "Bill is $28.46; service fee 0% and tip 15%. About how much do you pay in total?", "split": "test", "exact_value": 32.73}
{"id": "tips_000440", "topic": "tips", "subtopic": "tips_service", "prompt": "Bill is $69.60; service fee 5% and tip 15%. About how much do you pay in total?", "split": "test", "exact_value": 84.04}
{"id": "tips_000441", "topic": "tips", "subtopic": "tips_service", "prompt": "Bill is $50.89; service fee 0% and tip 15%. About how much do you pay in total?", "split": "test", "exact_value": 58.52}
{"id": "tips_000442", "topic": "tips", "subtopic": "tips_service", "prompt": "Bill is $74.17; service fee 3% and tip 20%. About how much do you pay in total?", "split": "test", "exact_value": 91.67}
{"id": "tips_000443", "topic": "tips", "subtopic": "tips_service", "prompt": "Bill is $112.41; service fee 0% and tip 20%. About how much do you pay in total?", "split": "test", "exact_value": 134.89}
{"id": "tips_000444", "topic": "tips", "subtopic": "tips_service", "prompt": "Bill is $105.56; service fee 0% and tip 20%. About how much do you pay in total?", "split": "test", "exact_value": 126.67}
{"id": "tips_000445", "topic": "tips", "subtopic": "tips_service", "prompt": "Bill is $51.72; service fee 5% and tip 15%. About how much do you pay in total?", "split": "test", "exact_value": 62.45}
{"id": "tips_000446", "topic": "tips", "subtopic": "tips_service", "prompt": "Bill is $109.71; service fee 5% and tip 18%. About how much do you pay in total?", "split": "test", "exact_value": 135.93}
{"id": "tips_000447", "topic": "tips", "subtopic": "tips_service", "prompt": "Bill is $13.43; service fee 3% and tip 18%. About how much do you pay in total?", "split": "test", "exact_value": 16.32}
{"id": "tips_000448", "topic": "tips", "subtopic": "tips_service", "prompt": "Bill is $19.76; service fee 0% and tip 22%. About how much do you pay in total?", "split": "test", "exact_value": 24.11}
{"id": "tips_000449", "topic": "tips", "subtopic": "tips_service", "prompt": "Bill is $34.20; service fee 5% and tip 15%. About how much do you pay in total?", "split": "test", "exact_value": 41.3}
{"id": "tips_000450", "topic": "tips", "subtopic": "tips_service", "prompt": "Bill is $83.71; service fee 3% and tip 18%. About how much do you pay in total?", "split": "test", "exact_value": 101.74}
{"id": "tips_000451", "topic": "tips", "subtopic": "tips_service", "prompt": "Bill is $69.19; service fee 5% and tip 15%. About how much do you pay in total?", "split": "test", "exact_value": 83.55}
{"id": "tips_000452", "topic": "tips", "subtopic": "tips_service", "prompt": "Bill is $96.57; service fee 3% and tip 18%. About how much do you pay in total?", "split": "test", "exact_value": 117.37}
{"id": "tips_000453", "topic": "tips", "subtopic": "tips_service", "prompt": "Bill is $62.75; service fee 0% and tip 22%. About how much do you pay in total?", "split": "test", "exact_value": 76.56}
{"id": "tips_000454", "topic": "tips", "subtopic": "tips_service", "prompt": "Bill is $38.34; service fee 0% and tip 22%. About how much do you pay in total?", "split": "test", "exact_value": 46.77}
{"id": "tips_000455", "topic": "tips", "subtopic": "tips_service", "prompt": "Bill is $60.47; service fee 3% and tip 22%. About how much do you pay in total?", "split": "test", "exact_value": 75.99}
{"id": "tips_000456", "topic": "tips", "subtopic": "tips_service", "prompt": "Bill is $43.47; service fee 5% and tip 20%. About how much do you pay in total?", "split": "test", "exact_value": 54.77}
{"id": "tips_000457", "topic": "tips", "subtopic": "tips_service", "prompt": "Bill is $97.70; service fee 5% and tip 15%. About how much do you pay in total?", "split": "test", "exact_value": 117.97}
{"id": "tips_000458", "topic": "tips", "subtopic": "tips_service", "prompt": "Bill is $80.53; service fee 3% and tip 20%. About how much do you pay in total?", "split": "test", "exact_value": 99.54}
{"id": "tips_000459", "topic": "tips", "subtopic": "tips_service", "prompt": "Bill is $70.04; service fee 5% and tip 22%. About how much do you pay in total?", "split": "test", "exact_value": 89.72}
{"id": "tips_000460", "topic": "tips", "subtopic": "tips_service", "prompt": "Bill is $88.29; service fee 5% and tip 20%. About how much do you pay in total?", "split": "test", "exact_value": 111.25}
{"id": "tips_000461", "topic": "tips", "subtopic": "tips_service", "prompt": "Bill is $86.09; service fee 3% and tip 20%. About how much do you pay in total?", "split": "test", "exact_value": 106.41}
{"id": "tips_000462", "topic": "tips", "subtopic": "tips_service", "prompt": "Bill is $77.57; service fee 0% and tip 18%. About how much do you pay in total?", "split": "test", "exact_value": 91.53}
{"id": "tips_000463", "topic": "tips", "subtopic": "tips_service", "prompt": "Bill is $33.74; service fee 3% and tip 22%. About how much do you pay in total?", "split": "test", "exact_value": 42.4}
{"id": "tips_000464", "topic": "tips", "subtopic": "tips_service", "prompt": "Bill is $80.82; service fee 0% and tip 22%. About how much do you pay in total?", "split": "test", "exact_value": 98.6}
{"id": "tips_000465", "topic": "tips", "subtopic": "tips_service", "prompt": "Bill is $118.72; service fee 3% and tip 22%. About how much do you pay in total?", "split": "test", "exact_value": 149.18}
{"id": "tips_000466", "topic": "tips", "subtopic": "tips_service", "prompt": "Bill is $66.50; service fee 5% and tip 15%. About how much do you pay in total?", "split": "test", "exact_value": 80.3}
{"id": "tips_000467", "topic": "tips", "subtopic": "tips_service", "prompt": "Bill is $47.68; service fee 5% and tip 22%. About how much do you pay in total?", "split": "test", "exact_value": 61.08}
{"id": "tips_000468", "topic": "tips", "subtopic": "tips_service", "prompt": "Bill is $57.65; service fee 5% and tip 22%. About how much do you pay in total?", "split": "test", "exact_value": 73.85}
{"id": "tips_000469", "topic": "tips", "subtopic": "tips_service", "prompt": "Bill is $66.15; service fee 0% and tip 18%. About how much do you pay in total?", "split": "test", "exact_value": 78.06}
{"id": "tips_000470", "topic": "tips", "subtopic": "tips_service", "prompt": "Bill is $32.67; service fee 0% and tip 22%. About how much do you pay in total?", "split": "test", "exact_value": 39.86}
{"id": "tips_000471", "topic": "tips", "subtopic": "tips_service", "prompt": "Bill is $109.41; service fee 0% and tip 18%. About how much do you pay in total?", "split": "test", "exact_value": 129.1}
{"id": "tips_000472", "topic": "tips", "subtopic": "tips_service", "prompt": "Bill is $64.24; service fee 3% and tip 15%. About how much do you pay in total?", "split": "test", "exact_value": 76.09}
{"id": "tips_000473", "topic": "tips", "subtopic": "tips_service", "prompt": "Bill is $38.28; service fee 0% and tip 15%. About how much do you pay in total?", "split": "test", "exact_value": 44.02}
{"id": "tips_000474", "topic": "tips", "subtopic": "tips_service", "prompt": "Bill is $71.89; service fee 0% and tip 18%. About how much do you pay in total?", "split": "test", "exact_value": 84.83}
{"id": "tips_000475", "topic": "tips", "subtopic": "tips_service", "prompt": "Bill is $33.57; service fee 5% and tip 20%. About how much do you pay in total?", "split": "test", "exact_value": 42.3}
{"id": "tips_000476", "topic": "tips", "subtopic": "tips_service", "prompt": "Bill is $113.67; service fee 5% and tip 15%. About how much do you pay in total?", "split": "test", "exact_value": 137.26}
{"id": "tips_000477", "topic": "tips", "subtopic": "tips_service", "prompt": "Bill is $13.70; service fee 3% and tip 22%. About how much do you pay in total?", "split": "test", "exact_value": 17.22}
{"id": "tips_000478", "topic": "tips", "subtopic": "tips_service", "prompt": "Bill is $42.19; service fee 0% and tip 15%. About how much do you pay in total?", "split": "test", "exact_value": 48.52}
{"id": "tips_000479", "topic": "tips", "subtopic": "tips_service", "prompt": "Bill is $38.95; service fee 5% and tip 18%. About how much do you pay in total?", "split": "test", "exact_value": 48.26}
{"id": "tips_000480", "topic": "tips", "subtopic": "tips_service", "prompt": "Bill is $18.30; service fee 5% and tip 15%. About how much do you pay in total?", "split": "test", "exact_value": 22.1}
{"id": "tips_000481", "topic": "tips", "subtopic": "tips_service", "prompt": "Bill is $35.98; service fee 0% and tip 20%. About how much do you pay in total?", "split": "test", "exact_value": 43.18}
{"id": "tips_000482", "topic": "tips", "subtopic": "tips_service", "prompt": "Bill is $19.77; service fee 3% and tip 20%. About how much do you pay in total?", "split": "test", "exact_value": 24.44}
{"id": "tips_000483", "topic": "tips", "subtopic": "tips_service", "prompt": "Bill is $95.69; service fee 5% and tip 18%. About how much do you pay in total?", "split": "test", "exact_value": 118.56}
{"id": "tips_000484", "topic": "tips", "subtopic": "tips_service", "prompt": "Bill is $64.27; service fee 3% and tip 15%. About how much do you pay in total?", "split": "test", "exact_value": 76.13}
{"id": "tips_000485", "topic": "tips", "subtopic": "tips_service", "prompt": "Bill is $64.35; service fee 0% and tip 20%. About how much do you pay in total?", "split": "test", "exact_value": 77.22}
{"id": "tips_000486", "topic": "tips", "subtopic": "tips_service", "prompt": "Bill is $104.91; service fee 0% and tip 15%. About how much do you pay in total?", "split": "test", "exact_value": 120.65}
{"id": "tips_000487", "topic": "tips", "subtopic": "tips_service", "prompt": "Bill is $84.77; service fee 0% and tip 22%. About how much do you pay in total?", "split": "test", "exact_value": 103.42}
{"id": "tips_000488", "topic": "tips", "subtopic": "tips_service", "prompt": "Bill is $66.01; service fee 0% and tip 18%. About how much do you pay in total?", "split": "test", "exact_value": 77.89}
{"id": "tips_000489", "topic": "tips", "subtopic": "tips_service", "prompt": "Bill is $89.30; service fee 0% and tip 20%. About how much do you pay in total?", "split": "test", "exact_value": 107.16}
{"id": "tips_000490", "topic": "tips", "subtopic": "tips_service", "prompt": "Bill is $43.29; service fee 0% and tip 15%. About how much do you pay in total?", "split": "test", "exact_value": 49.78}
{"id": "tips_000491", "topic": "tips", "subtopic": "tips_service", "prompt": "Bill is $56.32; service fee 0% and tip 18%. About how much do you pay in total?", "split": "test", "exact_value": 66.46}
{"id": "tips_000492", "topic": "tips", "subtopic": "tips_service", "prompt": "Bill is $45.58; service fee 5% and tip 22%. About how much do you pay in total?", "split": "test", "exact_value": 58.39}
{"id": "tips_000493", "topic": "tips", "subtopic": "tips_service", "prompt": "Bill is $81.02; service fee 0% and tip 18%. About how much do you pay in total?", "split": "test", "exact_value": 95.6}
{"id": "tips_000494", "topic": "tips", "subtopic": "tips_service", "prompt": "Bill is $112.77; service fee 0% and tip 20%. About how much do you pay in total?", "split": "test", "exact_value": 135.32}
{"id": "tips_000495", "topic": "tips", "subtopic": "tips_service", "prompt": "Bill is $80.94; service fee 3% and tip 18%. About how much do you pay in total?", "split": "test", "exact_value": 98.37}
{"id": "tips_000496", "topic": "tips", "subtopic": "tips_service", "prompt": "Bill is $115.86; service fee 0% and tip 15%. About how much do you pay in total?", "split": "test", "exact_value": 133.24}
{"id": "tips_000497", "topic": "tips", "subtopic": "tips_service", "prompt": "Bill is $48.43; service fee 0% and tip 22%. About how much do you pay in total?", "split": "test", "exact_value": 59.08}
{"id": "tips_000498", "topic": "tips", "subtopic": "tips_service", "prompt": "Bill is $19.03; service fee 0% and tip 20%. About how much do you pay in total?", "split": "test", "exact_value": 22.84}
{"id": "tips_000499", "topic": "tips", "subtopic": "tips_service", "prompt": "Bill is $20.36; service fee 5% and tip 22%. About how much do you pay in total?", "split": "test", "exact_value": 26.08}
{"id": "tips_000500", "topic": "tips", "subtopic": "tips_service", "prompt": "Bill is $108.12; service fee 5% and tip 22%. About how much do you pay in total?", "split": "test", "exact_value": 138.5}
{"id": "tips_000501", "topic": "tips", "subtopic": "tips_service", "prompt": "Bill is $13.91; service fee 5% and tip 18%. About how much do you pay in total?", "split": "test", "exact_value": 17.23}
{"id": "tips_000502", "topic": "tips", "subtopic": "tips_service", "prompt": "Bill is $78.43; service fee 0% and tip 15%. About how much do you pay in total?", "split": "test", "exact_value": 90.19}
{"id": "tips_000503", "topic": "tips", "subtopic": "tips_service", "prompt": "Bill is $72.95; service fee 5% and tip 22%. About how much do you pay in total?", "split": "test", "exact_value": 93.45}
{"id": "tips_000504", "topic": "tips", "subtopic": "tips_service", "prompt": "Bill is $50.21; service fee 5% and tip 22%. About how much do you pay in total?", "split": "test", "exact_value": 64.32}
{"id": "tips_000505", "topic": "tips", "subtopic": "tips_service", "prompt": "Bill is $54.73; service fee 0% and tip 20%. About how much do you pay in total?", "split": "test", "exact_value": 65.68}
{"id": "tips_000506", "topic": "tips", "subtopic": "tips_service", "prompt": "Bill is $117.91; service fee 3% and tip 18%. About how much do you pay in total?", "split": "test", "exact_value": 143.31}
{"id": "tips_000507", "topic": "tips", "subtopic": "tips_service", "prompt": "Bill is $71.65; service fee 5% and tip 22%. About how much do you pay in total?", "split": "test", "exact_value": 91.78}
{"id": "tips_000508", "topic": "tips", "subtopic": "tips_service", "prompt": "Bill is $112.44; service fee 0% and tip 18%. About how much do you pay in total?", "split": "test", "exact_value": 132.68}
{"id": "tips_000509", "topic": "tips", "subtopic": "tips_service", "prompt": "Bill is $43.42; service fee 0% and tip 22%. About how much do you pay in total?", "split": "test", "exact_value": 52.97}
{"id": "tips_000510", "topic": "tips", "subtopic": "tips_service", "prompt": "Bill is $62.87; service fee 0% and tip 18%. About how much do you pay in total?", "split": "test", "exact_value": 74.19}
{"id": "tips_000511", "topic": "tips", "subtopic": "tips_service", "prompt": "Bill is $68.75; service fee 0% and tip 22%. About how much do you pay in total?", "split": "test", "exact_value": 83.88}
{"id": "tips_000512", "topic": "tips", "subtopic": "tips_service", "prompt": "Bill is $111.74; service fee 5% and tip 18%. About how much do you pay in total?", "split": "test", "exact_value": 138.45}
{"id": "tips_000513", "topic": "tips", "subtopic": "tips_service", "prompt": "Bill is $13.93; service fee 5% and tip 15%. About how much do you pay in total?", "split": "test", "exact_value": 16.82}
{"id": "tips_000514", "topic": "tips", "subtopic": "tips_service", "prompt": "Bill is $108.52; service fee 0% and tip 18%. About how much do you pay in total?", "split": "test", "exact_value": 128.05}
{"id": "tips_000515", "topic": "tips", "subtopic": "tips_service", "prompt": "Bill is $110.65; service fee 5% and tip 20%. About how much do you pay in total?", "split": "test", "exact_value": 139.42}
{"id": "tips_000516", "topic": "tips", "subtopic": "tips_service", "prompt": "Bill is $83.82; service fee 3% and tip 18%. About how much do you pay in total?", "split": "test", "exact_value": 101.87}
{"id": "tips_000517", "topic": "tips", "subtopic": "tips_service", "prompt": "Bill is $97.98; service fee 0% and tip 22%. About how much do you pay in total?", "split": "test", "exact_value": 119.54}
{"id": "tips_000518", "topic": "tips", "subtopic": "tips_service", "prompt": "Bill is $80.31; service fee 3% and tip 20%. About how much do you pay in total?", "split": "test", "exact_value": 99.26}
{"id": "tips_000519", "topic": "tips", "subtopic": "tips_service", "prompt": "Bill is $42.82; service fee 5% and tip 20%. About how much do you pay in total?", "split": "test", "exact_value": 53.95}
{"id": "tips_000520", "topic": "tips", "subtopic": "tips_service", "prompt": "Bill is $60.48; service fee 0% and tip 18%. About how much do you pay in total?", "split": "test", "exact_value": 71.37}
{"id": "tips_000521", "topic": "tips", "subtopic": "tips_service", "prompt": "Bill is $36.95; service fee 0% and tip 22%. About how much do you pay in total?", "split": "test", "exact_value": 45.08}
{"id": "tips_000522", "topic": "tips", "subtopic": "tips_service", "prompt": "Bill is $69.56; service fee 0% and tip 20%. About how much do you pay in total?", "split": "test", "exact_value": 83.47}
{"id": "tips_000523", "topic": "tips", "subtopic": "tips_service", "prompt": "Bill is $28.49; service fee 0% and tip 18%. About how much do you pay in total?", "split": "test", "exact_value": 33.62}
{"id": "tips_000524", "topic": "tips", "subtopic": "tips_service", "prompt": "Bill is $26.60; service fee 5% and tip 22%. About how much do you pay in total?", "split": "test", "exact_value": 34.07}
{"id": "tips_000525", "topic": "tips", "subtopic": "tips_service", "prompt": "Bill is $85.33; service fee 3% and tip 20%. About how much do you pay in total?", "split": "test", "exact_value": 105.47}
{"id": "tips_000526", "topic": "tips", "subtopic": "tips_service", "prompt": "Bill is $16.01; service fee 5% and tip 20%. About how much do you pay in total?", "split": "test", "exact_value": 20.17}
{"id": "tips_000527", "topic": "tips", "subtopic": "tips_service", "prompt": "Bill is $84.44; service fee 5% and tip 18%. About how much do you pay in total?", "split": "test", "exact_value": 104.62}
{"id": "tips_000528", "topic": "tips", "subtopic": "tips_service", "prompt": "Bill is $85.86; service fee 3% and tip 20%. About how much do you pay in total?", "split": "test", "exact_value": 106.12}
{"id": "tips_000529", "topic": "tips", "subtopic": "tips_service", "prompt": "Bill is $95.25; service fee 3% and tip 20%. About how much do you pay in total?", "split": "test", "exact_value": 117.73}
{"id": "tips_000530", "topic": "tips", "subtopic": "tips_service", "prompt": "Bill is $37.35; service fee 5% and tip 15%. About how much do you pay in total?", "split": "test", "exact_value": 45.1}
{"id": "tips_000531", "topic": "tips", "subtopic": "tips_service", "prompt": "Bill is $70.00; service fee 3% and tip 20%. About how much do you pay in total?", "split": "test", "exact_value": 86.52}
{"id": "tips_000532", "topic": "tips", "subtopic": "tips_service", "prompt": "Bill is $76.82; service fee 5% and tip 22%. About how much do you pay in total?", "split": "test", "exact_value": 98.41}
{"id": "tips_000533", "topic": "tips", "subtopic": "tips_service", "prompt": "Bill is $17.63; service fee 5% and tip 22%. About how much do you pay in total?", "split": "test", "exact_value": 22.58}
{"id": "tips_000534", "topic": "tips", "subtopic": "tips_service", "prompt": "Bill is $101.76; service fee 5% and tip 18%. About how much do you pay in total?", "split": "test", "exact_value": 126.08}
{"id": "tips_000535", "topic": "tips", "subtopic": "tips_service", "prompt": "Bill is $118.09; service fee 0% and tip 22%. About how much do you pay in total?", "split": "test", "exact_value": 144.07}
{"id": "tips_000536", "topic": "tips", "subtopic": "tips_service", "prompt": "Bill is $55.18; service fee 3% and tip 18%. About how much do you pay in total?", "split": "test", "exact_value": 67.07}
{"id": "tips_000537", "topic": "tips", "subtopic": "tips_service", "prompt": "Bill is $102.97; service fee 5% and tip 20%. About how much do you pay in total?", "split": "test", "exact_value": 129.74}
{"id": "tips_000538", "topic": "tips", "subtopic": "tips_service", "prompt": "Bill is $82.15; service fee 3% and tip 15%. About how much do you pay in total?", "split": "test", "exact_value": 97.31}
{"id": "tips_000539", "topic": "tips", "subtopic": "tips_service", "prompt": "Bill is $101.81; service fee 5% and tip 20%. About how much do you pay in total?", "split": "test", "exact_value": 128.28}
{"id": "tips_000540", "topic": "tips", "subtopic": "tips_service", "prompt": "Bill is $38.35; service fee 3% and tip 22%. About how much do you pay in total?", "split": "test", "exact_value": 48.19}
{"id": "tips_000541", "topic": "tips", "subtopic": "tips_service", "prompt": "Bill is $16.18; service fee 5% and tip 22%. About how much do you pay in total?", "split": "test", "exact_value": 20.73}
{"id": "tips_000542", "topic": "tips", "subtopic": "tips_service", "prompt": "Bill is $62.20; service fee 5% and tip 15%. About how much do you pay in total?", "split": "test", "exact_value": 75.11}
{"id": "tips_000543", "topic": "tips", "subtopic": "tips_service", "prompt": "Bill is $74.75; service fee 0% and tip 18%. About how much do you pay in total?", "split": "test", "exact_value": 88.21}
{"id": "tips_000544", "topic": "tips", "subtopic": "tips_service", "prompt": "Bill is $59.93; service fee 0% and tip 18%. About how much do you pay in total?", "split": "test", "exact_value": 70.72}
{"id": "tips_000545", "topic": "tips", "subtopic": "tips_service", "prompt": "Bill is $80.06; service fee 0% and tip 15%. About how much do you pay in total?", "split": "test", "exact_value": 92.07}
{"id": "tips_000546", "topic": "tips", "subtopic": "tips_service", "prompt": "Bill is $94.72; service fee 3% and tip 15%. About how much do you pay in total?", "split": "test", "exact_value": 112.2}
{"id": "tips_000547", "topic": "tips", "subtopic": "tips_service", "prompt": "Bill is $32.84; service fee 0% and tip 18%. About how much do you pay in total?", "split": "test", "exact_value": 38.75}
{"id": "tips_000548", "topic": "tips", "subtopic": "tips_service", "prompt": "Bill is $99.07; service fee 5% and tip 20%. About how much do you pay in total?", "split": "test", "exact_value": 124.83}
{"id": "tips_000549", "topic": "tips", "subtopic": "tips_service", "prompt": "Bill is $57.43; service fee 3% and tip 22%. About how much do you pay in total?", "split": "test", "exact_value": 72.17}
{"id": "tips_000550", "topic": "tips", "subtopic": "tips_service", "prompt": "Bill is $13.99; service fee 0% and tip 15%. About how much do you pay in total?", "split": "test", "exact_value": 16.09}
{"id": "tips_000551", "topic": "tips", "subtopic": "tips_service", "prompt": "Bill is $45.74; service fee 0% and tip 15%. About how much do you pay in total?", "split": "test", "exact_value": 52.6}
{"id": "tips_000552", "topic": "tips", "subtopic": "tips_service", "prompt": "Bill is $107.76; service fee 0% and tip 18%. About how much do you pay in total?", "split": "test", "exact_value": 127.16}
{"id": "tips_000553", "topic": "tips", "subtopic": "tips_service", "prompt": "Bill is $47.30; service fee 3% and tip 15%. About how much do you pay in total?", "split": "test", "exact_value": 56.03}
{"id": "tips_000554", "topic": "tips", "subtopic": "tips_service", "prompt": "Bill is $29.97; service fee 3% and tip 18%. About how much do you pay in total?", "split": "test", "exact_value": 36.43}
{"id": "tips_000555", "topic": "tips", "subtopic": "tips_service", "prompt": "Bill is $17.89; service fee 0% and tip 18%. About how much do you pay in total?", "split": "test", "exact_value": 21.11}
{"id": "tips_000556", "topic": "tips", "subtopic": "tips_service", "prompt": "Bill is $118.89; service fee 0% and tip 20%. About how much do you pay in total?", "split": "test", "exact_value": 142.67}
{"id": "tips_000557", "topic": "tips", "subtopic": "tips_service", "prompt": "Bill is $94.14; service fee 0% and tip 22%. About how much do you pay in total?", "split": "test", "exact_value": 114.85}
{"id": "tips_000558", "topic": "tips", "subtopic": "tips_service", "prompt": "Bill is $36.96; service fee 0% and tip 22%. About how much do you pay in total?", "split": "test", "exact_value": 45.09}
{"id": "tips_000559", "topic": "tips", "subtopic": "tips_service", "prompt": "Bill is $43.63; service fee 0% and tip 18%. About how much do you pay in total?", "split": "test", "exact_value": 51.48}
{"id": "tips_000560", "topic": "tips", "subtopic": "tips_service", "prompt": "Bill is $23.38; service fee 3% and tip 15%. About how much do you pay in total?", "split": "test", "exact_value": 27.69}
{"id": "tips_000561", "topic": "tips", "subtopic": "tips_service", "prompt": "Bill is $21.26; service fee 0% and tip 22%. About how much do you pay in total?", "split": "test", "exact_value": 25.94}
{"id": "tips_000562", "topic": "tips", "subtopic": "tips_service", "prompt": "Bill is $77.02; service fee 3% and tip 20%. About how much do you pay in total?", "split": "test", "exact_value": 95.2}
{"id": "tips_000563", "topic": "tips", "subtopic": "tips_service", "prompt": "Bill is $62.23; service fee 0% and tip 20%. About how much do you pay in total?", "split": "test", "exact_value": 74.68}
{"id": "tips_000564", "topic": "tips", "subtopic": "tips_service", "prompt": "Bill is $48.12; service fee 5% and tip 15%. About how much do you pay in total?", "split": "test", "exact_value": 58.1}
{"id": "tips_000565", "topic": "tips", "subtopic": "tips_service", "prompt": "Bill is $83.91; service fee 0% and tip 20%. About how much do you pay in total?", "split": "test", "exact_value": 100.69}
{"id": "tips_000566", "topic": "tips", "subtopic": "tips_service", "prompt": "Bill is $71.84; service fee 0% and tip 15%. About how much do you pay in total?", "split": "test", "exact_value": 82.62}
{"id": "tips_000567", "topic": "tips", "subtopic": "tips_service", "prompt": "Bill is $102.88; service fee 3% and tip 20%. About how much do you pay in total?", "split": "test", "exact_value": 127.16}
{"id": "tips_000568", "topic": "tips", "subtopic": "tips_service", "prompt": "Bill is $95.31; service fee 5% and tip 18%. About how much do you pay in total?", "split": "test", "exact_value": 118.09}
{"id": "tips_000569", "topic": "tips", "subtopic": "tips_service", "prompt": "Bill is $50.68; service fee 0% and tip 22%. About how much do you pay in total?", "split": "test", "exact_value": 61.83}
{"id": "tips_000570", "topic": "tips", "subtopic": "tips_service", "prompt": "Bill is $51.40; service fee 0% and tip 20%. About how much do you pay in total?", "split": "test", "exact_value": 61.68}
{"id": "tips_000571", "topic": "tips", "subtopic": "tips_service", "prompt": "Bill is $62.96; service fee 0% and tip 22%. About how much do you pay in total?", "split": "test", "exact_value": 76.81}
{"id": "tips_000572", "topic": "tips", "subtopic": "tips_service", "prompt": "Bill is $51.04; service fee 0% and tip 20%. About how much do you pay in total?", "split": "test", "exact_value": 61.25}
{"id": "tips_000573", "topic": "tips", "subtopic": "tips_service", "prompt": "Bill is $37.90; service fee 0% and tip 15%. About how much do you pay in total?", "split": "test", "exact_value": 43.59}
{"id": "tips_000574", "topic": "tips", "subtopic": "tips_service", "prompt": "Bill is $88.09; service fee 3% and tip 22%. About how much do you pay in total?", "split": "test", "exact_value": 110.69}
{"id": "tips_000575", "topic": "tips", "subtopic": "tips_service", "prompt": "Bill is $119.38; service fee 3% and tip 15%. About how much do you pay in total?", "split": "test", "exact_value": 141.41}
{"id": "tips_000576", "topic": "tips", "subtopic": "tips_service", "prompt": "Bill is $56.74; service fee 0% and tip 22%. About how much do you pay in total?", "split": "test", "exact_value": 69.22}
{"id": "tips_000577", "topic": "tips", "subtopic": "tips_service", "prompt": "Bill is $30.20; service fee 0% and tip 18%. About how much do you pay in total?", "split": "test", "exact_value": 35.64}
{"id": "tips_000578", "topic": "tips", "subtopic": "tips_service", "prompt": "Bill is $51.56; service fee 3% and tip 22%. About how much do you pay in total?", "split": "test", "exact_value": 64.79}
{"id": "tips_000579", "topic": "tips", "subtopic": "tips_service", "prompt": "Bill is $59.93; service fee 5% and tip 15%. About how much do you pay in total?", "split": "test", "exact_value": 72.37}
{"id": "tips_000580", "topic": "tips", "subtopic": "tips_service", "prompt": "Bill is $44.51; service fee 3% and tip 15%. About how much do you pay in total?", "split": "test", "exact_value": 52.72}
{"id": "tips_000581", "topic": "tips", "subtopic": "tips_service", "prompt": "Bill is $62.85; service fee 3% and tip 22%. About how much do you pay in total?", "split": "test", "exact_value": 78.98}
{"id": "tips_000582", "topic": "tips", "subtopic": "tips_service", "prompt": "Bill is $32.70; service fee 5% and tip 18%. About how much do you pay in total?", "split": "test", "exact_value": 40.52}
{"id": "tips_000583", "topic": "tips", "subtopic": "tips_service", "prompt": "Bill is $65.57; service fee 5% and tip 22%. About how much do you pay in total?", "split": "test", "exact_value": 84.0}
{"id": "tips_000584", "topic": "tips", "subtopic": "tips_service", "prompt": "Bill is $97.58; service fee 0% and tip 20%. About how much do you pay in total?", "split": "test", "exact_value": 117.1}
{"id": "tips_000585", "topic": "tips", "subtopic": "tips_service", "prompt": "Bill is $54.53; service fee 3% and tip 15%. About how much do you pay in total?", "split": "test", "exact_value": 64.59}
{"id": "tips_000586", "topic": "tips", "subtopic": "tips_service", "prompt": "Bill is $68.91; service fee 3% and tip 15%. About how much do you pay in total?", "split": "test", "exact_value": 81.62}
{"id": "tips_000587", "topic": "tips", "subtopic": "tips_service", "prompt": "Bill is $100.09; service fee 0% and tip 18%. About how much do you pay in total?", "split": "test", "exact_value": 118.11}
{"id": "tips_000588", "topic": "tips", "subtopic": "tips_service", "prompt": "Bill is $63.55; service fee 3% and tip 15%. About how much do you pay in total?", "split": "test", "exact_value": 75.27}
{"id": "tips_000589", "topic": "tips", "subtopic": "tips_service", "prompt": "Bill is $105.50; service fee 0% and tip 15%. About how much do you pay in total?", "split": "test", "exact_value": 121.33}
{"id": "tips_000590", "topic": "tips", "subtopic": "tips_service", "prompt": "Bill is $19.20; service fee 5% and tip 18%. About how much do you pay in total?", "split": "test", "exact_value": 23.79}
{"id": "tips_000591", "topic": "tips", "subtopic": "tips_service", "prompt": "Bill is $40.41; service fee 3% and tip 18%. About how much do you pay in total?", "split": "test", "exact_value": 49.11}
{"id": "tips_000592", "topic": "tips", "subtopic": "tips_service", "prompt": "Bill is $87.79; service fee 3% and tip 20%. About how much do you pay in total?", "split": "test", "exact_value": 108.51}
{"id": "tips_000593", "topic": "tips", "subtopic": "tips_service", "prompt": "Bill is $107.78; service fee 3% and tip 22%. About how much do you pay in total?", "split": "test", "exact_value": 135.44}
{"id": "tips_000594", "topic": "tips", "subtopic": "tips_service", "prompt": "Bill is $35.42; service fee 3% and tip 18%. About how much do you pay in total?", "split": "test", "exact_value": 43.05}
{"id": "tips_000595", "topic": "tips", "subtopic": "tips_service", "prompt": "Bill is $20.03; service fee 5% and tip 22%. About how much do you pay in total?", "split": "test", "exact_value": 25.66}
{"id": "tips_000596", "topic": "tips", "subtopic": "tips_service", "prompt": "Bill is $40.48; service fee 5% and tip 15%. About how much do you pay in total?", "split": "test", "exact_value": 48.88}
{"id": "tips_000597", "topic": "tips", "subtopic": "tips_service", "prompt": "Bill is $56.27; service fee 3% and tip 20%. About how much do you pay in total?", "split": "test", "exact_value": 69.55}
{"id": "tips_000598", "topic": "tips", "subtopic": "tips_service", "prompt": "Bill is $109.71; service fee 5% and tip 20%. About how much do you pay in total?", "split": "test", "exact_value": 138.23}
{"id": "tips_000599", "topic": "tips", "subtopic": "tips_service", "prompt": "Bill is $17.78; service fee 3% and tip 20%. About how much do you pay in total?", "split": "test", "exact_value": 21.98}
{"id": "tips_000600", "topic": "tips", "subtopic": "tips_service", "prompt": "Bill is $91.95; service fee 0% and tip 15%. About how much do you pay in total?", "split": "test", "exact_value": 105.74}
{"id": "tips_000601", "topic": "tips", "subtopic": "tips_service", "prompt": "Bill is $39.45; service fee 5% and tip 15%. About how much do you pay in total?", "split": "test", "exact_value": 47.64}
{"id": "tips_000602", "topic": "tips", "subtopic": "tips_service", "prompt": "Bill is $117.89; service fee 3% and tip 15%. About how much do you pay in total?", "split": "test", "exact_value": 139.64}
{"id": "tips_000603", "topic": "tips", "subtopic": "tips_service", "prompt": "Bill is $55.56; service fee 3% and tip 15%. About how much do you pay in total?", "split": "test", "exact_value": 65.81}
{"id": "tips_000604", "topic": "tips", "subtopic": "tips_service", "prompt": "Bill is $15.12; service fee 0% and tip 15%. About how much do you pay in total?", "split": "test", "exact_value": 17.39}
{"id": "tips_000605", "topic": "tips", "subtopic": "tips_service", "prompt": "Bill is $82.23; service fee 0% and tip 15%. About how much do you pay in total?", "split": "test", "exact_value": 94.56}
{"id": "tips_000606", "topic": "tips", "subtopic": "tips_service", "prompt": "Bill is $23.18; service fee 3% and tip 18%. About how much do you pay in total?", "split": "test", "exact_value": 28.17}
{"id": "tips_000607", "topic": "tips", "subtopic": "tips_service", "prompt": "Bill is $35.03; service fee 0% and tip 18%. About how much do you pay in total?", "split": "test", "exact_value": 41.34}
{"id": "tips_000608", "topic": "tips", "subtopic": "tips_service", "prompt": "Bill is $83.78; service fee 3% and tip 15%. About how much do you pay in total?", "split": "test", "exact_value": 99.24}
{"id": "tips_000609", "topic": "tips", "subtopic": "tips_service", "prompt": "Bill is $29.53; service fee 3% and tip 18%. About how much do you pay in total?", "split": "test", "exact_value": 35.89}
{"id": "tips_000610", "topic": "tips", "subtopic": "tips_service", "prompt": "Bill is $62.77; service fee 3% and tip 22%. About how much do you pay in total?", "split": "test", "exact_value": 78.88}
{"id": "tips_000611", "topic": "tips", "subtopic": "tips_service", "prompt": "Bill is $115.14; service fee 3% and tip 22%. About how much do you pay in total?", "split": "test", "exact_value": 144.68}
{"id": "tips_000612", "topic": "tips", "subtopic": "tips_service", "prompt": "Bill is $13.32; service fee 5% and tip 15%. About how much do you pay in total?", "split": "test", "exact_value": 16.08}
{"id": "tips_000613", "topic": "tips", "subtopic": "tips_service", "prompt": "Bill is $18.89; service fee 3% and tip 20%. About how much do you pay in total?", "split": "test", "exact_value": 23.35}
{"id": "tips_000614", "topic": "tips", "subtopic": "tips_service", "prompt": "Bill is $104.43; service fee 5% and tip 22%. About how much do you pay in total?", "split": "test", "exact_value": 133.77}
{"id": "tips_000615", "topic": "tips", "subtopic": "tips_service", "prompt": "Bill is $18.18; service fee 5% and tip 22%. About how much do you pay in total?", "split": "test", "exact_value": 23.29}
{"id": "tips_000616", "topic": "tips", "subtopic": "tips_service", "prompt": "Bill is $100.55; service fee 3% and tip 18%. About how much do you pay in total?", "split": "test", "exact_value": 122.21}
{"id": "tips_000617", "topic": "tips", "subtopic": "tips_service", "prompt": "Bill is $20.11; service fee 3% and tip 22%. About how much do you pay in total?", "split": "test", "exact_value": 25.27}
{"id": "tips_000618", "topic": "tips", "subtopic": "tips_service", "prompt": "Bill is $34.22; service fee 3% and tip 18%. About how much do you pay in total?", "split": "test", "exact_value": 41.59}
{"id": "tips_000619", "topic": "tips", "subtopic": "tips_service", "prompt": "Bill is $115.72; service fee 0% and tip 15%. About how much do you pay in total?", "split": "test", "exact_value": 133.08}
{"id": "tips_000620", "topic": "tips", "subtopic": "tips_service", "prompt": "Bill is $39.38; service fee 3% and tip 22%. About how much do you pay in total?", "split": "test", "exact_value": 49.48}
{"id": "tips_000621", "topic": "tips", "subtopic": "tips_service", "prompt": "Bill is $106.79; service fee 3% and tip 22%. About how much do you pay in total?", "split": "test", "exact_value": 134.19}
{"id": "tips_000622", "topic": "tips", "subtopic": "tips_service", "prompt": "Bill is $27.61; service fee 0% and tip 18%. About how much do you pay in total?", "split": "test", "exact_value": 32.58}
{"id": "tips_000623", "topic": "tips", "subtopic": "tips_service", "prompt": "Bill is $36.71; service fee 5% and tip 15%. About how much do you pay in total?", "split": "test", "exact_value": 44.33}
{"id": "tips_000624", "topic": "tips", "subtopic": "tips_service", "prompt": "Bill is $57.95; service fee 0% and tip 20%. About how much do you pay in total?", "split": "test", "exact_value": 69.54}
{"id": "tips_000625", "topic": "tips", "subtopic": "tips_service", "prompt": "Bill is $92.17; service fee 3% and tip 15%. About how much do you pay in total?", "split": "test", "exact_value": 109.18}
{"id": "tips_000626", "topic": "tips", "subtopic": "tips_service", "prompt": "Bill is $111.42; service fee 3% and tip 20%. About how much do you pay in total?", "split": "test", "exact_value": 137.72}
{"id": "tips_000627", "topic": "tips", "subtopic": "tips_service", "prompt": "Bill is $17.92; service fee 0% and tip 20%. About how much do you pay in total?", "split": "test", "exact_value": 21.5}
{"id": "tips_000628", "topic": "tips", "subtopic": "tips_service", "prompt": "Bill is $79.81; service fee 5% and tip 20%. About how much do you pay in total?", "split": "test", "exact_value": 100.56}
{"id": "tips_000629", "topic": "tips", "subtopic": "tips_service", "prompt": "Bill is $28.07; service fee 5% and tip 20%. About how much do you pay in total?", "split": "test", "exact_value": 35.37}
{"id": "tips_000630", "topic": "tips", "subtopic": "tips_service", "prompt": "Bill is $57.64; service fee 0% and tip 20%. About how much do you pay in total?", "split": "test", "exact_value": 69.17}
{"id": "tips_000631", "topic": "tips", "subtopic": "tips_service", "prompt": "Bill is $18.98; service fee 3% and tip 22%. About how much do you pay in total?", "split": "test", "exact_value": 23.85}
{"id": "tips_000632", "topic": "tips", "subtopic": "tips_service", "prompt": "Bill is $57.87; service fee 0% and tip 20%. About how much do you pay in total?", "split": "test", "exact_value": 69.44}
{"id": "tips_000633", "topic": "tips", "subtopic": "tips_service", "prompt": "Bill is $94.21; service fee 0% and tip 18%. About how much do you pay in total?", "split": "test", "exact_value": 111.17}
{"id": "tips_000634", "topic": "tips", "subtopic": "tips_service", "prompt": "Bill is $114.23; service fee 5% and tip 20%. About how much do you pay in total?", "split": "test", "exact_value": 143.93}
{"id": "tips_000635", "topic": "tips", "subtopic": "tips_service", "prompt": "Bill is $97.59; service fee 3% and tip 15%. About how much do you pay in total?", "split": "test", "exact_value": 115.6}
{"id": "tips_000636", "topic": "tips", "subtopic": "tips_service", "prompt": "Bill is $15.64; service fee 5% and tip 20%. About how much do you pay in total?", "split": "test", "exact_value": 19.71}
{"id": "tips_000637", "topic": "tips", "subtopic": "tips_service", "prompt": "Bill is $100.72; service fee 0% and tip 15%. About how much do you pay in total?", "split": "test", "exact_value": 115.83}
{"id": "tips_000638", "topic": "tips", "subtopic": "tips_service", "prompt": "Bill is $86.63; service fee 3% and tip 18%. About how much do you pay in total?", "split": "test", "exact_value": 105.29}
{"id": "tips_000639", "topic": "tips", "subtopic": "tips_service", "prompt": "Bill is $117.88; service fee 0% and tip 15%. About how much do you pay in total?", "split": "test", "exact_value": 135.56}
{"id": "tips_000640", "topic": "tips", "subtopic": "tips_service", "prompt": "Bill is $81.32; service fee 5% and tip 20%. About how much do you pay in total?", "split": "test", "exact_value": 102.46}
{"id": "tips_000641", "topic": "tips", "subtopic": "tips_service", "prompt": "Bill is $57.93; service fee 5% and tip 18%. About how much do you pay in total?", "split": "test", "exact_value": 71.78}
{"id": "tips_000642", "topic": "tips", "subtopic": "tips_service", "prompt": "Bill is $23.36; service fee 3% and tip 15%. About how much do you pay in total?", "split": "test", "exact_value": 27.67}
{"id": "tips_000643", "topic": "tips", "subtopic": "tips_service", "prompt": "Bill is $70.68; service fee 5% and tip 15%. About how much do you pay in total?", "split": "test", "exact_value": 85.35}
{"id": "tips_000644", "topic": "tips", "subtopic": "tips_service", "prompt": "Bill is $64.22; service fee 5% and tip 22%. About how much do you pay in total?", "split": "test", "exact_value": 82.27}
{"id": "tips_000645", "topic": "tips", "subtopic": "tips_service", "prompt": "Bill is $102.25; service fee 3% and tip 20%. About how much do you pay in total?", "split": "test", "exact_value": 126.38}
{"id": "tips_000646", "topic": "tips", "subtopic": "tips_service", "prompt": "Bill is $92.75; service fee 0% and tip 15%. About how much do you pay in total?", "split": "test", "exact_value": 106.66}
{"id": "tips_000647", "topic": "tips", "subtopic": "tips_service", "prompt": "Bill is $72.20; service fee 0% and tip 18%. About how much do you pay in total?", "split": "test", "exact_value": 85.2}
{"id": "tips_000648", "topic": "tips", "subtopic": "tips_service", "prompt": "Bill is $41.62; service fee 5% and tip 20%. About how much do you pay in total?", "split": "test", "exact_value": 52.44}
{"id": "tips_000649", "topic": "tips", "subtopic": "tips_service", "prompt": "Bill is $104.74; service fee 5% and tip 20%. About how much do you pay in total?", "split": "test", "exact_value": 131.97}
{"id": "tips_000650", "topic": "tips", "subtopic": "tips_service", "prompt": "Bill is $42.62; service fee 3% and tip 20%. About how much do you pay in total?", "split": "test", "exact_value": 52.68}
{"id": "tips_000651", "topic": "tips", "subtopic": "tips_service", "prompt": "Bill is $37.97; service fee 5% and tip 20%. About how much do you pay in total?", "split": "test", "exact_value": 47.84}
{"id": "tips_000652", "topic": "tips", "subtopic": "tips_service", "prompt": "Bill is $36.07; service fee 0% and tip 22%. About how much do you pay in total?", "split": "test", "exact_value": 44.01}
{"id": "tips_000653", "topic": "tips", "subtopic": "tips_service", "prompt": "Bill is $58.66; service fee 0% and tip 22%. About how much do you pay in total?", "split": "test", "exact_value": 71.57}
{"id": "tips_000654", "topic": "tips", "subtopic": "tips_service", "prompt": "Bill is $22.13; service fee 5% and tip 22%. About how much do you pay in total?", "split": "test", "exact_value": 28.35}
{"id": "tips_000655", "topic": "tips", "subtopic": "tips_service", "prompt": "Bill is $95.35; service fee 3% and tip 18%. About how much do you pay in total?", "split": "test", "exact_value": 115.89}
{"id": "tips_000656", "topic": "tips", "subtopic": "tips_service", "prompt": "Bill is $102.36; service fee 5% and tip 15%. About how much do you pay in total?", "split": "test", "exact_value": 123.6}
{"id": "tips_000657", "topic": "tips", "subtopic": "tips_service", "prompt": "Bill is $99.33; service fee 3% and tip 22%. About how much do you pay in total?", "split": "test", "exact_value": 124.82}
{"id": "tips_000658", "topic": "tips", "subtopic": "tips_service", "prompt": "Bill is $17.27; service fee 5% and tip 15%. About how much do you pay in total?", "split": "test", "exact_value": 20.85}
{"id": "tips_000659", "topic": "tips", "subtopic": "tips_service", "prompt": "Bill is $35.14; service fee 0% and tip 15%. About how much do you pay in total?", "split": "test", "exact_value": 40.41}
{"id": "tips_000660", "topic": "tips", "subtopic": "tips_service", "prompt": "Bill is $110.49; service fee 5% and tip 15%. About how much do you pay in total?", "split": "test", "exact_value": 133.42}
{"id": "tips_000661", "topic": "tips", "subtopic": "tips_service", "prompt": "Bill is $47.37; service fee 5% and tip 22%. About how much do you pay in total?", "split": "test", "exact_value": 60.68}
{"id": "tips_000662", "topic": "tips", "subtopic": "tips_service", "prompt": "Bill is $73.81; service fee 3% and tip 22%. About how much do you pay in total?", "split": "test", "exact_value": 92.75}
{"id": "tips_000663", "topic": "tips", "subtopic": "tips_service", "prompt": "Bill is $81.58; service fee 0% and tip 20%. About how much do you pay in total?", "split": "test", "exact_value": 97.9}
{"id": "tips_000664", "topic": "tips", "subtopic": "tips_service", "prompt": "Bill is $72.98; service fee 5% and tip 20%. About how much do you pay in total?", "split": "test", "exact_value": 91.95}
{"id": "tips_000665", "topic": "tips", "subtopic": "tips_service", "prompt": "Bill is $97.09; service fee 0% and tip 20%. About how much do you pay in total?", "split": "test", "exact_value": 116.51}
{"id": "tips_000666", "topic": "tips", "subtopic": "tips_service", "prompt": "Bill is $76.69; service fee 5% and tip 22%. About how much do you pay in total?", "split": "test", "exact_value": 98.24}
{"id": "tips_000667", "topic": "tips", "subtopic": "tips_service", "prompt": "Bill is $28.54; service fee 5% and tip 15%. About how much do you pay in total?", "split": "test", "exact_value": 34.46}
{"id": "tips_000668", "topic": "tips", "subtopic": "tips_service", "prompt": "Bill is $40.83; service fee 3% and tip 18%. About how much do you pay in total?", "split": "test", "exact_value": 49.62}
{"id": "tips_000669", "topic": "tips", "subtopic": "tips_service", "prompt": "Bill is $55.01; service fee 3% and tip 15%. About how much do you pay in total?", "split": "test", "exact_value": 65.16}
{"id": "tips_000670", "topic": "tips", "subtopic": "tips_service", "prompt": "Bill is $114.20; service fee 3% and tip 18%. About how much do you pay in total?", "split": "test", "exact_value": 138.8}
{"id": "tips_000671", "topic": "tips", "subtopic": "tips_service", "prompt": "Bill is $20.31; service fee 0% and tip 15%. About how much do you pay in total?", "split": "test", "exact_value": 23.36}
{"id": "tips_000672", "topic": "tips", "subtopic": "tips_service", "prompt": "Bill is $76.46; service fee 0% and tip 20%. About how much do you pay in total?", "split": "test", "exact_value": 91.75}
{"id": "tips_000673", "topic": "tips", "subtopic": "tips_service", "prompt": "Bill is $99.75; service fee 0% and tip 22%. About how much do you pay in total?", "split": "test", "exact_value": 121.7}
{"id": "tips_000674", "topic": "tips", "subtopic": "tips_service", "prompt": "Bill is $91.88; service fee 5% and tip 15%. About how much do you pay in total?", "split": "test", "exact_value": 110.95}
{"id": "tips_000675", "topic": "tips", "subtopic": "tips_service", "prompt": "Bill is $117.52; service fee 3% and tip 15%. About how much do you pay in total?", "split": "test", "exact_value": 139.2}
{"id": "tips_000676", "topic": "tips", "subtopic": "tips_service", "prompt": "Bill is $66.25; service fee 0% and tip 18%. About how much do you pay in total?", "split": "test", "exact_value": 78.18}
{"id": "tips_000677", "topic": "tips", "subtopic": "tips_service", "prompt": "Bill is $94.31; service fee 5% and tip 18%. About how much do you pay in total?", "split": "test", "exact_value": 116.85}
{"id": "tips_000678", "topic": "tips", "subtopic": "tips_service", "prompt": "Bill is $100.74; service fee 5% and tip 22%. About how much do you pay in total?", "split": "test", "exact_value": 129.05}
{"id": "tips_000679", "topic": "tips", "subtopic": "tips_service", "prompt": "Bill is $47.88; service fee 5% and tip 18%. About how much do you pay in total?", "split": "test", "exact_value": 59.32}
{"id": "tips_000680", "topic": "tips", "subtopic": "tips_service", "prompt": "Bill is $28.04; service fee 0% and tip 18%. About how much do you pay in total?", "split": "test", "exact_value": 33.09}
{"id": "tips_000681", "topic": "tips", "subtopic": "tips_service", "prompt": "Bill is $38.07; service fee 0% and tip 15%. About how much do you pay in total?", "split": "test", "exact_value": 43.78}
{"id": "tips_000682", "topic": "tips", "subtopic": "tips_service", "prompt": "Bill is $47.57; service fee 3% and tip 22%. About how much do you pay in total?", "split": "test", "exact_value": 59.78}
{"id": "tips_000683", "topic": "tips", "subtopic": "tips_service", "prompt": "Bill is $26.80; service fee 5% and tip 15%. About how much do you pay in total?", "split": "test", "exact_value": 32.36}
{"id": "tips_000684", "topic": "tips", "subtopic": "tips_service", "prompt": "Bill is $88.51; service fee 5% and tip 18%. About how much do you pay in total?", "split": "test", "exact_value": 109.66}
{"id": "tips_000685", "topic": "tips", "subtopic": "tips_service", "prompt": "Bill is $103.94; service fee 0% and tip 22%. About how much do you pay in total?", "split": "test", "exact_value": 126.81}
{"id": "tips_000686", "topic": "tips", "subtopic": "tips_service", "prompt": "Bill is $57.86; service fee 5% and tip 22%. About how much do you pay in total?", "split": "test", "exact_value": 74.12}
{"id": "tips_000687", "topic": "tips", "subtopic": "tips_service", "prompt": "Bill is $24.54; service fee 0% and tip 20%. About how much do you pay in total?", "split": "test", "exact_value": 29.45}
{"id": "tips_000688", "topic": "tips", "subtopic": "tips_service", "prompt": "Bill is $32.46; service fee 3% and tip 18%. About how much do you pay in total?", "split": "test", "exact_value": 39.45}
{"id": "tips_000689", "topic": "tips", "subtopic": "tips_service", "prompt": "Bill is $82.49; service fee 0% and tip 22%. About how much do you pay in total?", "split": "test", "exact_value": 100.64}
{"id": "tips_000690", "topic": "tips", "subtopic": "tips_service", "prompt": "Bill is $27.55; service fee 5% and tip 20%. About how much do you pay in total?", "split": "test", "exact_value": 34.71}
{"id": "tips_000691", "topic": "tips", "subtopic": "tips_service", "prompt": "Bill is $65.12; service fee 3% and tip 22%. About how much do you pay in total?", "split": "test", "exact_value": 81.83}
{"id": "tips_000692", "topic": "tips", "subtopic": "tips_service", "prompt": "Bill is $31.43; service fee 5% and tip 15%. About how much do you pay in total?", "split": "test", "exact_value": 37.95}
{"id": "tips_000693", "topic": "tips", "subtopic": "tips_service", "prompt": "Bill is $108.76; service fee 0% and tip 18%. About how much do you pay in total?", "split": "test", "exact_value": 128.34}
{"id": "tips_000694", "topic": "tips", "subtopic": "tips_service", "prompt": "Bill is $77.79; service fee 0% and tip 18%. About how much do you pay in total?", "split": "test", "exact_value": 91.79}
{"id": "tips_000695", "topic": "tips", "subtopic": "tips_service", "prompt": "Bill is $59.44; service fee 3% and tip 18%. About how much do you pay in total?", "split": "test", "exact_value": 72.24}
{"id": "tips_000696", "topic": "tips", "subtopic": "tips_service", "prompt": "Bill is $40.18; service fee 5% and tip 20%. About how much do you pay in total?", "split": "test", "exact_value": 50.63}
{"id": "tips_000697", "topic": "tips", "subtopic": "tips_service", "prompt": "Bill is $66.88; service fee 5% and tip 15%. About how much do you pay in total?", "split": "test", "exact_value": 80.76}
{"id": "tips_000698", "topic": "tips", "subtopic": "tips_service", "prompt": "Bill is $88.56; service fee 0% and tip 20%. About how much do you pay in total?", "split": "test", "exact_value": 106.27}
{"id": "tips_000699", "topic": "tips", "subtopic": "tips_service", "prompt": "Bill is $48.98; service fee 5% and tip 20%. About how much do you pay in total?", "split": "test", "exact_value": 61.71}
{"id": "tips_000700", "topic": "tips", "subtopic": "tips_service", "prompt": "Bill is $26.68; service fee 0% and tip 20%. About how much do you pay in total?", "split": "test", "exact_value": 32.02}
{"id": "tips_000701", "topic": "tips", "subtopic": "tips_service", "prompt": "Bill is $114.85; service fee 5% and tip 15%. About how much do you pay in total?", "split": "test", "exact_value": 138.68}
{"id": "tips_000702", "topic": "tips", "subtopic": "tips_service", "prompt": "Bill is $51.33; service fee 3% and tip 22%. About how much do you pay in total?", "split": "test", "exact_value": 64.5}
{"id": "tips_000703", "topic": "tips", "subtopic": "tips_service", "prompt": "Bill is $77.64; service fee 3% and tip 18%. About how much do you pay in total?", "split": "test", "exact_value": 94.36}
{"id": "tips_000704", "topic": "tips", "subtopic": "tips_service", "prompt": "Bill is $43.90; service fee 3% and tip 18%. About how much do you pay in total?", "split": "test", "exact_value": 53.36}
{"id": "tips_000705", "topic": "tips", "subtopic": "tips_service", "prompt": "Bill is $34.77; service fee 3% and tip 20%. About how much do you pay in total?", "split": "test", "exact_value": 42.98}
{"id": "tips_000706", "topic": "tips", "subtopic": "tips_service", "prompt": "Bill is $28.09; service fee 3% and tip 15%. About how much do you pay in total?", "split": "test", "exact_value": 33.27}
{"id": "tips_000707", "topic": "tips", "subtopic": "tips_service", "prompt": "Bill is $115.78; service fee 0% and tip 15%. About how much do you pay in total?", "split": "test", "exact_value": 133.15}
{"id": "tips_000708", "topic": "tips", "subtopic": "tips_service", "prompt": "Bill is $74.96; service fee 0% and tip 15%. About how much do you pay in total?", "split": "test", "exact_value": 86.2}
{"id": "tips_000709", "topic": "tips", "subtopic": "tips_service", "prompt": "Bill is $46.63; service fee 5% and tip 15%. About how much do you pay in total?", "split": "test", "exact_value": 56.31}
{"id": "tips_000710", "topic": "tips", "subtopic": "tips_service", "prompt": "Bill is $107.92; service fee 0% and tip 15%. About how much do you pay in total?", "split": "test", "exact_value": 124.11}
{"id": "tips_000711", "topic": "tips", "subtopic": "tips_service", "prompt": "Bill is $82.81; service fee 0% and tip 15%. About how much do you pay in total?", "split": "test", "exact_value": 95.23}
{"id": "tips_000712", "topic": "tips", "subtopic": "tips_service", "prompt": "Bill is $15.17; service fee 0% and tip 20%. About how much do you pay in total?", "split": "test", "exact_value": 18.2}
{"id": "tips_000713", "topic": "tips", "subtopic": "tips_service", "prompt": "Bill is $52.28; service fee 0% and tip 15%. About how much do you pay in total?", "split": "test", "exact_value": 60.12}
{"id": "tips_000714", "topic": "tips", "subtopic": "tips_service", "prompt": "Bill is $105.79; service fee 5% and tip 22%. About how much do you pay in total?", "split": "test", "exact_value": 135.52}
{"id": "tips_000715", "topic": "tips", "subtopic": "tips_service", "prompt": "Bill is $42.12; service fee 5% and tip 20%. About how much do you pay in total?", "split": "test", "exact_value": 53.07}
{"id": "tips_000716", "topic": "tips", "subtopic": "tips_service", "prompt": "Bill is $91.02; service fee 0% and tip 15%. About how much do you pay in total?", "split": "test", "exact_value": 104.67}
{"id": "tips_000717", "topic": "tips", "subtopic": "tips_service", "prompt": "Bill is $34.80; service fee 0% and tip 18%. About how much do you pay in total?", "split": "test", "exact_value": 41.06}
{"id": "tips_000718", "topic": "tips", "subtopic": "tips_service", "prompt": "Bill is $36.64; service fee 0% and tip 18%. About how much do you pay in total?", "split": "test", "exact_value": 43.24}
{"id": "tips_000719", "topic": "tips", "subtopic": "tips_service", "prompt": "Bill is $72.23; service fee 5% and tip 18%. About how much do you pay in total?", "split": "test", "exact_value": 89.49}
{"id": "tips_000720", "topic": "tips", "subtopic": "tips_service", "prompt": "Bill is $93.28; service fee 0% and tip 22%. About how much do you pay in total?", "split": "test", "exact_value": 113.8}
{"id": "tips_000721", "topic": "tips", "subtopic": "tips_service", "prompt": "Bill is $113.64; service fee 0% and tip 20%. About how much do you pay in total?", "split": "test", "exact_value": 136.37}
{"id": "tips_000722", "topic": "tips", "subtopic": "tips_service", "prompt": "Bill is $75.15; service fee 0% and tip 15%. About how much do you pay in total?", "split": "test", "exact_value": 86.42}
{"id": "tips_000723", "topic": "tips", "subtopic": "tips_service", "prompt": "Bill is $63.84; service fee 5% and tip 20%. About how much do you pay in total?", "split": "test", "exact_value": 80.44}
{"id": "tips_000724", "topic": "tips", "subtopic": "tips_service", "prompt": "Bill is $106.82; service fee 3% and tip 18%. About how much do you pay in total?", "split": "test", "exact_value": 129.83}
{"id": "tips_000725", "topic": "tips", "subtopic": "tips_service", "prompt": "Bill is $78.74; service fee 0% and tip 15%. About how much do you pay in total?", "split": "test", "exact_value": 90.55}
{"id": "tips_000726", "topic": "tips", "subtopic": "tips_service", "prompt": "Bill is $114.59; service fee 3% and tip 15%. About how much do you pay in total?", "split": "test", "exact_value": 135.73}
{"id": "tips_000727", "topic": "tips", "subtopic": "tips_service", "prompt": "Bill is $100.10; service fee 0% and tip 18%. About how much do you pay in total?", "split": "test", "exact_value": 118.12}
{"id": "tips_000728", "topic": "tips", "subtopic": "tips_service", "prompt": "Bill is $52.58; service fee 5% and tip 15%. About how much do you pay in total?", "split": "test", "exact_value": 63.49}
{"id": "tips_000729", "topic": "tips", "subtopic": "tips_service", "prompt": "Bill is $12.70; service fee 3% and tip 18%. About how much do you pay in total?", "split": "test", "exact_value": 15.44}
{"id": "tips_000730", "topic": "tips", "subtopic": "tips_service", "prompt": "Bill is $19.30; service fee 5% and tip 15%. About how much do you pay in total?", "split": "test", "exact_value": 23.3}
{"id": "tips_000731", "topic": "tips", "subtopic": "tips_service", "prompt": "Bill is $37.04; service fee 5% and tip 22%. About how much do you pay in total?", "split": "test", "exact_value": 47.45}
{"id": "tips_000732", "topic": "tips", "subtopic": "tips_service", "prompt": "Bill is $44.57; service fee 5% and tip 18%. About how much do you pay in total?", "split": "test", "exact_value": 55.22}
{"id": "tips_000733", "topic": "tips", "subtopic": "tips_service", "prompt": "Bill is $12.34; service fee 5% and tip 22%. About how much do you pay in total?", "split": "test", "exact_value": 15.81}
{"id": "tips_000734", "topic": "tips", "subtopic": "tips_service", "prompt": "Bill is $42.06; service fee 5% and tip 22%. About how much do you pay in total?", "split": "test", "exact_value": 53.88}
{"id": "tips_000735", "topic": "tips", "subtopic": "tips_service", "prompt": "Bill is $98.83; service fee 0% and tip 15%. About how much do you pay in total?", "split": "test", "exact_value": 113.65}
{"id": "tips_000736", "topic": "tips", "subtopic": "tips_service", "prompt": "Bill is $36.12; service fee 3% and tip 18%. About how much do you pay in total?", "split": "test", "exact_value": 43.9}
{"id": "tips_000737", "topic": "tips", "subtopic": "tips_service", "prompt": "Bill is $18.61; service fee 5% and tip 20%. About how much do you pay in total?", "split": "test", "exact_value": 23.45}
{"id": "tips_000738", "topic": "tips", "subtopic": "tips_service", "prompt": "Bill is $40.79; service fee 3% and tip 18%. About how much do you pay in total?", "split": "test", "exact_value": 49.58}
{"id": "tips_000739", "topic": "tips", "subtopic": "tips_service", "prompt": "Bill is $102.97; service fee 3% and tip 20%. About how much do you pay in total?", "split": "test", "exact_value": 127.27}
{"id": "tips_000740", "topic": "tips", "subtopic": "tips_service", "prompt": "Bill is $15.37; service fee 0% and tip 22%. About how much do you pay in total?", "split": "test", "exact_value": 18.75}
{"id": "tips_000741", "topic": "tips", "subtopic": "tips_service", "prompt": "Bill is $13.68; service fee 3% and tip 18%. About how much do you pay in total?", "split": "test", "exact_value": 16.63}
{"id": "tips_000742", "topic": "tips", "subtopic": "tips_service", "prompt": "Bill is $46.77; service fee 0% and tip 18%. About how much do you pay in total?", "split": "test", "exact_value": 55.19}
{"id": "tips_000743", "topic": "tips", "subtopic": "tips_service", "prompt": "Bill is $111.06; service fee 5% and tip 15%. About how much do you pay in total?", "split": "test", "exact_value": 134.1}
{"id": "tips_000744", "topic": "tips", "subtopic": "tips_service", "prompt": "Bill is $25.43; service fee 5% and tip 15%. About how much do you pay in total?", "split": "test", "exact_value": 30.71}
{"id": "tips_000745", "topic": "tips", "subtopic": "tips_service", "prompt": "Bill is $71.98; service fee 5% and tip 18%. About how much do you pay in total?", "split": "test", "exact_value": 89.18}
{"id": "tips_000746", "topic": "tips", "subtopic": "tips_service", "prompt": "Bill is $82.41; service fee 5% and tip 18%. About how much do you pay in total?", "split": "test", "exact_value": 102.11}
{"id": "tips_000747", "topic": "tips", "subtopic": "tips_service", "prompt": "Bill is $119.18; service fee 0% and tip 15%. About how much do you pay in total?", "split": "test", "exact_value": 137.06}
{"id": "tips_000748", "topic": "tips", "subtopic": "tips_service", "prompt": "Bill is $90.75; service fee 3% and tip 20%. About how much do you pay in total?", "split": "test", "exact_value": 112.17}
{"id": "tips_000749", "topic": "tips", "subtopic": "tips_service", "prompt": "Bill is $63.97; service fee 3% and tip 18%. About how much do you pay in total?", "split": "test", "exact_value": 77.75}
{"id": "tips_000750", "topic": "tips", "subtopic": "tips_service", "prompt": "Bill is $67.67; service fee 0% and tip 20%. About how much do you pay in total?", "split": "test", "exact_value": 81.2}
{"id": "tips_000751", "topic": "tips", "subtopic": "tips_service", "prompt": "Bill is $62.17; service fee 3% and tip 20%. About how much do you pay in total?", "split": "test", "exact_value": 76.84}
{"id": "tips_000752", "topic": "tips", "subtopic": "tips_service", "prompt": "Bill is $95.18; service fee 3% and tip 15%. About how much do you pay in total?", "split": "test", "exact_value": 112.74}
{"id": "tips_000753", "topic": "tips", "subtopic": "tips_service", "prompt": "Bill is $107.50; service fee 0% and tip 18%. About how much do you pay in total?", "split": "test", "exact_value": 126.85}
{"id": "tips_000754", "topic": "tips", "subtopic": "tips_service", "prompt": "Bill is $92.30; service fee 0% and tip 22%. About how much do you pay in total?", "split": "test", "exact_value": 112.61}
{"id": "tips_000755", "topic": "tips", "subtopic": "tips_service", "prompt": "Bill is $53.18; service fee 5% and tip 22%. About how much do you pay in total?", "split": "test", "exact_value": 68.12}
{"id": "tips_000756", "topic": "tips", "subtopic": "tips_service", "prompt": "Bill is $108.30; service fee 5% and tip 15%. About how much do you pay in total?", "split": "test", "exact_value": 130.77}
{"id": "tips_000757", "topic": "tips", "subtopic": "tips_service", "prompt": "Bill is $108.14; service fee 0% and tip 22%. About how much do you pay in total?", "split": "test", "exact_value": 131.93}
{"id": "tips_000758", "topic": "tips", "subtopic": "tips_service", "prompt": "Bill is $94.68; service fee 0% and tip 18%. About how much do you pay in total?", "split": "test", "exact_value": 111.72}
{"id": "tips_000759", "topic": "tips", "subtopic": "tips_service", "prompt": "Bill is $22.79; service fee 5% and tip 15%. About how much do you pay in total?", "split": "test", "exact_value": 27.52}
{"id": "tips_000760", "topic": "tips", "subtopic": "tips_service", "prompt": "Bill is $58.52; service fee 0% and tip 15%. About how much do you pay in total?", "split": "test", "exact_value": 67.3}
{"id": "tips_000761", "topic": "tips", "subtopic": "tips_service", "prompt": "Bill is $118.83; service fee 3% and tip 20%. About how much do you pay in total?", "split": "test", "exact_value": 146.87}
{"id": "tips_000762", "topic": "tips", "subtopic": "tips_service", "prompt": "Bill is $92.30; service fee 5% and tip 15%. About how much do you pay in total?", "split": "test", "exact_value": 111.45}
{"id": "tips_000763", "topic": "tips", "subtopic": "tips_service", "prompt": "Bill is $38.45; service fee 5% and tip 18%. About how much do you pay in total?", "split": "test", "exact_value": 47.64}
{"id": "tips_000764", "topic": "tips", "subtopic": "tips_service", "prompt": "Bill is $24.32; service fee 3% and tip 18%. About how much do you pay in total?", "split": "test", "exact_value": 29.56}
{"id": "tips_000765", "topic": "tips", "subtopic": "tips_service", "prompt": "Bill is $86.00; service fee 3% and tip 18%. About how much do you pay in total?", "split": "test", "exact_value": 104.52}
{"id": "tips_000766", "topic": "tips", "subtopic": "tips_service", "prompt": "Bill is $65.23; service fee 3% and tip 15%. About how much do you pay in total?", "split": "test", "exact_value": 77.26}
{"id": "tips_000767", "topic": "tips", "subtopic": "tips_service", "prompt": "Bill is $12.91; service fee 3% and tip 18%. About how much do you pay in total?", "split": "test", "exact_value": 15.69}
{"id": "tips_000768", "topic": "tips", "subtopic": "tips_service", "prompt": "Bill is $73.80; service fee 0% and tip 18%. About how much do you pay in total?", "split": "test", "exact_value": 87.08}
{"id": "tips_000769", "topic": "tips", "subtopic": "tips_service", "prompt": "Bill is $56.73; service fee 0% and tip 18%. About how much do you pay in total?", "split": "test", "exact_value": 66.94}
{"id": "tips_000770", "topic": "tips", "subtopic": "tips_service", "prompt": "Bill is $108.78; service fee 3% and tip 20%. About how much do you pay in total?", "split": "test", "exact_value": 134.45}
{"id": "tips_000771", "topic": "tips", "subtopic": "tips_service", "prompt": "Bill is $67.87; service fee 3% and tip 15%. About how much do you pay in total?", "split": "test", "exact_value": 80.39}
{"id": "tips_000772", "topic": "tips", "subtopic": "tips_service", "prompt": "Bill is $27.54; service fee 3% and tip 15%. About how much do you pay in total?", "split": "test", "exact_value": 32.62}
{"id": "tips_000773", "topic": "tips", "subtopic": "tips_service", "prompt": "Bill is $31.71; service fee 3% and tip 20%. About how much do you pay in total?", "split": "test", "exact_value": 39.19}
{"id": "tips_000774", "topic": "tips", "subtopic": "tips_service", "prompt": "Bill is $117.17; service fee 0% and tip 20%. About how much do you pay in total?", "split": "test", "exact_value": 140.6}
{"id": "tips_000775", "topic": "tips", "subtopic": "tips_service", "prompt": "Bill is $44.24; service fee 3% and tip 20%. About how much do you pay in total?", "split": "test", "exact_value": 54.68}
{"id": "tips_000776", "topic": "tips", "subtopic": "tips_service", "prompt": "Bill is $38.33; service fee 3% and tip 20%. About how much do you pay in total?", "split": "test", "exact_value": 47.38}
{"id": "tips_000777", "topic": "tips", "subtopic": "tips_service", "prompt": "Bill is $18.55; service fee 3% and tip 22%. About how much do you pay in total?", "split": "test", "exact_value": 23.31}
{"id": "tips_000778", "topic": "tips", "subtopic": "tips_service", "prompt": "Bill is $102.12; service fee 3% and tip 15%. About how much do you pay in total?", "split": "test", "exact_value": 120.96}
{"id": "tips_000779", "topic": "tips", "subtopic": "tips_service", "prompt": "Bill is $89.38; service fee 3% and tip 18%. About how much do you pay in total?", "split": "test", "exact_value": 108.63}
{"id": "tips_000780", "topic": "tips", "subtopic": "tips_service", "prompt": "Bill is $99.16; service fee 5% and tip 22%. About how much do you pay in total?", "split": "test", "exact_value": 127.02}
{"id": "tips_000781", "topic": "tips", "subtopic": "tips_service", "prompt": "Bill is $80.66; service fee 0% and tip 18%. About how much do you pay in total?", "split": "test", "exact_value": 95.18}
{"id": "tips_000782", "topic": "tips", "subtopic": "tips_service", "prompt": "Bill is $99.96; service fee 5% and tip 18%. About how much do you pay in total?", "split": "test", "exact_value": 123.85}
{"id": "tips_000783", "topic": "tips", "subtopic": "tips_service", "prompt": "Bill is $90.65; service fee 3% and tip 20%. About how much do you pay in total?", "split": "test", "exact_value": 112.04}
{"id": "tips_000784", "topic": "tips", "subtopic": "tips_service", "prompt": "Bill is $71.26; service fee 0% and tip 15%. About how much do you pay in total?", "split": "test", "exact_value": 81.95}
{"id": "tips_000785", "topic": "tips", "subtopic": "tips_service", "prompt": "Bill is $45.89; service fee 0% and tip 20%. About how much do you pay in total?", "split": "test", "exact_value": 55.07}
{"id": "tips_000786", "topic": "tips", "subtopic": "tips_service", "prompt": "Bill is $111.40; service fee 5% and tip 15%. About how much do you pay in total?", "split": "test", "exact_value": 134.52}
{"id": "tips_000787", "topic": "tips", "subtopic": "tips_service", "prompt": "Bill is $77.28; service fee 5% and tip 22%. About how much do you pay in total?", "split": "test", "exact_value": 99.0}
{"id": "tips_000788", "topic": "tips", "subtopic": "tips_service", "prompt": "Bill is $104.85; service fee 3% and tip 20%. About how much do you pay in total?", "split": "test", "exact_value": 129.59}
{"id": "tips_000789", "topic": "tips", "subtopic": "tips_service", "prompt": "Bill is $46.76; service fee 5% and tip 20%. About how much do you pay in total?", "split": "test", "exact_value": 58.92}
{"id": "tips_000790", "topic": "tips", "subtopic": "tips_service", "prompt": "Bill is $60.24; service fee 5% and tip 15%. About how much do you pay in total?", "split": "test", "exact_value": 72.74}
{"id": "tips_000791", "topic": "tips", "subtopic": "tips_service", "prompt": "Bill is $60.30; service fee 0% and tip 20%. About how much do you pay in total?", "split": "test", "exact_value": 72.36}
{"id": "tips_000792", "topic": "tips", "subtopic": "tips_service", "prompt": "Bill is $15.63; service fee 3% and tip 20%. About how much do you pay in total?", "split": "test", "exact_value": 19.32}
{"id": "tips_000793", "topic": "tips", "subtopic": "tips_service", "prompt": "Bill is $18.00; service fee 0% and tip 20%. About how much do you pay in total?", "split": "test", "exact_value": 21.6}
{"id": "tips_000794", "topic": "tips", "subtopic": "tips_service", "prompt": "Bill is $117.16; service fee 5% and tip 20%. About how much do you pay in total?", "split": "test", "exact_value": 147.62}
{"id": "tips_000795", "topic": "tips", "subtopic": "tips_service", "prompt": "Bill is $83.93; service fee 3% and tip 22%. About how much do you pay in total?", "split": "test", "exact_value": 105.47}
{"id": "tips_000796", "topic": "tips", "subtopic": "tips_service", "prompt": "Bill is $98.14; service fee 0% and tip 20%. About how much do you pay in total?", "split": "test", "exact_value": 117.77}
{"id": "tips_000797", "topic": "tips", "subtopic": "tips_service", "prompt": "Bill is $72.91; service fee 0% and tip 18%. About how much do you pay in total?", "split": "test", "exact_value": 86.03}
{"id": "tips_000798", "topic": "tips", "subtopic": "tips_service", "prompt": "Bill is $24.64; service fee 5% and tip 22%. About how much do you pay in total?", "split": "test", "exact_value": 31.56}
{"id": "tips_000799", "topic": "tips", "subtopic": "tips_service", "prompt": "Bill is $65.83; service fee 5% and tip 20%. About how much do you pay in total?", "split": "test", "exact_value": 82.95}
{"id": "tips_000800", "topic": "tips", "subtopic": "tips_service", "prompt": "Bill is $91.52; service fee 0% and tip 18%. About how much do you pay in total?", "split": "test", "exact_value": 107.99}
{"id": "tips_000801", "topic": "tips", "subtopic": "tips_service", "prompt": "Bill is $111.87; service fee 0% and tip 15%. About how much do you pay in total?", "split": "test", "exact_value": 128.65}
{"id": "tips_000802", "topic": "tips", "subtopic": "tips_service", "prompt": "Bill is $36.20; service fee 5% and tip 20%. About how much do you pay in total?", "split": "test", "exact_value": 45.61}
{"id": "tips_000803", "topic": "tips", "subtopic": "tips_service", "prompt": "Bill is $20.47; service fee 3% and tip 15%. About how much do you pay in total?", "split": "test", "exact_value": 24.25}
{"id": "tips_000804", "topic": "tips", "subtopic": "tips_service", "prompt": "Bill is $91.67; service fee 3% and tip 15%. About how much do you pay in total?", "split": "test", "exact_value": 108.58}
{"id": "tips_000805", "topic": "tips", "subtopic": "tips_service", "prompt": "Bill is $80.05; service fee 5% and tip 15%. About how much do you pay in total?", "split": "test", "exact_value": 96.66}
{"id": "tips_000806", "topic": "tips", "subtopic": "tips_service", "prompt": "Bill is $19.79; service fee 3% and tip 20%. About how much do you pay in total?", "split": "test", "exact_value": 24.46}
{"id": "tips_000807", "topic": "tips", "subtopic": "tips_service", "prompt": "Bill is $114.97; service fee 3% and tip 20%. About how much do you pay in total?", "split": "test", "exact_value": 142.1}
{"id": "tips_000808", "topic": "tips", "subtopic": "tips_service", "prompt": "Bill is $68.07; service fee 0% and tip 15%. About how much do you pay in total?", "split": "test", "exact_value": 78.28}
{"id": "tips_000809", "topic": "tips", "subtopic": "tips_service", "prompt": "Bill is $13.46; service fee 0% and tip 20%. About how much do you pay in total?", "split": "test", "exact_value": 16.15}
{"id": "tips_000810", "topic": "tips", "subtopic": "tips_service", "prompt": "Bill is $14.43; service fee 3% and tip 22%. About how much do you pay in total?", "split": "test", "exact_value": 18.13}
{"id": "tips_000811", "topic": "tips", "subtopic": "tips_service", "prompt": "Bill is $103.72; service fee 5% and tip 20%. About how much do you pay in total?", "split": "test", "exact_value": 130.69}
{"id": "tips_000812", "topic": "tips", "subtopic": "tips_service", "prompt": "Bill is $61.89; service fee 3% and tip 18%. About how much do you pay in total?", "split": "test", "exact_value": 75.22}
{"id": "tips_000813", "topic": "tips", "subtopic": "tips_service", "prompt": "Bill is $91.03; service fee 3% and tip 22%. About how much do you pay in total?", "split": "test", "exact_value": 114.39}
{"id": "tips_000814", "topic": "tips", "subtopic": "tips_service", "prompt": "Bill is $30.40; service fee 0% and tip 22%. About how much do you pay in total?", "split": "test", "exact_value": 37.09}
{"id": "tips_000815", "topic": "tips", "subtopic": "tips_service", "prompt": "Bill is $42.46; service fee 3% and tip 18%. About how much do you pay in total?", "split": "test", "exact_value": 51.61}
{"id": "tips_000816", "topic": "tips", "subtopic": "tips_service", "prompt": "Bill is $54.80; service fee 3% and tip 18%. About how much do you pay in total?", "split": "test", "exact_value": 66.6}
{"id": "tips_000817", "topic": "tips", "subtopic": "tips_service", "prompt": "Bill is $59.90; service fee 0% and tip 15%. About how much do you pay in total?", "split": "test", "exact_value": 68.89}
{"id": "tips_000818", "topic": "tips", "subtopic": "tips_service", "prompt": "Bill is $116.35; service fee 5% and tip 15%. About how much do you pay in total?", "split": "test", "exact_value": 140.49}
{"id": "tips_000819", "topic": "tips", "subtopic": "tips_service", "prompt": "Bill is $62.82; service fee 5% and tip 20%. About how much do you pay in total?", "split": "test", "exact_value": 79.15}
{"id": "tips_000820", "topic": "tips", "subtopic": "tips_service", "prompt": "Bill is $20.54; service fee 0% and tip 15%. About how much do you pay in total?", "split": "test", "exact_value": 23.62}
{"id": "tips_000821", "topic": "tips", "subtopic": "tips_service", "prompt": "Bill is $84.10; service fee 3% and tip 15%. About how much do you pay in total?", "split": "test", "exact_value": 99.62}
{"id": "tips_000822", "topic": "tips", "subtopic": "tips_service", "prompt": "Bill is $50.11; service fee 0% and tip 20%. About how much do you pay in total?", "split": "test", "exact_value": 60.13}
{"id": "tips_000823", "topic": "tips", "subtopic": "tips_service", "prompt": "Bill is $72.14; service fee 3% and tip 15%. About how much do you pay in total?", "split": "test", "exact_value": 85.45}
{"id": "tips_000824", "topic": "tips", "subtopic": "tips_service", "prompt": "Bill is $73.14; service fee 3% and tip 15%. About how much do you pay in total?", "split": "test", "exact_value": 86.63}
{"id": "tips_000825", "topic": "tips", "subtopic": "tips_service", "prompt": "Bill is $37.95; service fee 0% and tip 20%. About how much do you pay in total?", "split": "test", "exact_value": 45.54}
{"id": "tips_000826", "topic": "tips", "subtopic": "tips_service", "prompt": "Bill is $59.43; service fee 3% and tip 15%. About how much do you pay in total?", "split": "test", "exact_value": 70.39}
{"id": "tips_000827", "topic": "tips", "subtopic": "tips_service", "prompt": "Bill is $39.73; service fee 5% and tip 22%. About how much do you pay in total?", "split": "test", "exact_value": 50.89}
{"id": "tips_000828", "topic": "tips", "subtopic": "tips_service", "prompt": "Bill is $41.65; service fee 5% and tip 22%. About how much do you pay in total?", "split": "test", "exact_value": 53.35}
{"id": "tips_000829", "topic": "tips", "subtopic": "tips_service", "prompt": "Bill is $83.42; service fee 0% and tip 18%. About how much do you pay in total?", "split": "test", "exact_value": 98.44}
{"id": "tips_000830", "topic": "tips", "subtopic": "tips_service", "prompt": "Bill is $79.59; service fee 0% and tip 18%. About how much do you pay in total?", "split": "test", "exact_value": 93.92}
{"id": "tips_000831", "topic": "tips", "subtopic": "tips_service", "prompt": "Bill is $87.66; service fee 5% and tip 15%. About how much do you pay in total?", "split": "test", "exact_value": 105.85}
{"id": "tips_000832", "topic": "tips", "subtopic": "tips_service", "prompt": "Bill is $61.53; service fee 0% and tip 22%. About how much do you pay in total?", "split": "test", "exact_value": 75.07}
{"id": "tips_000833", "topic": "tips", "subtopic": "tips_service", "prompt": "Bill is $29.51; service fee 3% and tip 20%. About how much do you pay in total?", "split": "test", "exact_value": 36.47}
{"id": "tips_000834", "topic": "tips", "subtopic": "tips_service", "prompt": "Bill is $22.76; service fee 3% and tip 20%. About how much do you pay in total?", "split": "test", "exact_value": 28.13}
{"id": "tips_000835", "topic": "tips", "subtopic": "tips_service", "prompt": "Bill is $42.03; service fee 3% and tip 22%. About how much do you pay in total?", "split": "test", "exact_value": 52.81}
{"id": "tips_000836", "topic": "tips", "subtopic": "tips_service", "prompt": "Bill is $51.47; service fee 3% and tip 18%. About how much do you pay in total?", "split": "test", "exact_value": 62.56}
{"id": "tips_000837", "topic": "tips", "subtopic": "tips_service", "prompt": "Bill is $85.78; service fee 5% and tip 15%. About how much do you pay in total?", "split": "test", "exact_value": 103.58}
{"id": "tips_000838", "topic": "tips", "subtopic": "tips_service", "prompt": "Bill is $70.56; service fee 5% and tip 18%. About how much do you pay in total?", "split": "test", "exact_value": 87.42}
{"id": "tips_000839", "topic": "tips", "subtopic": "tips_service", "prompt": "Bill is $108.63; service fee 0% and tip 15%. About how much do you pay in total?", "split": "test", "exact_value": 124.92}
{"id": "tips_000840", "topic": "tips", "subtopic": "tips_service", "prompt": "Bill is $104.47; service fee 3% and tip 18%. About how much do you pay in total?", "split": "test", "exact_value": 126.97}
{"id": "tips_000841", "topic": "tips", "subtopic": "tips_service", "prompt": "Bill is $80.33; service fee 5% and tip 20%. About how much do you pay in total?", "split": "test", "exact_value": 101.22}
{"id": "tips_000842", "topic": "tips", "subtopic": "tips_service", "prompt": "Bill is $85.75; service fee 3% and tip 20%. About how much do you pay in total?", "split": "test", "exact_value": 105.99}
{"id": "tips_000843", "topic": "tips", "subtopic": "tips_service", "prompt": "Bill is $112.82; service fee 5% and tip 18%. About how much do you pay in total?", "split": "test", "exact_value": 139.78}
{"id": "tips_000844", "topic": "tips", "subtopic": "tips_service", "prompt": "Bill is $61.42; service fee 5% and tip 20%. About how much do you pay in total?", "split": "test", "exact_value": 77.39}
{"id": "tips_000845", "topic": "tips", "subtopic": "tips_service", "prompt": "Bill is $21.97; service fee 3% and tip 20%. About how much do you pay in total?", "split": "test", "exact_value": 27.15}
{"id": "tips_000846", "topic": "tips", "subtopic": "tips_service", "prompt": "Bill is $116.91; service fee 0% and tip 20%. About how much do you pay in total?", "split": "test", "exact_value": 140.29}
{"id": "tips_000847", "topic": "tips", "subtopic": "tips_service", "prompt": "Bill is $108.02; service fee 3% and tip 20%. About how much do you pay in total?", "split": "test", "exact_value": 133.51}
{"id": "tips_000848", "topic": "tips", "subtopic": "tips_service", "prompt": "Bill is $48.69; service fee 3% and tip 20%. About how much do you pay in total?", "split": "test", "exact_value": 60.18}
{"id": "tips_000849", "topic": "tips", "subtopic": "tips_service", "prompt": "Bill is $37.34; service fee 5% and tip 18%. About how much do you pay in total?", "split": "test", "exact_value": 46.26}
{"id": "tips_000850", "topic": "tips", "subtopic": "tips_service", "prompt": "Bill is $92.87; service fee 5% and tip 22%. About how much do you pay in total?", "split": "test", "exact_value": 118.97}
{"id": "tips_000851", "topic": "tips", "subtopic": "tips_service", "prompt": "Bill is $13.97; service fee 0% and tip 22%. About how much do you pay in total?", "split": "test", "exact_value": 17.04}
{"id": "tips_000852", "topic": "tips", "subtopic": "tips_service", "prompt": "Bill is $63.67; service fee 3% and tip 22%. About how much do you pay in total?", "split": "test", "exact_value": 80.01}
{"id": "tips_000853", "topic": "tips", "subtopic": "tips_service", "prompt": "Bill is $98.70; service fee 0% and tip 22%. About how much do you pay in total?", "split": "test", "exact_value": 120.41}
{"id": "tips_000854", "topic": "tips", "subtopic": "tips_service", "prompt": "Bill is $60.90; service fee 3% and tip 15%. About how much do you pay in total?", "split": "test", "exact_value": 72.14}
{"id": "tips_000855", "topic": "tips", "subtopic": "tips_service", "prompt": "Bill is $38.81; service fee 3% and tip 18%. About how much do you pay in total?", "split": "test", "exact_value": 47.17}
{"id": "tips_000856", "topic": "tips", "subtopic": "tips_service", "prompt": "Bill is $24.04; service fee 5% and tip 15%. About how much do you pay in total?", "split": "test", "exact_value": 29.03}
{"id": "tips_000857", "topic": "tips", "subtopic": "tips_service", "prompt": "Bill is $61.09; service fee 0% and tip 22%. About how much do you pay in total?", "split": "test", "exact_value": 74.53}
{"id": "tips_000858", "topic": "tips", "subtopic": "tips_service", "prompt": "Bill is $103.44; service fee 3% and tip 22%. About how much do you pay in total?", "split": "test", "exact_value": 129.98}
{"id": "tips_000859", "topic": "tips", "subtopic": "tips_service", "prompt": "Bill is $59.69; service fee 3% and tip 22%. About how much do you pay in total?", "split": "test", "exact_value": 75.01}
{"id": "tips_000860", "topic": "tips", "subtopic": "tips_service", "prompt": "Bill is $57.91; service fee 0% and tip 22%. About how much do you pay in total?", "split": "test", "exact_value": 70.65}
{"id": "tips_000861", "topic": "tips", "subtopic": "tips_service", "prompt": "Bill is $86.74; service fee 5% and tip 15%. About how much do you pay in total?", "split": "test", "exact_value": 104.74}
{"id": "tips_000862", "topic": "tips", "subtopic": "tips_service", "prompt": "Bill is $25.01; service fee 3% and tip 18%. About how much do you pay in total?", "split": "test", "exact_value": 30.4}
{"id": "tips_000863", "topic": "tips", "subtopic": "tips_service", "prompt": "Bill is $29.68; service fee 0% and tip 20%. About how much do you pay in total?", "split": "test", "exact_value": 35.62}
{"id": "tips_000864", "topic": "tips", "subtopic": "tips_service", "prompt": "Bill is $48.99; service fee 0% and tip 18%. About how much do you pay in total?", "split": "test", "exact_value": 57.81}
{"id": "tips_000865", "topic": "tips", "subtopic": "tips_service", "prompt": "Bill is $60.42; service fee 0% and tip 22%. About how much do you pay in total?", "split": "test", "exact_value": 73.71}
{"id": "tips_000866", "topic": "tips", "subtopic": "tips_service", "prompt": "Bill is $69.34; service fee 3% and tip 20%. About how much do you pay in total?", "split": "test", "exact_value": 85.7}
{"id": "tips_000867", "topic": "tips", "subtopic": "tips_service", "prompt": "Bill is $93.22; service fee 3% and tip 22%. About how much do you pay in total?", "split": "test", "exact_value": 117.14}
{"id": "tips_000868", "topic": "tips", "subtopic": "tips_service", "prompt": "Bill is $74.12; service fee 5% and tip 15%. About how much do you pay in total?", "split": "test", "exact_value": 89.5}
{"id": "tips_000869", "topic": "tips", "subtopic": "tips_service", "prompt": "Bill is $52.47; service fee 5% and tip 22%. About how much do you pay in total?", "split": "test", "exact_value": 67.21}
{"id": "tips_000870", "topic": "tips", "subtopic": "tips_service", "prompt": "Bill is $96.91; service fee 3% and tip 22%. About how much do you pay in total?", "split": "test", "exact_value": 121.78}
{"id": "tips_000871", "topic": "tips", "subtopic": "tips_service", "prompt": "Bill is $17.01; service fee 3% and tip 20%. About how much do you pay in total?", "split": "test", "exact_value": 21.02}
{"id": "tips_000872", "topic": "tips", "subtopic": "tips_service", "prompt": "Bill is $96.79; service fee 3% and tip 22%. About how much do you pay in total?", "split": "test", "exact_value": 121.63}
{"id": "tips_000873", "topic": "tips", "subtopic": "tips_service", "prompt": "Bill is $111.00; service fee 3% and tip 15%. About how much do you pay in total?", "split": "test", "exact_value": 131.48}
{"id": "tips_000874", "topic": "tips", "subtopic": "tips_service", "prompt": "Bill is $15.68; service fee 3% and tip 22%. About how much do you pay in total?", "split": "test", "exact_value": 19.7}
{"id": "tips_000875", "topic": "tips", "subtopic": "tips_service", "prompt": "Bill is $114.02; service fee 0% and tip 15%. About how much do you pay in total?", "split": "test", "exact_value": 131.12}
{"id": "tips_000876", "topic": "tips", "subtopic": "tips_service", "prompt": "Bill is $116.68; service fee 5% and tip 15%. About how much do you pay in total?", "split": "test", "exact_value": 140.89}
{"id": "tips_000877", "topic": "tips", "subtopic": "tips_service", "prompt": "Bill is $21.24; service fee 3% and tip 20%. About how much do you pay in total?", "split": "test", "exact_value": 26.25}
{"id": "tips_000878", "topic": "tips", "subtopic": "tips_service", "prompt": "Bill is $39.65; service fee 0% and tip 20%. About how much do you pay in total?", "split": "test", "exact_value": 47.58}
{"id": "tips_000879", "topic": "tips", "subtopic": "tips_service", "prompt": "Bill is $81.11; service fee 3% and tip 20%. About how much do you pay in total?", "split": "test", "exact_value": 100.25}
{"id": "tips_000880", "topic": "tips", "subtopic": "tips_service", "prompt": "Bill is $99.72; service fee 3% and tip 18%. About how much do you pay in total?", "split": "test", "exact_value": 121.2}
{"id": "tips_000881", "topic": "tips", "subtopic": "tips_service", "prompt": "Bill is $54.06; service fee 3% and tip 18%. About how much do you pay in total?", "split": "test", "exact_value": 65.7}
{"id": "tips_000882", "topic": "tips", "subtopic": "tips_service", "prompt": "Bill is $39.90; service fee 5% and tip 20%. About how much do you pay in total?", "split": "test", "exact_value": 50.27}
{"id": "tips_000883", "topic": "tips", "subtopic": "tips_service", "prompt": "Bill is $71.35; service fee 3% and tip 20%. About how much do you pay in total?", "split": "test", "exact_value": 88.19}
{"id": "tips_000884", "topic": "tips", "subtopic": "tips_service", "prompt": "Bill is $91.12; service fee 3% and tip 22%. About how much do you pay in total?", "split": "test", "exact_value": 114.5}
{"id": "tips_000885", "topic": "tips", "subtopic": "tips_service", "prompt": "Bill is $113.76; service fee 0% and tip 22%. About how much do you pay in total?", "split": "test", "exact_value": 138.79}
{"id": "tips_000886", "topic": "tips", "subtopic": "tips_service", "prompt": "Bill is $38.14; service fee 5% and tip 20%. About how much do you pay in total?", "split": "test", "exact_value": 48.06}
{"id": "tips_000887", "topic": "tips", "subtopic": "tips_service", "prompt": "Bill is $41.32; service fee 0% and tip 18%. About how much do you pay in total?", "split": "test", "exact_value": 48.76}
{"id": "tips_000888", "topic": "tips", "subtopic": "tips_service", "prompt": "Bill is $88.53; service fee 0% and tip 20%. About how much do you pay in total?", "split": "test", "exact_value": 106.24}
{"id": "tips_000889", "topic": "tips", "subtopic": "tips_service", "prompt": "Bill is $119.97; service fee 0% and tip 20%. About how much do you pay in total?", "split": "test", "exact_value": 143.96}
{"id": "tips_000890", "topic": "tips", "subtopic": "tips_service", "prompt": "Bill is $96.28; service fee 0% and tip 22%. About how much do you pay in total?", "split": "test", "exact_value": 117.46}
{"id": "tips_000891", "topic": "tips", "subtopic": "tips_service", "prompt": "Bill is $62.81; service fee 0% and tip 22%. About how much do you pay in total?", "split": "test", "exact_value": 76.63}
{"id": "tips_000892", "topic": "tips", "subtopic": "tips_service", "prompt": "Bill is $69.02; service fee 3% and tip 18%. About how much do you pay in total?", "split": "test", "exact_value": 83.89}
{"id": "tips_000893", "topic": "tips", "subtopic": "tips_service", "prompt": "Bill is $54.02; service fee 5% and tip 20%. About how much do you pay in total?", "split": "test", "exact_value": 68.07}
{"id": "tips_000894", "topic": "tips", "subtopic": "tips_service", "prompt": "Bill is $66.81; service fee 0% and tip 22%. About how much do you pay in total?", "split": "test", "exact_value": 81.51}
{"id": "tips_000895", "topic": "tips", "subtopic": "tips_service", "prompt": "Bill is $114.25; service fee 0% and tip 20%. About how much do you pay in total?", "split": "test", "exact_value": 137.1}
{"id": "tips_000896", "topic": "tips", "subtopic": "tips_service", "prompt": "Bill is $91.42; service fee 3% and tip 22%. About how much do you pay in total?", "split": "test", "exact_value": 114.88}
{"id": "tips_000897", "topic": "tips", "subtopic": "tips_service", "prompt": "Bill is $14.47; service fee 3% and tip 22%. About how much do you pay in total?", "split": "test", "exact_value": 18.18}
{"id": "tips_000898", "topic": "tips", "subtopic": "tips_service", "prompt": "Bill is $99.58; service fee 5% and tip 15%. About how much do you pay in total?", "split": "test", "exact_value": 120.24}
{"id": "tips_000899", "topic": "tips", "subtopic": "tips_service", "prompt": "Bill is $32.24; service fee 3% and tip 22%. About how much do you pay in total?", "split": "test", "exact_value": 40.51}
{"id": "tips_000900", "topic": "tips", "subtopic": "tips_service", "prompt": "Bill is $85.59; service fee 3% and tip 20%. About how much do you pay in total?", "split": "test", "exact_value": 105.79}
{"id": "tips_000901", "topic": "tips", "subtopic": "tips_service", "prompt": "Bill is $70.42; service fee 0% and tip 20%. About how much do you pay in total?", "split": "test", "exact_value": 84.5}
{"id": "tips_000902", "topic": "tips", "subtopic": "tips_service", "prompt": "Bill is $86.73; service fee 0% and tip 15%. About how much do you pay in total?", "split": "test", "exact_value": 99.74}
{"id": "tips_000903", "topic": "tips", "subtopic": "tips_service", "prompt": "Bill is $115.73; service fee 0% and tip 22%. About how much do you pay in total?", "split": "test", "exact_value": 141.19}
{"id": "tips_000904", "topic": "tips", "subtopic": "tips_service", "prompt": "Bill is $58.69; service fee 3% and tip 18%. About how much do you pay in total?", "split": "test", "exact_value": 71.33}
{"id": "tips_000905", "topic": "tips", "subtopic": "tips_service", "prompt": "Bill is $65.54; service fee 5% and tip 22%. About how much do you pay in total?", "split": "test", "exact_value": 83.96}
{"id": "tips_000906", "topic": "tips", "subtopic": "tips_service", "prompt": "Bill is $68.75; service fee 3% and tip 18%. About how much do you pay in total?", "split": "test", "exact_value": 83.56}
{"id": "tips_000907", "topic": "tips", "subtopic": "tips_service", "prompt": "Bill is $65.03; service fee 3% and tip 22%. About how much do you pay in total?", "split": "test", "exact_value": 81.72}
{"id": "tips_000908", "topic": "tips", "subtopic": "tips_service", "prompt": "Bill is $72.94; service fee 5% and tip 15%. About how much do you pay in total?", "split": "test", "exact_value": 88.08}
{"id": "tips_000909", "topic": "tips", "subtopic": "tips_service", "prompt": "Bill is $24.06; service fee 5% and tip 18%. About how much do you pay in total?", "split": "test", "exact_value": 29.81}
{"id": "tips_000910", "topic": "tips", "subtopic": "tips_service", "prompt": "Bill is $58.26; service fee 0% and tip 20%. About how much do you pay in total?", "split": "test", "exact_value": 69.91}
{"id": "tips_000911", "topic": "tips", "subtopic": "tips_service", "prompt": "Bill is $104.29; service fee 0% and tip 22%. About how much do you pay in total?", "split": "test", "exact_value": 127.23}
{"id": "tips_000912", "topic": "tips", "subtopic": "tips_service", "prompt": "Bill is $49.06; service fee 3% and tip 18%. About how much do you pay in total?", "split": "test", "exact_value": 59.63}
{"id": "tips_000913", "topic": "tips", "subtopic": "tips_service", "prompt": "Bill is $15.90; service fee 5% and tip 22%. About how much do you pay in total?", "split": "test", "exact_value": 20.37}
{"id": "tips_000914", "topic": "tips", "subtopic": "tips_service", "prompt": "Bill is $19.99; service fee 5% and tip 22%. About how much do you pay in total?", "split": "test", "exact_value": 25.61}
{"id": "tips_000915", "topic": "tips", "subtopic": "tips_service", "prompt": "Bill is $63.45; service fee 3% and tip 15%. About how much do you pay in total?", "split": "test", "exact_value": 75.16}
{"id": "tips_000916", "topic": "tips", "subtopic": "tips_service", "prompt": "Bill is $79.49; service fee 0% and tip 18%. About how much do you pay in total?", "split": "test", "exact_value": 93.8}
{"id": "tips_000917", "topic": "tips", "subtopic": "tips_service", "prompt": "Bill is $17.77; service fee 0% and tip 15%. About how much do you pay in total?", "split": "test", "exact_value": 20.44}
{"id": "tips_000918", "topic": "tips", "subtopic": "tips_service", "prompt": "Bill is $68.58; service fee 0% and tip 18%. About how much do you pay in total?", "split": "test", "exact_value": 80.92}
{"id": "tips_000919", "topic": "tips", "subtopic": "tips_service", "prompt": "Bill is $93.46; service fee 5% and tip 20%. About how much do you pay in total?", "split": "test", "exact_value": 117.76}
{"id": "tips_000920", "topic": "tips", "subtopic": "tips_service", "prompt": "Bill is $74.59; service fee 0% and tip 18%. About how much do you pay in total?", "split": "test", "exact_value": 88.02}
{"id": "tips_000921", "topic": "tips", "subtopic": "tips_service", "prompt": "Bill is $114.27; service fee 3% and tip 22%. About how much do you pay in total?", "split": "test", "exact_value": 143.59}
{"id": "tips_000922", "topic": "tips", "subtopic": "tips_service", "prompt": "Bill is $37.02; service fee 5% and tip 22%. About how much do you pay in total?", "split": "test", "exact_value": 47.42}
{"id": "tips_000923", "topic": "tips", "subtopic": "tips_service", "prompt": "Bill is $104.93; service fee 3% and tip 18%. About how much do you pay in total?", "split": "test", "exact_value": 127.53}
{"id": "tips_000924", "topic": "tips", "subtopic": "tips_service", "prompt": "Bill is $79.34; service fee 5% and tip 15%. About how much do you pay in total?", "split": "test", "exact_value": 95.8}
{"id": "tips_000925", "topic": "tips", "subtopic": "tips_service", "prompt": "Bill is $12.41; service fee 5% and tip 22%. About how much do you pay in total?", "split": "test", "exact_value": 15.9}
{"id": "tips_000926", "topic": "tips", "subtopic": "tips_service", "prompt": "Bill is $74.34; service fee 5% and tip 20%. About how much do you pay in total?", "split": "test", "exact_value": 93.67}
{"id": "tips_000927", "topic": "tips", "subtopic": "tips_service", "prompt": "Bill is $78.22; service fee 5% and tip 15%. About how much do you pay in total?", "split": "test", "exact_value": 94.45}
{"id": "tips_000928", "topic": "tips", "subtopic": "tips_service", "prompt": "Bill is $86.98; service fee 3% and tip 20%. About how much do you pay in total?", "split": "test", "exact_value": 107.51}
{"id": "tips_000929", "topic": "tips", "subtopic": "tips_service", "prompt": "Bill is $109.32; service fee 0% and tip 15%. About how much do you pay in total?", "split": "test", "exact_value": 125.72}
{"id": "tips_000930", "topic": "tips", "subtopic": "tips_service", "prompt": "Bill is $19.36; service fee 5% and tip 15%. About how much do you pay in total?", "split": "test", "exact_value": 23.38}
{"id": "tips_000931", "topic": "tips", "subtopic": "tips_service", "prompt": "Bill is $28.81; service fee 5% and tip 22%. About how much do you pay in total?", "split": "test", "exact_value": 36.91}
{"id": "tips_000932", "topic": "tips", "subtopic": "tips_service", "prompt": "Bill is $109.81; service fee 3% and tip 20%. About how much do you pay in total?", "split": "test", "exact_value": 135.73}
{"id": "tips_000933", "topic": "tips", "subtopic": "tips_service", "prompt": "Bill is $110.80; service fee 0% and tip 20%. About how much do you pay in total?", "split": "test", "exact_value": 132.96}
{"id": "tips_000934", "topic": "tips", "subtopic": "tips_service", "prompt": "Bill is $117.55; service fee 0% and tip 18%. About how much do you pay in total?", "split": "test", "exact_value": 138.71}
{"id": "tips_000935", "topic": "tips", "subtopic": "tips_service", "prompt": "Bill is $99.45; service fee 5% and tip 18%. About how much do you pay in total?", "split": "test", "exact_value": 123.22}
{"id": "tips_000936", "topic": "tips", "subtopic": "tips_service", "prompt": "Bill is $99.87; service fee 3% and tip 15%. About how much do you pay in total?", "split": "test", "exact_value": 118.3}
{"id": "tips_000937", "topic": "tips", "subtopic": "tips_service", "prompt": "Bill is $77.10; service fee 3% and tip 22%. About how much do you pay in total?", "split": "test", "exact_value": 96.88}
{"id": "tips_000938", "topic": "tips", "subtopic": "tips_service", "prompt": "Bill is $85.44; service fee 0% and tip 20%. About how much do you pay in total?", "split": "test", "exact_value": 102.53}
{"id": "tips_000939", "topic": "tips", "subtopic": "tips_service", "prompt": "Bill is $35.42; service fee 0% and tip 20%. About how much do you pay in total?", "split": "test", "exact_value": 42.5}
{"id": "tips_000940", "topic": "tips", "subtopic": "tips_service", "prompt": "Bill is $72.22; service fee 5% and tip 18%. About how much do you pay in total?", "split": "test", "exact_value": 89.48}
{"id": "tips_000941", "topic": "tips", "subtopic": "tips_service", "prompt": "Bill is $64.02; service fee 0% and tip 20%. About how much do you pay in total?", "split": "test", "exact_value": 76.82}
{"id": "tips_000942", "topic": "tips", "subtopic": "tips_service", "prompt": "Bill is $69.23; service fee 3% and tip 20%. About how much do you pay in total?", "split": "test", "exact_value": 85.57}
{"id": "tips_000943", "topic": "tips", "subtopic": "tips_service", "prompt": "Bill is $38.17; service fee 0% and tip 22%. About how much do you pay in total?", "split": "test", "exact_value": 46.57}
{"id": "tips_000944", "topic": "tips", "subtopic": "tips_service", "prompt": "Bill is $45.10; service fee 0% and tip 20%. About how much do you pay in total?", "split": "test", "exact_value": 54.12}
{"id": "tips_000945", "topic": "tips", "subtopic": "tips_service", "prompt": "Bill is $91.39; service fee 5% and tip 15%. About how much do you pay in total?", "split": "test", "exact_value": 110.35}
{"id": "tips_000946", "topic": "tips", "subtopic": "tips_service", "prompt": "Bill is $31.37; service fee 3% and tip 22%. About how much do you pay in total?", "split": "test", "exact_value": 39.42}
{"id": "tips_000947", "topic": "tips", "subtopic": "tips_service", "prompt": "Bill is $97.36; service fee 3% and tip 15%. About how much do you pay in total?", "split": "test", "exact_value": 115.32}
{"id": "tips_000948", "topic": "tips", "subtopic": "tips_service", "prompt": "Bill is $74.15; service fee 3% and tip 15%. About how much do you pay in total?", "split": "test", "exact_value": 87.83}
{"id": "tips_000949", "topic": "tips", "subtopic": "tips_service", "prompt": "Bill is $29.11; service fee 3% and tip 15%. About how much do you pay in total?", "split": "test", "exact_value": 34.48}
{"id": "tips_000950", "topic": "tips", "subtopic": "tips_service", "prompt": "Bill is $50.07; service fee 3% and tip 18%. About how much do you pay in total?", "split": "test", "exact_value": 60.86}
{"id": "tips_000951", "topic": "tips", "subtopic": "tips_service", "prompt": "Bill is $59.90; service fee 3% and tip 18%. About how much do you pay in total?", "split": "test", "exact_value": 72.8}
{"id": "tips_000952", "topic": "tips", "subtopic": "tips_service", "prompt": "Bill is $105.09; service fee 5% and tip 20%. About how much do you pay in total?", "split": "test", "exact_value": 132.41}
{"id": "tips_000953", "topic": "tips", "subtopic": "tips_service", "prompt": "Bill is $95.59; service fee 5% and tip 18%. About how much do you pay in total?", "split": "test", "exact_value": 118.44}
{"id": "tips_000954", "topic": "tips", "subtopic": "tips_service", "prompt": "Bill is $62.31; service fee 5% and tip 22%. About how much do you pay in total?", "split": "test", "exact_value": 79.82}
{"id": "tips_000955", "topic": "tips", "subtopic": "tips_service", "prompt": "Bill is $89.62; service fee 5% and tip 22%. About how much do you pay in total?", "split": "test", "exact_value": 114.8}
{"id": "tips_000956", "topic": "tips", "subtopic": "tips_service", "prompt": "Bill is $107.59; service fee 5% and tip 20%. About how much do you pay in total?", "split": "test", "exact_value": 135.56}
{"id": "tips_000957", "topic": "tips", "subtopic": "tips_service", "prompt": "Bill is $20.56; service fee 5% and tip 18%. About how much do you pay in total?", "split": "test", "exact_value": 25.47}
{"id": "tips_000958", "topic": "tips", "subtopic": "tips_service", "prompt": "Bill is $116.49; service fee 0% and tip 22%. About how much do you pay in total?", "split": "test", "exact_value": 142.12}
{"id": "tips_000959", "topic": "tips", "subtopic": "tips_service", "prompt": "Bill is $66.69; service fee 3% and tip 22%. About how much do you pay in total?", "split": "test", "exact_value": 83.8}
{"id": "tips_000960", "topic": "tips", "subtopic": "tips_service", "prompt": "Bill is $65.77; service fee 5% and tip 22%. About how much do you pay in total?", "split": "test", "exact_value": 84.25}
{"id": "tips_000961", "topic": "tips", "subtopic": "tips_service", "prompt": "Bill is $21.01; service fee 0% and tip 20%. About how much do you pay in total?", "split": "test", "exact_value": 25.21}
{"id": "tips_000962", "topic": "tips", "subtopic": "tips_service", "prompt": "Bill is $59.86; service fee 5% and tip 18%. About how much do you pay in total?", "split": "test", "exact_value": 74.17}
{"id": "tips_000963", "topic": "tips", "subtopic": "tips_service", "prompt": "Bill is $52.73; service fee 3% and tip 22%. About how much do you pay in total?", "split": "test", "exact_value": 66.26}
{"id": "tips_000964", "topic": "tips", "subtopic": "tips_service", "prompt": "Bill is $31.73; service fee 0% and tip 20%. About how much do you pay in total?", "split": "test", "exact_value": 38.08}
{"id": "tips_000965", "topic": "tips", "subtopic": "tips_service", "prompt": "Bill is $92.31; service fee 0% and tip 22%. About how much do you pay in total?", "split": "test", "exact_value": 112.62}
{"id": "tips_000966", "topic": "tips", "subtopic": "tips_service", "prompt": "Bill is $20.03; service fee 0% and tip 15%. About how much do you pay in total?", "split": "test", "exact_value": 23.03}
{"id": "tips_000967", "topic": "tips", "subtopic": "tips_service", "prompt": "Bill is $13.97; service fee 3% and tip 15%. About how much do you pay in total?", "split": "test", "exact_value": 16.55}
{"id": "tips_000968", "topic": "tips", "subtopic": "tips_service", "prompt": "Bill is $20.37; service fee 3% and tip 15%. About how much do you pay in total?", "split": "test", "exact_value": 24.13}
{"id": "tips_000969", "topic": "tips", "subtopic": "tips_service", "prompt": "Bill is $99.01; service fee 0% and tip 15%. About how much do you pay in total?", "split": "test", "exact_value": 113.86}
{"id": "tips_000970", "topic": "tips", "subtopic": "tips_service", "prompt": "Bill is $76.28; service fee 0% and tip 20%. About how much do you pay in total?", "split": "test", "exact_value": 91.54}
{"id": "tips_000971", "topic": "tips", "subtopic": "tips_service", "prompt": "Bill is $96.97; service fee 3% and tip 18%. About how much do you pay in total?", "split": "test", "exact_value": 117.86}
{"id": "tips_000972", "topic": "tips", "subtopic": "tips_service", "prompt": "Bill is $18.07; service fee 3% and tip 18%. About how much do you pay in total?", "split": "test", "exact_value": 21.96}
{"id": "tips_000973", "topic": "tips", "subtopic": "tips_service", "prompt": "Bill is $51.36; service fee 3% and tip 15%. About how much do you pay in total?", "split": "test", "exact_value": 60.84}
{"id": "tips_000974", "topic": "tips", "subtopic": "tips_service", "prompt": "Bill is $78.99; service fee 3% and tip 18%. About how much do you pay in total?", "split": "test", "exact_value": 96.0}
{"id": "tips_000975", "topic": "tips", "subtopic": "tips_service", "prompt": "Bill is $46.33; service fee 5% and tip 15%. About how much do you pay in total?", "split": "test", "exact_value": 55.94}
{"id": "tips_000976", "topic": "tips", "subtopic": "tips_service", "prompt": "Bill is $34.63; service fee 0% and tip 18%. About how much do you pay in total?", "split": "test", "exact_value": 40.86}
{"id": "tips_000977", "topic": "tips", "subtopic": "tips_service", "prompt": "Bill is $83.47; service fee 0% and tip 15%. About how much do you pay in total?", "split": "test", "exact_value": 95.99}
{"id": "tips_000978", "topic": "tips", "subtopic": "tips_service", "prompt": "Bill is $89.68; service fee 3% and tip 20%. About how much do you pay in total?", "split": "test", "exact_value": 110.84}
{"id": "tips_000979", "topic": "tips", "subtopic": "tips_service", "prompt": "Bill is $54.73; service fee 0% and tip 18%. About how much do you pay in total?", "split": "test", "exact_value": 64.58}
{"id": "tips_000980", "topic": "tips", "subtopic": "tips_service", "prompt": "Bill is $99.76; service fee 0% and tip 22%. About how much do you pay in total?", "split": "test", "exact_value": 121.71}
{"id": "tips_000981", "topic": "tips", "subtopic": "tips_service", "prompt": "Bill is $87.00; service fee 5% and tip 15%. About how much do you pay in total?", "split": "test", "exact_value": 105.05}
{"id": "tips_000982", "topic": "tips", "subtopic": "tips_service", "prompt": "Bill is $86.85; service fee 5% and tip 20%. About how much do you pay in total?", "split": "test", "exact_value": 109.43}
{"id": "tips_000983", "topic": "tips", "subtopic": "tips_service", "prompt": "Bill is $32.58; service fee 3% and tip 22%. About how much do you pay in total?", "split": "test", "exact_value": 40.94}
{"id": "tips_000984", "topic": "tips", "subtopic": "tips_service", "prompt": "Bill is $56.80; service fee 3% and tip 15%. About how much do you pay in total?", "split": "test", "exact_value": 67.28}
{"id": "tips_000985", "topic": "tips", "subtopic": "tips_service", "prompt": "Bill is $119.88; service fee 0% and tip 15%. About how much do you pay in total?", "split": "test", "exact_value": 137.86}
{"id": "tips_000986", "topic": "tips", "subtopic": "tips_service", "prompt": "Bill is $113.92; service fee 0% and tip 22%. About how much do you pay in total?", "split": "test", "exact_value": 138.98}
{"id": "tips_000987", "topic": "tips", "subtopic": "tips_service", "prompt": "Bill is $60.94; service fee 5% and tip 18%. About how much do you pay in total?", "split": "test", "exact_value": 75.5}
{"id": "tips_000988", "topic": "tips", "subtopic": "tips_service", "prompt": "Bill is $63.96; service fee 0% and tip 15%. About how much do you pay in total?", "split": "test", "exact_value": 73.55}
{"id": "tips_000989", "topic": "tips", "subtopic": "tips_service", "prompt": "Bill is $102.88; service fee 0% and tip 15%. About how much do you pay in total?", "split": "test", "exact_value": 118.31}
{"id": "tips_000990", "topic": "tips", "subtopic": "tips_service", "prompt": "Bill is $83.34; service fee 5% and tip 20%. About how much do you pay in total?", "split": "test", "exact_value": 105.01}
{"id": "tips_000991", "topic": "tips", "subtopic": "tips_service", "prompt": "Bill is $30.55; service fee 0% and tip 18%. About how much do you pay in total?", "split": "test", "exact_value": 36.05}
{"id": "tips_000992", "topic": "tips", "subtopic": "tips_service", "prompt": "Bill is $101.33; service fee 0% and tip 18%. About how much do you pay in total?", "split": "test", "exact_value": 119.57}
{"id": "tips_000993", "topic": "tips", "subtopic": "tips_service", "prompt": "Bill is $114.52; service fee 0% and tip 20%. About how much do you pay in total?", "split": "test", "exact_value": 137.42}
{"id": "tips_000994", "topic": "tips", "subtopic": "tips_service", "prompt": "Bill is $118.15; service fee 0% and tip 22%. About how much do you pay in total?", "split": "test", "exact_value": 144.14}
{"id": "tips_000995", "topic": "tips", "subtopic": "tips_service", "prompt": "Bill is $34.54; service fee 3% and tip 22%. About how much do you pay in total?", "split": "test", "exact_value": 43.4}
{"id": "tips_000996", "topic": "tips", "subtopic": "tips_service", "prompt": "Bill is $41.15; service fee 3% and tip 22%. About how much do you pay in total?", "split": "test", "exact_value": 51.71}
{"id": "tips_000997", "topic": "tips", "subtopic": "tips_service", "prompt": "Bill is $17.72; service fee 0% and tip 20%. About how much do you pay in total?", "split": "test", "exact_value": 21.26}
{"id": "tips_000998", "topic": "tips", "subtopic": "tips_service", "prompt": "Bill is $117.39; service fee 0% and tip 20%. About how much do you pay in total?", "split": "test", "exact_value": 140.87}
{"id": "tips_000999", "topic": "tips", "subtopic": "tips_service", "prompt": "Bill is $48.87; service fee 3% and tip 15%. About how much do you pay in total?", "split": "test", "exact_value": 57.89}
{"id": "tips_001000", "topic": "tips", "subtopic": "tips_service", "prompt": "Bill is $101.50; service fee 0% and tip 15%. About how much do you pay in total?", "split": "test", "exact_value": 116.73}
{"id": "tips_001001", "topic": "tips", "subtopic": "tips_service", "prompt": "Bill is $101.65; service fee 0% and tip 15%. About how much do you pay in total?", "split": "test", "exact_value": 116.9}
{"id": "tips_001002", "topic": "tips", "subtopic": "tips_service", "prompt": "Bill is $115.34; service fee 0% and tip 20%. About how much do you pay in total?", "split": "test", "exact_value": 138.41}
{"id": "tips_001003", "topic": "tips", "subtopic": "tips_service", "prompt": "Bill is $20.95; service fee 5% and tip 20%. About how much do you pay in total?", "split": "test", "exact_value": 26.4}
{"id": "tips_001004", "topic": "tips", "subtopic": "tips_service", "prompt": "Bill is $38.18; service fee 5% and tip 15%. About how much do you pay in total?", "split": "test", "exact_value": 46.1}
{"id": "tips_001005", "topic": "tips", "subtopic": "tips_service", "prompt": "Bill is $24.15; service fee 5% and tip 20%. About how much do you pay in total?", "split": "test", "exact_value": 30.43}
{"id": "tips_001006", "topic": "tips", "subtopic": "tips_service", "prompt": "Bill is $116.44; service fee 0% and tip 22%. About how much do you pay in total?", "split": "test", "exact_value": 142.06}
{"id": "tips_001007", "topic": "tips", "subtopic": "tips_service", "prompt": "Bill is $101.70; service fee 3% and tip 18%. About how much do you pay in total?", "split": "test", "exact_value": 123.61}
{"id": "tips_001008", "topic": "tips", "subtopic": "tips_service", "prompt": "Bill is $55.87; service fee 5% and tip 18%. About how much do you pay in total?", "split": "test", "exact_value": 69.22}
{"id": "tips_001009", "topic": "tips", "subtopic": "tips_service", "prompt": "Bill is $105.14; service fee 3% and tip 22%. About how much do you pay in total?", "split": "test", "exact_value": 132.12}
{"id": "tips_001010", "topic": "tips", "subtopic": "tips_service", "prompt": "Bill is $77.55; service fee 0% and tip 22%. About how much do you pay in total?", "split": "test", "exact_value": 94.61}
{"id": "tips_001011", "topic": "tips", "subtopic": "tips_service", "prompt": "Bill is $103.51; service fee 5% and tip 20%. About how much do you pay in total?", "split": "test", "exact_value": 130.42}
{"id": "tips_001012", "topic": "tips", "subtopic": "tips_service", "prompt": "Bill is $103.01; service fee 3% and tip 20%. About how much do you pay in total?", "split": "test", "exact_value": 127.32}
{"id": "tips_001013", "topic": "tips", "subtopic": "tips_service", "prompt": "Bill is $28.16; service fee 3% and tip 22%. About how much do you pay in total?", "split": "test", "exact_value": 35.39}
{"id": "tips_001014", "topic": "tips", "subtopic": "tips_service", "prompt": "Bill is $12.89; service fee 0% and tip 20%. About how much do you pay in total?", "split": "test", "exact_value": 15.47}
{"id": "tips_001015", "topic": "tips", "subtopic": "tips_service", "prompt": "Bill is $31.38; service fee 3% and tip 22%. About how much do you pay in total?", "split": "test", "exact_value": 39.43}
{"id": "tips_001016", "topic": "tips", "subtopic": "tips_service", "prompt": "Bill is $93.77; service fee 5% and tip 22%. About how much do you pay in total?", "split": "test", "exact_value": 120.12}
{"id": "tips_001017", "topic": "tips", "subtopic": "tips_service", "prompt": "Bill is $106.69; service fee 0% and tip 22%. About how much do you pay in total?", "split": "test", "exact_value": 130.16}
{"id": "tips_001018", "topic": "tips", "subtopic": "tips_service", "prompt": "Bill is $96.28; service fee 3% and tip 22%. About how much do you pay in total?", "split": "test", "exact_value": 120.99}
{"id": "tips_001019", "topic": "tips", "subtopic": "tips_service", "prompt": "Bill is $104.10; service fee 5% and tip 15%. About how much do you pay in total?", "split": "test", "exact_value": 125.7}
{"id": "tips_001020", "topic": "tips", "subtopic": "tips_service", "prompt": "Bill is $67.97; service fee 3% and tip 22%. About how much do you pay in total?", "split": "test", "exact_value": 85.41}
{"id": "tips_001021", "topic": "tips", "subtopic": "tips_service", "prompt": "Bill is $23.81; service fee 3% and tip 15%. About how much do you pay in total?", "split": "test", "exact_value": 28.2}
{"id": "tips_001022", "topic": "tips", "subtopic": "tips_service", "prompt": "Bill is $72.67; service fee 3% and tip 15%. About how much do you pay in total?", "split": "test", "exact_value": 86.08}
{"id": "tips_001023", "topic": "tips", "subtopic": "tips_service", "prompt": "Bill is $18.00; service fee 0% and tip 15%. About how much do you pay in total?", "split": "test", "exact_value": 20.7}
{"id": "tips_001024", "topic": "tips", "subtopic": "tips_service", "prompt": "Bill is $73.29; service fee 3% and tip 20%. About how much do you pay in total?", "split": "test", "exact_value": 90.59}
{"id": "tips_001025", "topic": "tips", "subtopic": "tips_service", "prompt": "Bill is $110.33; service fee 5% and tip 15%. About how much do you pay in total?", "split": "test", "exact_value": 133.22}
{"id": "tips_001026", "topic": "tips", "subtopic": "tips_service", "prompt": "Bill is $30.40; service fee 5% and tip 22%. About how much do you pay in total?", "split": "test", "exact_value": 38.94}
{"id": "tips_001027", "topic": "tips", "subtopic": "tips_service", "prompt": "Bill is $71.23; service fee 0% and tip 20%. About how much do you pay in total?", "split": "test", "exact_value": 85.48}
{"id": "tips_001028", "topic": "tips", "subtopic": "tips_service", "prompt": "Bill is $40.37; service fee 0% and tip 20%. About how much do you pay in total?", "split": "test", "exact_value": 48.44}
{"id": "tips_001029", "topic": "tips", "subtopic": "tips_service", "prompt": "Bill is $109.45; service fee 5% and tip 20%. About how much do you pay in total?", "split": "test", "exact_value": 137.91}
{"id": "tips_001030", "topic": "tips", "subtopic": "tips_service", "prompt": "Bill is $26.84; service fee 0% and tip 20%. About how much do you pay in total?", "split": "test", "exact_value": 32.21}
{"id": "tips_001031", "topic": "tips", "subtopic": "tips_service", "prompt": "Bill is $92.86; service fee 5% and tip 22%. About how much do you pay in total?", "split": "test", "exact_value": 118.95}
{"id": "tips_001032", "topic": "tips", "subtopic": "tips_service", "prompt": "Bill is $14.03; service fee 5% and tip 15%. About how much do you pay in total?", "split": "test", "exact_value": 16.94}
{"id": "tips_001033", "topic": "tips", "subtopic": "tips_service", "prompt": "Bill is $49.43; service fee 0% and tip 15%. About how much do you pay in total?", "split": "test", "exact_value": 56.84}
{"id": "tips_001034", "topic": "tips", "subtopic": "tips_service", "prompt": "Bill is $47.47; service fee 0% and tip 15%. About how much do you pay in total?", "split": "test", "exact_value": 54.59}
{"id": "tips_001035", "topic": "tips", "subtopic": "tips_service", "prompt": "Bill is $59.33; service fee 0% and tip 22%. About how much do you pay in total?", "split": "test", "exact_value": 72.38}
{"id": "tips_001036", "topic": "tips", "subtopic": "tips_service", "prompt": "Bill is $56.36; service fee 5% and tip 20%. About how much do you pay in total?", "split": "test", "exact_value": 71.01}
{"id": "tips_001037", "topic": "tips", "subtopic": "tips_service", "prompt": "Bill is $114.32; service fee 0% and tip 22%. About how much do you pay in total?", "split": "test", "exact_value": 139.47}
{"id": "tips_001038", "topic": "tips", "subtopic": "tips_service", "prompt": "Bill is $43.68; service fee 0% and tip 20%. About how much do you pay in total?", "split": "test", "exact_value": 52.42}
{"id": "tips_001039", "topic": "tips", "subtopic": "tips_service", "prompt": "Bill is $56.39; service fee 3% and tip 15%. About how much do you pay in total?", "split": "test", "exact_value": 66.79}
{"id": "tips_001040", "topic": "tips", "subtopic": "tips_service", "prompt": "Bill is $28.19; service fee 3% and tip 15%. About how much do you pay in total?", "split": "test", "exact_value": 33.39}
{"id": "tips_001041", "topic": "tips", "subtopic": "tips_service", "prompt": "Bill is $117.39; service fee 3% and tip 15%. About how much do you pay in total?", "split": "test", "exact_value": 139.05}
{"id": "tips_001042", "topic": "tips", "subtopic": "tips_service", "prompt": "Bill is $82.57; service fee 3% and tip 15%. About how much do you pay in total?", "split": "test", "exact_value": 97.8}
{"id": "tips_001043", "topic": "tips", "subtopic": "tips_service", "prompt": "Bill is $69.77; service fee 0% and tip 20%. About how much do you pay in total?", "split": "test", "exact_value": 83.72}
{"id": "tips_001044", "topic": "tips", "subtopic": "tips_service", "prompt": "Bill is $58.00; service fee 0% and tip 22%. About how much do you pay in total?", "split": "test", "exact_value": 70.76}
{"id": "tips_001045", "topic": "tips", "subtopic": "tips_service", "prompt": "Bill is $84.54; service fee 5% and tip 18%. About how much do you pay in total?", "split": "test", "exact_value": 104.75}
{"id": "tips_001046", "topic": "tips", "subtopic": "tips_service", "prompt": "Bill is $92.81; service fee 3% and tip 22%. About how much do you pay in total?", "split": "test", "exact_value": 116.63}
{"id": "tips_001047", "topic": "tips", "subtopic": "tips_service", "prompt": "Bill is $56.40; service fee 5% and tip 15%. About how much do you pay in total?", "split": "test", "exact_value": 68.1}
{"id": "tips_001048", "topic": "tips", "subtopic": "tips_service", "prompt": "Bill is $17.12; service fee 0% and tip 20%. About how much do you pay in total?", "split": "test", "exact_value": 20.54}
{"id": "tips_001049", "topic": "tips", "subtopic": "tips_service", "prompt": "Bill is $105.48; service fee 3% and tip 15%. About how much do you pay in total?", "split": "test", "exact_value": 124.94}
{"id": "tips_001050", "topic": "tips", "subtopic": "tips_service", "prompt": "Bill is $16.08; service fee 3% and tip 22%. About how much do you pay in total?", "split": "test", "exact_value": 20.21}
{"id": "tips_001051", "topic": "tips", "subtopic": "tips_service", "prompt": "Bill is $13.50; service fee 3% and tip 22%. About how much do you pay in total?", "split": "test", "exact_value": 16.96}
{"id": "tips_001052", "topic": "tips", "subtopic": "tips_service", "prompt": "Bill is $93.84; service fee 5% and tip 15%. About how much do you pay in total?", "split": "test", "exact_value": 113.31}
{"id": "tips_001053", "topic": "tips", "subtopic": "tips_service", "prompt": "Bill is $92.20; service fee 0% and tip 15%. About how much do you pay in total?", "split": "test", "exact_value": 106.03}
{"id": "tips_001054", "topic": "tips", "subtopic": "tips_service", "prompt": "Bill is $109.11; service fee 5% and tip 22%. About how much do you pay in total?", "split": "test", "exact_value": 139.77}
{"id": "tips_001055", "topic": "tips", "subtopic": "tips_service", "prompt": "Bill is $39.05; service fee 3% and tip 20%. About how much do you pay in total?", "split": "test", "exact_value": 48.27}
{"id": "tips_001056", "topic": "tips", "subtopic": "tips_service", "prompt": "Bill is $51.16; service fee 0% and tip 22%. About how much do you pay in total?", "split": "test", "exact_value": 62.42}
{"id": "tips_001057", "topic": "tips", "subtopic": "tips_service", "prompt": "Bill is $69.18; service fee 3% and tip 22%. About how much do you pay in total?", "split": "test", "exact_value": 86.93}
{"id": "tips_001058", "topic": "tips", "subtopic": "tips_service", "prompt": "Bill is $64.08; service fee 3% and tip 15%. About how much do you pay in total?", "split": "test", "exact_value": 75.9}
{"id": "tips_001059", "topic": "tips", "subtopic": "tips_service", "prompt": "Bill is $58.21; service fee 5% and tip 18%. About how much do you pay in total?", "split": "test", "exact_value": 72.12}
{"id": "tips_001060", "topic": "tips", "subtopic": "tips_service", "prompt": "Bill is $21.97; service fee 0% and tip 18%. About how much do you pay in total?", "split": "test", "exact_value": 25.92}
{"id": "tips_001061", "topic": "tips", "subtopic": "tips_service", "prompt": "Bill is $71.75; service fee 3% and tip 18%. About how much do you pay in total?", "split": "test", "exact_value": 87.2}
{"id": "tips_001062", "topic": "tips", "subtopic": "tips_service", "prompt": "Bill is $75.31; service fee 3% and tip 15%. About how much do you pay in total?", "split": "test", "exact_value": 89.2}
{"id": "tips_001063", "topic": "tips", "subtopic": "tips_service", "prompt": "Bill is $34.17; service fee 0% and tip 18%. About how much do you pay in total?", "split": "test", "exact_value": 40.32}
{"id": "tips_001064", "topic": "tips", "subtopic": "tips_service", "prompt": "Bill is $51.14; service fee 0% and tip 22%. About how much do you pay in total?", "split": "test", "exact_value": 62.39}
{"id": "tips_001065", "topic": "tips", "subtopic": "tips_service", "prompt": "Bill is $92.49; service fee 5% and tip 22%. About how much do you pay in total?", "split": "test", "exact_value": 118.48}
{"id": "tips_001066", "topic": "tips", "subtopic": "tips_service", "prompt": "Bill is $35.98; service fee 3% and tip 22%. About how much do you pay in total?", "split": "test", "exact_value": 45.21}
{"id": "tips_001067", "topic": "tips", "subtopic": "tips_service", "prompt": "Bill is $110.45; service fee 5% and tip 20%. About how much do you pay in total?", "split": "test", "exact_value": 139.17}
{"id": "tips_001068", "topic": "tips", "subtopic": "tips_service", "prompt": "Bill is $17.87; service fee 0% and tip 15%. About how much do you pay in total?", "split": "test", "exact_value": 20.55}
{"id": "tips_001069", "topic": "tips", "subtopic": "tips_service", "prompt": "Bill is $86.19; service fee 3% and tip 15%. About how much do you pay in total?", "split": "test", "exact_value": 102.09}
{"id": "tips_001070", "topic": "tips", "subtopic": "tips_service", "prompt": "Bill is $76.04; service fee 3% and tip 20%. About how much do you pay in total?", "split": "test", "exact_value": 93.99}
{"id": "tips_001071", "topic": "tips", "subtopic": "tips_service", "prompt": "Bill is $86.31; service fee 5% and tip 22%. About how much do you pay in total?", "split": "test", "exact_value": 110.56}
{"id": "tips_001072", "topic": "tips", "subtopic": "tips_service", "prompt": "Bill is $91.33; service fee 0% and tip 15%. About how much do you pay in total?", "split": "test", "exact_value": 105.03}
{"id": "tips_001073", "topic": "tips", "subtopic": "tips_service", "prompt": "Bill is $31.05; service fee 3% and tip 18%. About how much do you pay in total?", "split": "test", "exact_value": 37.74}
{"id": "tips_001074", "topic": "tips", "subtopic": "tips_service", "prompt": "Bill is $93.58; service fee 0% and tip 18%. About how much do you pay in total?", "split": "test", "exact_value": 110.42}
{"id": "tips_001075", "topic": "tips", "subtopic": "tips_service", "prompt": "Bill is $69.47; service fee 0% and tip 22%. About how much do you pay in total?", "split": "test", "exact_value": 84.75}
{"id": "tips_001076", "topic": "tips", "subtopic": "tips_service", "prompt": "Bill is $92.24; service fee 0% and tip 15%. About how much do you pay in total?", "split": "test", "exact_value": 106.08}
{"id": "tips_001077", "topic": "tips", "subtopic": "tips_service", "prompt": "Bill is $50.63; service fee 0% and tip 15%. About how much do you pay in total?", "split": "test", "exact_value": 58.22}
{"id": "tips_001078", "topic": "tips", "subtopic": "tips_service", "prompt": "Bill is $103.79; service fee 5% and tip 18%. About how much do you pay in total?", "split": "test", "exact_value": 128.6}
{"id": "tips_001079", "topic": "tips", "subtopic": "tips_service", "prompt": "Bill is $17.10; service fee 5% and tip 22%. About how much do you pay in total?", "split": "test", "exact_value": 21.91}
{"id": "tips_001080", "topic": "tips", "subtopic": "tips_service", "prompt": "Bill is $38.02; service fee 0% and tip 15%. About how much do you pay in total?", "split": "test", "exact_value": 43.72}
{"id": "tips_001081", "topic": "tips", "subtopic": "tips_service", "prompt": "Bill is $109.37; service fee 5% and tip 20%. About how much do you pay in total?", "split": "test", "exact_value": 137.81}
{"id": "tips_001082", "topic": "tips", "subtopic": "tips_service", "prompt": "Bill is $49.99; service fee 3% and tip 15%. About how much do you pay in total?", "split": "test", "exact_value": 59.21}
{"id": "tips_001083", "topic": "tips", "subtopic": "tips_service", "prompt": "Bill is $25.31; service fee 3% and tip 22%. About how much do you pay in total?", "split": "test", "exact_value": 31.8}
{"id": "tips_001084", "topic": "tips", "subtopic": "tips_service", "prompt": "Bill is $93.35; service fee 5% and tip 22%. About how much do you pay in total?", "split": "test", "exact_value": 119.58}
{"id": "tips_001085", "topic": "tips", "subtopic": "tips_service", "prompt": "Bill is $56.64; service fee 3% and tip 22%. About how much do you pay in total?", "split": "test", "exact_value": 71.17}
{"id": "tips_001086", "topic": "tips", "subtopic": "tips_service", "prompt": "Bill is $70.50; service fee 5% and tip 22%. About how much do you pay in total?", "split": "test", "exact_value": 90.31}
{"id": "tips_001087", "topic": "tips", "subtopic": "tips_service", "prompt": "Bill is $32.83; service fee 0% and tip 15%. About how much do you pay in total?", "split": "test", "exact_value": 37.75}
{"id": "tips_001088", "topic": "tips", "subtopic": "tips_service", "prompt": "Bill is $96.30; service fee 3% and tip 18%. About how much do you pay in total?", "split": "test", "exact_value": 117.04}
{"id": "tips_001089", "topic": "tips", "subtopic": "tips_service", "prompt": "Bill is $67.45; service fee 0% and tip 18%. About how much do you pay in total?", "split": "test", "exact_value": 79.59}
{"id": "tips_001090", "topic": "tips", "subtopic": "tips_service", "prompt": "Bill is $99.41; service fee 0% and tip 18%. About how much do you pay in total?", "split": "test", "exact_value": 117.3}
{"id": "tips_001091", "topic": "tips", "subtopic": "tips_service", "prompt": "Bill is $47.23; service fee 3% and tip 20%. About how much do you pay in total?", "split": "test", "exact_value": 58.38}
{"id": "tips_001092", "topic": "tips", "subtopic": "tips_service", "prompt": "Bill is $16.97; service fee 3% and tip 15%. About how much do you pay in total?", "split": "test", "exact_value": 20.1}
{"id": "tips_001093", "topic": "tips", "subtopic": "tips_service", "prompt": "Bill is $78.36; service fee 5% and tip 15%. About how much do you pay in total?", "split": "test", "exact_value": 94.62}
{"id": "tips_001094", "topic": "tips", "subtopic": "tips_service", "prompt": "Bill is $59.43; service fee 0% and tip 22%. About how much do you pay in total?", "split": "test", "exact_value": 72.5}
{"id": "tips_001095", "topic": "tips", "subtopic": "tips_service", "prompt": "Bill is $100.81; service fee 0% and tip 22%. About how much do you pay in total?", "split": "test", "exact_value": 122.99}
{"id": "tips_001096", "topic": "tips", "subtopic": "tips_service", "prompt": "Bill is $100.26; service fee 5% and tip 18%. About how much do you pay in total?", "split": "test", "exact_value": 124.22}
{"id": "tips_001097", "topic": "tips", "subtopic": "tips_service", "prompt": "Bill is $107.99; service fee 0% and tip 15%. About how much do you pay in total?", "split": "test", "exact_value": 124.19}
{"id": "tips_001098", "topic": "tips", "subtopic": "tips_service", "prompt": "Bill is $118.08; service fee 3% and tip 15%. About how much do you pay in total?", "split": "test", "exact_value": 139.87}
{"id": "tips_001099", "topic": "tips", "subtopic": "tips_service", "prompt": "Bill is $54.07; service fee 5% and tip 20%. About how much do you pay in total?", "split": "test", "exact_value": 68.13}
{"id": "tips_001100", "topic": "tips", "subtopic": "tips_service", "prompt": "Bill is $43.02; service fee 5% and tip 18%. About how much do you pay in total?", "split": "test", "exact_value": 53.3}
{"id": "tips_001101", "topic": "tips", "subtopic": "tips_service", "prompt": "Bill is $93.57; service fee 0% and tip 18%. About how much do you pay in total?", "split": "test", "exact_value": 110.41}
{"id": "tips_001102", "topic": "tips", "subtopic": "tips_service", "prompt": "Bill is $93.70; service fee 3% and tip 20%. About how much do you pay in total?", "split": "test", "exact_value": 115.81}
{"id": "tips_001103", "topic": "tips", "subtopic": "tips_service", "prompt": "Bill is $18.69; service fee 5% and tip 20%. About how much do you pay in total?", "split": "test", "exact_value": 23.55}
{"id": "tips_001104", "topic": "tips", "subtopic": "tips_service", "prompt": "Bill is $89.17; service fee 5% and tip 15%. About how much do you pay in total?", "split": "test", "exact_value": 107.67}
{"id": "tips_001105", "topic": "tips", "subtopic": "tips_service", "prompt": "Bill is $69.64; service fee 0% and tip 22%. About how much do you pay in total?", "split": "test", "exact_value": 84.96}
{"id": "tips_001106", "topic": "tips", "subtopic": "tips_service", "prompt": "Bill is $53.45; service fee 3% and tip 18%. About how much do you pay in total?", "split": "test", "exact_value": 64.96}
{"id": "tips_001107", "topic": "tips", "subtopic": "tips_service", "prompt": "Bill is $52.28; service fee 3% and tip 15%. About how much do you pay in total?", "split": "test", "exact_value": 61.93}
{"id": "tips_001108", "topic": "tips", "subtopic": "tips_service", "prompt": "Bill is $42.53; service fee 5% and tip 15%. About how much do you pay in total?", "split": "test", "exact_value": 51.35}
{"id": "tips_001109", "topic": "tips", "subtopic": "tips_service", "prompt": "Bill is $101.68; service fee 5% and tip 20%. About how much do you pay in total?", "split": "test", "exact_value": 128.12}
{"id": "tips_001110", "topic": "tips", "subtopic": "tips_service", "prompt": "Bill is $71.88; service fee 0% and tip 18%. About how much do you pay in total?", "split": "test", "exact_value": 84.82}
{"id": "tips_001111", "topic": "tips", "subtopic": "tips_service", "prompt": "Bill is $40.38; service fee 0% and tip 15%. About how much do you pay in total?", "split": "test", "exact_value": 46.44}
{"id": "tips_001112", "topic": "tips", "subtopic": "tips_service", "prompt": "Bill is $64.77; service fee 0% and tip 15%. About how much do you pay in total?", "split": "test", "exact_value": 74.49}
{"id": "tips_001113", "topic": "tips", "subtopic": "tips_service", "prompt": "Bill is $103.67; service fee 3% and tip 22%. About how much do you pay in total?", "split": "test", "exact_value": 130.27}
{"id": "tips_001114", "topic": "tips", "subtopic": "tips_service", "prompt": "Bill is $51.78; service fee 0% and tip 18%. About how much do you pay in total?", "split": "test", "exact_value": 61.1}
{"id": "tips_001115", "topic": "tips", "subtopic": "tips_service", "prompt": "Bill is $86.05; service fee 3% and tip 15%. About how much do you pay in total?", "split": "test", "exact_value": 101.93}
{"id": "tips_001116", "topic": "tips", "subtopic": "tips_service", "prompt": "Bill is $111.48; service fee 0% and tip 15%. About how much do you pay in total?", "split": "test", "exact_value": 128.2}
{"id": "tips_001117", "topic": "tips", "subtopic": "tips_service", "prompt": "Bill is $108.66; service fee 3% and tip 20%. About how much do you pay in total?", "split": "test", "exact_value": 134.3}
{"id": "tips_001118", "topic": "tips", "subtopic": "tips_service", "prompt": "Bill is $47.47; service fee 0% and tip 22%. About how much do you pay in total?", "split": "test", "exact_value": 57.91}
{"id": "tips_001119", "topic": "tips", "subtopic": "tips_service", "prompt": "Bill is $109.51; service fee 5% and tip 15%. About how much do you pay in total?", "split": "test", "exact_value": 132.23}
{"id": "tips_001120", "topic": "tips", "subtopic": "tips_service", "prompt": "Bill is $42.54; service fee 3% and tip 22%. About how much do you pay in total?", "split": "test", "exact_value": 53.46}
{"id": "tips_001121", "topic": "tips", "subtopic": "tips_service", "prompt": "Bill is $14.63; service fee 5% and tip 18%. About how much do you pay in total?", "split": "test", "exact_value": 18.13}
{"id": "tips_001122", "topic": "tips", "subtopic": "tips_service", "prompt": "Bill is $29.78; service fee 0% and tip 20%. About how much do you pay in total?", "split": "test", "exact_value": 35.74}
{"id": "tips_001123", "topic": "tips", "subtopic": "tips_service", "prompt": "Bill is $60.00; service fee 3% and tip 20%. About how much do you pay in total?", "split": "test", "exact_value": 74.16}
{"id": "tips_001124", "topic": "tips", "subtopic": "tips_service", "prompt": "Bill is $36.16; service fee 3% and tip 15%. About how much do you pay in total?", "split": "test", "exact_value": 42.83}
{"id": "tips_001125", "topic": "tips", "subtopic": "tips_service", "prompt": "Bill is $86.89; service fee 0% and tip 20%. About how much do you pay in total?", "split": "test", "exact_value": 104.27}
{"id": "tips_001126", "topic": "tips", "subtopic": "tips_service", "prompt": "Bill is $46.52; service fee 0% and tip 20%. About how much do you pay in total?", "split": "test", "exact_value": 55.82}
{"id": "tips_001127", "topic": "tips", "subtopic": "tips_service", "prompt": "Bill is $24.64; service fee 0% and tip 20%. About how much do you pay in total?", "split": "test", "exact_value": 29.57}
{"id": "tips_001128", "topic": "tips", "subtopic": "tips_service", "prompt": "Bill is $39.31; service fee 0% and tip 15%. About how much do you pay in total?", "split": "test", "exact_value": 45.21}
{"id": "tips_001129", "topic": "tips", "subtopic": "tips_service", "prompt": "Bill is $98.51; service fee 5% and tip 22%. About how much do you pay in total?", "split": "test", "exact_value": 126.19}
{"id": "tips_001130", "topic": "tips", "subtopic": "tips_service", "prompt": "Bill is $94.16; service fee 0% and tip 20%. About how much do you pay in total?", "split": "test", "exact_value": 112.99}
{"id": "tips_001131", "topic": "tips", "subtopic": "tips_service", "prompt": "Bill is $89.71; service fee 0% and tip 15%. About how much do you pay in total?", "split": "test", "exact_value": 103.17}
{"id": "tips_001132", "topic": "tips", "subtopic": "tips_service", "prompt": "Bill is $118.21; service fee 5% and tip 15%. About how much do you pay in total?", "split": "test", "exact_value": 142.74}
{"id": "tips_001133", "topic": "tips", "subtopic": "tips_service", "prompt": "Bill is $80.59; service fee 5% and tip 15%. About how much do you pay in total?", "split": "test", "exact_value": 97.31}
{"id": "tips_001134", "topic": "tips", "subtopic": "tips_service", "prompt": "Bill is $14.65; service fee 3% and tip 15%. About how much do you pay in total?", "split": "test", "exact_value": 17.35}
{"id": "tips_001135", "topic": "tips", "subtopic": "tips_service", "prompt": "Bill is $23.00; service fee 5% and tip 15%. About how much do you pay in total?", "split": "test", "exact_value": 27.77}
{"id": "tips_001136", "topic": "tips", "subtopic": "tips_service", "prompt": "Bill is $113.12; service fee 3% and tip 15%. About how much do you pay in total?", "split": "test", "exact_value": 133.99}
{"id": "tips_001137", "topic": "tips", "subtopic": "tips_service", "prompt": "Bill is $39.90; service fee 3% and tip 15%. About how much do you pay in total?", "split": "test", "exact_value": 47.26}
{"id": "tips_001138", "topic": "tips", "subtopic": "tips_service", "prompt": "Bill is $91.38; service fee 0% and tip 20%. About how much do you pay in total?", "split": "test", "exact_value": 109.66}
{"id": "tips_001139", "topic": "tips", "subtopic": "tips_service", "prompt": "Bill is $47.77; service fee 0% and tip 18%. About how much do you pay in total?", "split": "test", "exact_value": 56.37}
{"id": "tips_001140", "topic": "tips", "subtopic": "tips_service", "prompt": "Bill is $98.64; service fee 3% and tip 18%. About how much do you pay in total?", "split": "test", "exact_value": 119.89}
{"id": "tips_001141", "topic": "tips", "subtopic": "tips_service", "prompt": "Bill is $55.97; service fee 3% and tip 18%. About how much do you pay in total?", "split": "test", "exact_value": 68.03}
{"id": "tips_001142", "topic": "tips", "subtopic": "tips_service", "prompt": "Bill is $72.67; service fee 3% and tip 20%. About how much do you pay in total?", "split": "test", "exact_value": 89.82}
{"id": "tips_001143", "topic": "tips", "subtopic": "tips_service", "prompt": "Bill is $36.42; service fee 5% and tip 22%. About how much do you pay in total?", "split": "test", "exact_value": 46.65}
{"id": "tips_001144", "topic": "tips", "subtopic": "tips_service", "prompt": "Bill is $33.93; service fee 5% and tip 18%. About how much do you pay in total?", "split": "test", "exact_value": 42.04}
{"id": "tips_001145", "topic": "tips", "subtopic": "tips_service", "prompt": "Bill is $51.92; service fee 5% and tip 18%. About how much do you pay in total?", "split": "test", "exact_value": 64.33}
{"id": "tips_001146", "topic": "tips", "subtopic": "tips_service", "prompt": "Bill is $17.23; service fee 3% and tip 15%. About how much do you pay in total?", "split": "test", "exact_value": 20.41}
{"id": "tips_001147", "topic": "tips", "subtopic": "tips_service", "prompt": "Bill is $56.58; service fee 0% and tip 22%. About how much do you pay in total?", "split": "test", "exact_value": 69.03}
{"id": "tips_001148", "topic": "tips", "subtopic": "tips_service", "prompt": "Bill is $59.41; service fee 3% and tip 18%. About how much do you pay in total?", "split": "test", "exact_value": 72.21}
{"id": "tips_001149", "topic": "tips", "subtopic": "tips_service", "prompt": "Bill is $101.58; service fee 0% and tip 15%. About how much do you pay in total?", "split": "test", "exact_value": 116.82}
{"id": "tips_001150", "topic": "tips", "subtopic": "tips_service", "prompt": "Bill is $63.54; service fee 5% and tip 20%. About how much do you pay in total?", "split": "test", "exact_value": 80.06}
{"id": "tips_001151", "topic": "tips", "subtopic": "tips_service", "prompt": "Bill is $21.35; service fee 5% and tip 20%. About how much do you pay in total?", "split": "test", "exact_value": 26.9}
{"id": "tips_001152", "topic": "tips", "subtopic": "tips_service", "prompt": "Bill is $118.75; service fee 5% and tip 15%. About how much do you pay in total?", "split": "test", "exact_value": 143.39}
{"id": "tips_001153", "topic": "tips", "subtopic": "tips_service", "prompt": "Bill is $35.96; service fee 3% and tip 22%. About how much do you pay in total?", "split": "test", "exact_value": 45.19}
{"id": "tips_001154", "topic": "tips", "subtopic": "tips_service", "prompt": "Bill is $74.49; service fee 3% and tip 18%. About how much do you pay in total?", "split": "test", "exact_value": 90.54}
{"id": "tips_001155", "topic": "tips", "subtopic": "tips_service", "prompt": "Bill is $44.13; service fee 3% and tip 22%. About how much do you pay in total?", "split": "test", "exact_value": 55.45}
{"id": "tips_001156", "topic": "tips", "subtopic": "tips_service", "prompt": "Bill is $85.22; service fee 0% and tip 18%. About how much do you pay in total?", "split": "test", "exact_value": 100.56}
{"id": "tips_001157", "topic": "tips", "subtopic": "tips_service", "prompt": "Bill is $83.04; service fee 5% and tip 20%. About how much do you pay in total?", "split": "test", "exact_value": 104.63}
{"id": "tips_001158", "topic": "tips", "subtopic": "tips_service", "prompt": "Bill is $116.66; service fee 3% and tip 20%. About how much do you pay in total?", "split": "test", "exact_value": 144.19}
{"id": "tips_001159", "topic": "tips", "subtopic": "tips_service", "prompt": "Bill is $114.85; service fee 3% and tip 15%. About how much do you pay in total?", "split": "test", "exact_value": 136.04}
{"id": "tips_001160", "topic": "tips", "subtopic": "tips_service", "prompt": "Bill is $15.43; service fee 0% and tip 20%. About how much do you pay in total?", "split": "test", "exact_value": 18.52}
{"id": "tips_001161", "topic": "tips", "subtopic": "tips_service", "prompt": "Bill is $110.94; service fee 5% and tip 22%. About how much do you pay in total?", "split": "test", "exact_value": 142.11}
{"id": "tips_001162", "topic": "tips", "subtopic": "tips_service", "prompt": "Bill is $37.13; service fee 5% and tip 15%. About how much do you pay in total?", "split": "test", "exact_value": 44.83}
{"id": "tips_001163", "topic": "tips", "subtopic": "tips_service", "prompt": "Bill is $60.36; service fee 3% and tip 22%. About how much do you pay in total?", "split": "test", "exact_value": 75.85}
{"id": "tips_001164", "topic": "tips", "subtopic": "tips_service", "prompt": "Bill is $96.35; service fee 5% and tip 18%. About how much do you pay in total?", "split": "test", "exact_value": 119.38}
{"id": "tips_001165", "topic": "tips", "subtopic": "tips_service", "prompt": "Bill is $94.04; service fee 0% and tip 18%. About how much do you pay in total?", "split": "test", "exact_value": 110.97}
{"id": "tips_001166", "topic": "tips", "subtopic": "tips_service", "prompt": "Bill is $12.85; service fee 0% and tip 18%. About how much do you pay in total?", "split": "test", "exact_value": 15.16}
{"id": "tips_001167", "topic": "tips", "subtopic": "tips_service", "prompt": "Bill is $37.99; service fee 5% and tip 18%. About how much do you pay in total?", "split": "test", "exact_value": 47.07}
{"id": "tips_001168", "topic": "tips", "subtopic": "tips_service", "prompt": "Bill is $67.96; service fee 0% and tip 18%. About how much do you pay in total?", "split": "test", "exact_value": 80.19}
{"id": "tips_001169", "topic": "tips", "subtopic": "tips_service", "prompt": "Bill is $83.43; service fee 0% and tip 22%. About how much do you pay in total?", "split": "test", "exact_value": 101.78}
{"id": "tips_001170", "topic": "tips", "subtopic": "tips_service", "prompt": "Bill is $95.00; service fee 0% and tip 20%. About how much do you pay in total?", "split": "test", "exact_value": 114.0}
{"id": "tips_001171", "topic": "tips", "subtopic": "tips_service", "prompt": "Bill is $77.94; service fee 3% and tip 18%. About how much do you pay in total?", "split": "test", "exact_value": 94.73}
{"id": "tips_001172", "topic": "tips", "subtopic": "tips_service", "prompt": "Bill is $13.74; service fee 0% and tip 15%. About how much do you pay in total?", "split": "test", "exact_value": 15.8}
{"id": "tips_001173", "topic": "tips", "subtopic": "tips_service", "prompt": "Bill is $96.05; service fee 5% and tip 18%. About how much do you pay in total?", "split": "test", "exact_value": 119.01}
{"id": "tips_001174", "topic": "tips", "subtopic": "tips_service", "prompt": "Bill is $111.03; service fee 3% and tip 22%. About how much do you pay in total?", "split": "test", "exact_value": 139.52}
{"id": "tips_001175", "topic": "tips", "subtopic": "tips_service", "prompt": "Bill is $67.63; service fee 0% and tip 22%. About how much do you pay in total?", "split": "test", "exact_value": 82.51}
{"id": "tips_001176", "topic": "tips", "subtopic": "tips_service", "prompt": "Bill is $99.67; service fee 3% and tip 18%. About how much do you pay in total?", "split": "test", "exact_value": 121.14}
{"id": "tips_001177", "topic": "tips", "subtopic": "tips_service", "prompt": "Bill is $16.63; service fee 3% and tip 18%. About how much do you pay in total?", "split": "test", "exact_value": 20.21}
{"id": "tips_001178", "topic": "tips", "subtopic": "tips_service", "prompt": "Bill is $45.96; service fee 3% and tip 22%. About how much do you pay in total?", "split": "test", "exact_value": 57.75}
{"id": "tips_001179", "topic": "tips", "subtopic": "tips_service", "prompt": "Bill is $33.87; service fee 3% and tip 15%. About how much do you pay in total?", "split": "test", "exact_value": 40.12}
{"id": "tips_001180", "topic": "tips", "subtopic": "tips_service", "prompt": "Bill is $34.16; service fee 0% and tip 22%. About how much do you pay in total?", "split": "test", "exact_value": 41.68}
{"id": "tips_001181", "topic": "tips", "subtopic": "tips_service", "prompt": "Bill is $69.23; service fee 0% and tip 18%. About how much do you pay in total?", "split": "test", "exact_value": 81.69}
{"id": "tips_001182", "topic": "tips", "subtopic": "tips_service", "prompt": "Bill is $32.51; service fee 5% and tip 15%. About how much do you pay in total?", "split": "test", "exact_value": 39.26}
{"id": "tips_001183", "topic": "tips", "subtopic": "tips_service", "prompt": "Bill is $61.72; service fee 5% and tip 15%. About how much do you pay in total?", "split": "test", "exact_value": 74.53}
{"id": "tips_001184", "topic": "tips", "subtopic": "tips_service", "prompt": "Bill is $98.09; service fee 3% and tip 18%. About how much do you pay in total?", "split": "test", "exact_value": 119.22}
{"id": "tips_001185", "topic": "tips", "subtopic": "tips_service", "prompt": "Bill is $62.13; service fee 5% and tip 15%. About how much do you pay in total?", "split": "test", "exact_value": 75.02}
{"id": "tips_001186", "topic": "tips", "subtopic": "tips_service", "prompt": "Bill is $86.24; service fee 0% and tip 20%. About how much do you pay in total?", "split": "test", "exact_value": 103.49}
{"id": "tips_001187", "topic": "tips", "subtopic": "tips_service", "prompt": "Bill is $68.55; service fee 0% and tip 22%. About how much do you pay in total?", "split": "test", "exact_value": 83.63}
{"id": "tips_001188", "topic": "tips", "subtopic": "tips_service", "prompt": "Bill is $23.27; service fee 0% and tip 22%. About how much do you pay in total?", "split": "test", "exact_value": 28.39}
{"id": "tips_001189", "topic": "tips", "subtopic": "tips_service", "prompt": "Bill is $55.61; service fee 5% and tip 18%. About how much do you pay in total?", "split": "test", "exact_value": 68.9}
{"id": "tips_001190", "topic": "tips", "subtopic": "tips_service", "prompt": "Bill is $82.08; service fee 3% and tip 15%. About how much do you pay in total?", "split": "test", "exact_value": 97.22}
{"id": "tips_001191", "topic": "tips", "subtopic": "tips_service", "prompt": "Bill is $70.80; service fee 0% and tip 22%. About how much do you pay in total?", "split": "test", "exact_value": 86.38}
{"id": "tips_001192", "topic": "tips", "subtopic": "tips_service", "prompt": "Bill is $13.49; service fee 5% and tip 22%. About how much do you pay in total?", "split": "test", "exact_value": 17.28}
{"id": "tips_001193", "topic": "tips", "subtopic": "tips_service", "prompt": "Bill is $85.54; service fee 0% and tip 15%. About how much do you pay in total?", "split": "test", "exact_value": 98.37}
{"id": "tips_001194", "topic": "tips", "subtopic": "tips_service", "prompt": "Bill is $64.53; service fee 3% and tip 15%. About how much do you pay in total?", "split": "test", "exact_value": 76.44}
{"id": "tips_001195", "topic": "tips", "subtopic": "tips_service", "prompt": "Bill is $90.51; service fee 3% and tip 18%. About how much do you pay in total?", "split": "test", "exact_value": 110.01}
{"id": "tips_001196", "topic": "tips", "subtopic": "tips_service", "prompt": "Bill is $30.56; service fee 3% and tip 20%. About how much do you pay in total?", "split": "test", "exact_value": 37.77}
{"id": "tips_001197", "topic": "tips", "subtopic": "tips_service", "prompt": "Bill is $46.83; service fee 3% and tip 15%. About how much do you pay in total?", "split": "test", "exact_value": 55.47}
{"id": "tips_001198", "topic": "tips", "subtopic": "tips_service", "prompt": "Bill is $70.96; service fee 5% and tip 15%. About how much do you pay in total?", "split": "test", "exact_value": 85.68}
{"id": "tips_001199", "topic": "tips", "subtopic": "tips_service", "prompt": "Bill is $60.56; service fee 0% and tip 18%. About how much do you pay in total?", "split": "test", "exact_value": 71.46}
{"id": "tips_001200", "topic": "tips", "subtopic": "tips_service", "prompt": "Bill is $80.18; service fee 5% and tip 15%. About how much do you pay in total?", "split": "test", "exact_value": 96.82}
{"id": "tips_001201", "topic": "tips", "subtopic": "tips_service", "prompt": "Bill is $78.00; service fee 5% and tip 22%. About how much do you pay in total?", "split": "test", "exact_value": 99.92}
{"id": "tips_001202", "topic": "tips", "subtopic": "tips_service", "prompt": "Bill is $59.83; service fee 0% and tip 18%. About how much do you pay in total?", "split": "test", "exact_value": 70.6}
{"id": "tips_001203", "topic": "tips", "subtopic": "tips_service", "prompt": "Bill is $16.46; service fee 5% and tip 15%. About how much do you pay in total?", "split": "test", "exact_value": 19.88}
{"id": "tips_001204", "topic": "tips", "subtopic": "tips_service", "prompt": "Bill is $34.91; service fee 5% and tip 15%. About how much do you pay in total?", "split": "test", "exact_value": 42.15}
{"id": "tips_001205", "topic": "tips", "subtopic": "tips_service", "prompt": "Bill is $70.98; service fee 5% and tip 20%. About how much do you pay in total?", "split": "test", "exact_value": 89.43}
{"id": "tips_001206", "topic": "tips", "subtopic": "tips_service", "prompt": "Bill is $39.92; service fee 5% and tip 22%. About how much do you pay in total?", "split": "test", "exact_value": 51.14}
{"id": "tips_001207", "topic": "tips", "subtopic": "tips_service", "prompt": "Bill is $73.94; service fee 5% and tip 20%. About how much do you pay in total?", "split": "test", "exact_value": 93.16}
{"id": "tips_001208", "topic": "tips", "subtopic": "tips_service", "prompt": "Bill is $38.64; service fee 3% and tip 20%. About how much do you pay in total?", "split": "test", "exact_value": 47.76}
{"id": "tips_001209", "topic": "tips", "subtopic": "tips_service", "prompt": "Bill is $109.21; service fee 5% and tip 20%. About how much do you pay in total?", "split": "test", "exact_value": 137.6}
{"id": "tips_001210", "topic": "tips", "subtopic": "tips_service", "prompt": "Bill is $52.73; service fee 5% and tip 22%. About how much do you pay in total?", "split": "test", "exact_value": 67.55}
{"id": "tips_001211", "topic": "tips", "subtopic": "tips_service", "prompt": "Bill is $80.52; service fee 0% and tip 22%. About how much do you pay in total?", "split": "test", "exact_value": 98.23}
{"id": "tips_001212", "topic": "tips", "subtopic": "tips_service", "prompt": "Bill is $31.74; service fee 0% and tip 18%. About how much do you pay in total?", "split": "test", "exact_value": 37.45}
{"id": "tips_001213", "topic": "tips", "subtopic": "tips_service", "prompt": "Bill is $84.36; service fee 3% and tip 15%. About how much do you pay in total?", "split": "test", "exact_value": 99.92}
{"id": "tips_001214", "topic": "tips", "subtopic": "tips_service", "prompt": "Bill is $87.95; service fee 3% and tip 22%. About how much do you pay in total?", "split": "test", "exact_value": 110.52}
{"id": "tips_001215", "topic": "tips", "subtopic": "tips_service", "prompt": "Bill is $18.06; service fee 5% and tip 22%. About how much do you pay in total?", "split": "test", "exact_value": 23.13}
{"id": "tips_001216", "topic": "tips", "subtopic": "tips_service", "prompt": "Bill is $85.85; service fee 5% and tip 18%. About how much do you pay in total?", "split": "test", "exact_value": 106.37}
{"id": "tips_001217", "topic": "tips", "subtopic": "tips_service", "prompt": "Bill is $14.62; service fee 5% and tip 22%. About how much do you pay in total?", "split": "test", "exact_value": 18.73}
{"id": "tips_001218", "topic": "tips", "subtopic": "tips_service", "prompt": "Bill is $72.02; service fee 3% and tip 18%. About how much do you pay in total?", "split": "test", "exact_value": 87.53}
{"id": "tips_001219", "topic": "tips", "subtopic": "tips_service", "prompt": "Bill is $68.60; service fee 5% and tip 20%. About how much do you pay in total?", "split": "test", "exact_value": 86.44}
{"id": "tips_001220", "topic": "tips", "subtopic": "tips_service", "prompt": "Bill is $111.57; service fee 3% and tip 18%. About how much do you pay in total?", "split": "test", "exact_value": 135.6}
{"id": "tips_001221", "topic": "tips", "subtopic": "tips_service", "prompt": "Bill is $23.55; service fee 5% and tip 22%. About how much do you pay in total?", "split": "test", "exact_value": 30.17}
{"id": "tips_001222", "topic": "tips", "subtopic": "tips_service", "prompt": "Bill is $106.70; service fee 0% and tip 22%. About how much do you pay in total?", "split": "test", "exact_value": 130.17}
{"id": "tips_001223", "topic": "tips", "subtopic": "tips_service", "prompt": "Bill is $43.03; service fee 3% and tip 15%. About how much do you pay in total?", "split": "test", "exact_value": 50.97}
{"id": "tips_001224", "topic": "tips", "subtopic": "tips_service", "prompt": "Bill is $96.94; service fee 3% and tip 20%. About how much do you pay in total?", "split": "test", "exact_value": 119.82}
{"id": "tips_001225", "topic": "tips", "subtopic": "tips_service", "prompt": "Bill is $70.38; service fee 0% and tip 15%. About how much do you pay in total?", "split": "test", "exact_value": 80.94}
{"id": "tips_001226", "topic": "tips", "subtopic": "tips_service", "prompt": "Bill is $80.23; service fee 0% and tip 22%. About how much do you pay in total?", "split": "test", "exact_value": 97.88}
{"id": "tips_001227", "topic": "tips", "subtopic": "tips_service", "prompt": "Bill is $89.16; service fee 0% and tip 20%. About how much do you pay in total?", "split": "test", "exact_value": 106.99}
{"id": "tips_001228", "topic": "tips", "subtopic": "tips_service", "prompt": "Bill is $117.09; service fee 3% and tip 15%. About how much do you pay in total?", "split": "test", "exact_value": 138.69}
{"id": "tips_001229", "topic": "tips", "subtopic": "tips_service", "prompt": "Bill is $84.21; service fee 0% and tip 22%. About how much do you pay in total?", "split": "test", "exact_value": 102.74}
{"id": "tips_001230", "topic": "tips", "subtopic": "tips_service", "prompt": "Bill is $41.17; service fee 5% and tip 20%. About how much do you pay in total?", "split": "test", "exact_value": 51.87}
{"id": "tips_001231", "topic": "tips", "subtopic": "tips_service", "prompt": "Bill is $39.22; service fee 0% and tip 18%. About how much do you pay in total?", "split": "test", "exact_value": 46.28}
{"id": "tips_001232", "topic": "tips", "subtopic": "tips_service", "prompt": "Bill is $65.65; service fee 3% and tip 18%. About how much do you pay in total?", "split": "test", "exact_value": 79.79}
{"id": "tips_001233", "topic": "tips", "subtopic": "tips_service", "prompt": "Bill is $36.41; service fee 3% and tip 15%. About how much do you pay in total?", "split": "test", "exact_value": 43.13}
{"id": "tips_001234", "topic": "tips", "subtopic": "tips_service", "prompt": "Bill is $82.12; service fee 3% and tip 22%. About how much do you pay in total?", "split": "test", "exact_value": 103.19}
{"id": "tips_001235", "topic": "tips", "subtopic": "tips_service", "prompt": "Bill is $58.95; service fee 5% and tip 15%. About how much do you pay in total?", "split": "test", "exact_value": 71.18}
{"id": "tips_001236", "topic": "tips", "subtopic": "tips_service", "prompt": "Bill is $45.36; service fee 3% and tip 15%. About how much do you pay in total?", "split": "test", "exact_value": 53.73}
{"id": "tips_001237", "topic": "tips", "subtopic": "tips_service", "prompt": "Bill is $68.25; service fee 3% and tip 22%. About how much do you pay in total?", "split": "test", "exact_value": 85.76}
{"id": "tips_001238", "topic": "tips", "subtopic": "tips_service", "prompt": "Bill is $108.86; service fee 3% and tip 15%. About how much do you pay in total?", "split": "test", "exact_value": 128.94}
{"id": "tips_001239", "topic": "tips", "subtopic": "tips_service", "prompt": "Bill is $59.76; service fee 3% and tip 20%. About how much do you pay in total?", "split": "test", "exact_value": 73.86}
{"id": "tips_001240", "topic": "tips", "subtopic": "tips_service", "prompt": "Bill is $116.82; service fee 0% and tip 18%. About how much do you pay in total?", "split": "test", "exact_value": 137.85}
{"id": "tips_001241", "topic": "tips", "subtopic": "tips_service", "prompt": "Bill is $76.79; service fee 5% and tip 22%. About how much do you pay in total?", "split": "test", "exact_value": 98.37}
{"id": "tips_001242", "topic": "tips", "subtopic": "tips_service", "prompt": "Bill is $83.52; service fee 3% and tip 22%. About how much do you pay in total?", "split": "test", "exact_value": 104.95}
{"id": "tips_001243", "topic": "tips", "subtopic": "tips_service", "prompt": "Bill is $80.16; service fee 3% and tip 20%. About how much do you pay in total?", "split": "test", "exact_value": 99.08}
{"id": "tips_001244", "topic": "tips", "subtopic": "tips_service", "prompt": "Bill is $83.71; service fee 0% and tip 20%. About how much do you pay in total?", "split": "test", "exact_value": 100.45}
{"id": "tips_001245", "topic": "tips", "subtopic": "tips_service", "prompt": "Bill is $40.41; service fee 3% and tip 22%. About how much do you pay in total?", "split": "test", "exact_value": 50.78}
{"id": "tips_001246", "topic": "tips", "subtopic": "tips_service", "prompt": "Bill is $61.08; service fee 5% and tip 18%. About how much do you pay in total?", "split": "test", "exact_value": 75.68}
{"id": "tips_001247", "topic": "tips", "subtopic": "tips_service", "prompt": "Bill is $77.57; service fee 0% and tip 22%. About how much do you pay in total?", "split": "test", "exact_value": 94.64}
{"id": "tips_001248", "topic": "tips", "subtopic": "tips_service", "prompt": "Bill is $26.61; service fee 3% and tip 22%. About how much do you pay in total?", "split": "test", "exact_value": 33.44}
{"id": "tips_001249", "topic": "tips", "subtopic": "tips_service", "prompt": "Bill is $78.52; service fee 3% and tip 15%. About how much do you pay in total?", "split": "test", "exact_value": 93.01}
{"id": "tips_001250", "topic": "tips", "subtopic": "tips_service", "prompt": "Bill is $83.95; service fee 3% and tip 15%. About how much do you pay in total?", "split": "test", "exact_value": 99.44}
{"id": "tips_001251", "topic": "tips", "subtopic": "tips_service", "prompt": "Bill is $118.82; service fee 0% and tip 20%. About how much do you pay in total?", "split": "test", "exact_value": 142.58}
{"id": "tips_001252", "topic": "tips", "subtopic": "tips_service", "prompt": "Bill is $36.59; service fee 3% and tip 18%. About how much do you pay in total?", "split": "test", "exact_value": 44.47}
{"id": "tips_001253", "topic": "tips", "subtopic": "tips_service", "prompt": "Bill is $89.47; service fee 5% and tip 18%. About how much do you pay in total?", "split": "test", "exact_value": 110.85}
{"id": "tips_001254", "topic": "tips", "subtopic": "tips_service", "prompt": "Bill is $55.97; service fee 0% and tip 18%. About how much do you pay in total?", "split": "test", "exact_value": 66.04}
{"id": "tips_001255", "topic": "tips", "subtopic": "tips_service", "prompt": "Bill is $78.54; service fee 5% and tip 18%. About how much do you pay in total?", "split": "test", "exact_value": 97.31}
{"id": "tips_001256", "topic": "tips", "subtopic": "tips_service", "prompt": "Bill is $83.97; service fee 0% and tip 22%. About how much do you pay in total?", "split": "test", "exact_value": 102.44}
{"id": "tips_001257", "topic": "tips", "subtopic": "tips_service", "prompt": "Bill is $28.75; service fee 3% and tip 20%. About how much do you pay in total?", "split": "test", "exact_value": 35.54}
{"id": "tips_001258", "topic": "tips", "subtopic": "tips_service", "prompt": "Bill is $82.11; service fee 0% and tip 22%. About how much do you pay in total?", "split": "test", "exact_value": 100.17}
{"id": "tips_001259", "topic": "tips", "subtopic": "tips_service", "prompt": "Bill is $72.80; service fee 0% and tip 22%. About how much do you pay in total?", "split": "test", "exact_value": 88.82}
{"id": "tips_001260", "topic": "tips", "subtopic": "tips_service", "prompt": "Bill is $18.52; service fee 3% and tip 20%. About how much do you pay in total?", "split": "test", "exact_value": 22.89}
{"id": "tips_001261", "topic": "tips", "subtopic": "tips_service", "prompt": "Bill is $52.28; service fee 5% and tip 20%. About how much do you pay in total?", "split": "test", "exact_value": 65.87}
{"id": "tips_001262", "topic": "tips", "subtopic": "tips_service", "prompt": "Bill is $71.90; service fee 0% and tip 20%. About how much do you pay in total?", "split": "test", "exact_value": 86.28}
{"id": "tips_001263", "topic": "tips", "subtopic": "tips_service", "prompt": "Bill is $64.99; service fee 5% and tip 15%. About how much do you pay in total?", "split": "test", "exact_value": 78.48}
{"id": "tips_001264", "topic": "tips", "subtopic": "tips_service", "prompt": "Bill is $44.98; service fee 3% and tip 18%. About how much do you pay in total?", "split": "test", "exact_value": 54.67}
{"id": "tips_001265", "topic": "tips", "subtopic": "tips_service", "prompt": "Bill is $27.73; service fee 5% and tip 18%. About how much do you pay in total?", "split": "test", "exact_value": 34.36}
{"id": "tips_001266", "topic": "tips", "subtopic": "tips_service", "prompt": "Bill is $51.49; service fee 0% and tip 22%. About how much do you pay in total?", "split": "test", "exact_value": 62.82}
{"id": "tips_001267", "topic": "tips", "subtopic": "tips_service", "prompt": "Bill is $17.65; service fee 0% and tip 15%. About how much do you pay in total?", "split": "test", "exact_value": 20.3}
{"id": "tips_001268", "topic": "tips", "subtopic": "tips_service", "prompt": "Bill is $100.77; service fee 3% and tip 22%. About how much do you pay in total?", "split": "test", "exact_value": 126.63}
{"id": "tips_001269", "topic": "tips", "subtopic": "tips_service", "prompt": "Bill is $104.38; service fee 5% and tip 15%. About how much do you pay in total?", "split": "test", "exact_value": 126.04}
{"id": "tips_001270", "topic": "tips", "subtopic": "tips_service", "prompt": "Bill is $98.33; service fee 3% and tip 15%. About how much do you pay in total?", "split": "test", "exact_value": 116.47}
{"id": "tips_001271", "topic": "tips", "subtopic": "tips_service", "prompt": "Bill is $77.33; service fee 5% and tip 15%. About how much do you pay in total?", "split": "test", "exact_value": 93.38}
{"id": "tips_001272", "topic": "tips", "subtopic": "tips_service", "prompt": "Bill is $109.96; service fee 0% and tip 15%. About how much do you pay in total?", "split": "test", "exact_value": 126.45}
{"id": "tips_001273", "topic": "tips", "subtopic": "tips_service", "prompt": "Bill is $17.07; service fee 3% and tip 15%. About how much do you pay in total?", "split": "test", "exact_value": 20.22}
{"id": "tips_001274", "topic": "tips", "subtopic": "tips_service", "prompt": "Bill is $54.36; service fee 3% and tip 20%. About how much do you pay in total?", "split": "test", "exact_value": 67.19}
{"id": "tips_001275", "topic": "tips", "subtopic": "tips_service", "prompt": "Bill is $48.70; service fee 5% and tip 20%. About how much do you pay in total?", "split": "test", "exact_value": 61.36}
{"id": "tips_001276", "topic": "tips", "subtopic": "tips_service", "prompt": "Bill is $38.85; service fee 0% and tip 15%. About how much do you pay in total?", "split": "test", "exact_value": 44.68}
{"id": "tips_001277", "topic": "tips", "subtopic": "tips_service", "prompt": "Bill is $63.25; service fee 3% and tip 20%. About how much do you pay in total?", "split": "test", "exact_value": 78.18}
{"id": "tips_001278", "topic": "tips", "subtopic": "tips_service", "prompt": "Bill is $26.07; service fee 5% and tip 22%. About how much do you pay in total?", "split": "test", "exact_value": 33.4}
{"id": "tips_001279", "topic": "tips", "subtopic": "tips_service", "prompt": "Bill is $44.20; service fee 0% and tip 18%. About how much do you pay in total?", "split": "test", "exact_value": 52.16}
{"id": "tips_001280", "topic": "tips", "subtopic": "tips_service", "prompt": "Bill is $110.42; service fee 0% and tip 20%. About how much do you pay in total?", "split": "test", "exact_value": 132.5}
{"id": "tips_001281", "topic": "tips", "subtopic": "tips_service", "prompt": "Bill is $100.71; service fee 3% and tip 18%. About how much do you pay in total?", "split": "test", "exact_value": 122.4}
{"id": "tips_001282", "topic": "tips", "subtopic": "tips_service", "prompt": "Bill is $83.84; service fee 5% and tip 22%. About how much do you pay in total?", "split": "test", "exact_value": 107.4}
{"id": "tips_001283", "topic": "tips", "subtopic": "tips_service", "prompt": "Bill is $112.51; service fee 0% and tip 18%. About how much do you pay in total?", "split": "test", "exact_value": 132.76}
{"id": "tips_001284", "topic": "tips", "subtopic": "tips_service", "prompt": "Bill is $65.90; service fee 0% and tip 18%. About how much do you pay in total?", "split": "test", "exact_value": 77.76}
{"id": "tips_001285", "topic": "tips", "subtopic": "tips_service", "prompt": "Bill is $23.77; service fee 3% and tip 22%. About how much do you pay in total?", "split": "test", "exact_value": 29.87}
{"id": "tips_001286", "topic": "tips", "subtopic": "tips_service", "prompt": "Bill is $100.66; service fee 5% and tip 22%. About how much do you pay in total?", "split": "test", "exact_value": 128.95}
{"id": "tips_001287", "topic": "tips", "subtopic": "tips_service", "prompt": "Bill is $107.76; service fee 5% and tip 15%. About how much do you pay in total?", "split": "test", "exact_value": 130.12}
{"id": "tips_001288", "topic": "tips", "subtopic": "tips_service", "prompt": "Bill is $60.32; service fee 0% and tip 22%. About how much do you pay in total?", "split": "test", "exact_value": 73.59}
{"id": "tips_001289", "topic": "tips", "subtopic": "tips_service", "prompt": "Bill is $105.37; service fee 0% and tip 22%. About how much do you pay in total?", "split": "test", "exact_value": 128.55}
{"id": "tips_001290", "topic": "tips", "subtopic": "tips_service", "prompt": "Bill is $35.05; service fee 0% and tip 20%. About how much do you pay in total?", "split": "test", "exact_value": 42.06}
{"id": "tips_001291", "topic": "tips", "subtopic": "tips_service", "prompt": "Bill is $81.05; service fee 0% and tip 20%. About how much do you pay in total?", "split": "test", "exact_value": 97.26}
{"id": "tips_001292", "topic": "tips", "subtopic": "tips_service", "prompt": "Bill is $114.65; service fee 3% and tip 22%. About how much do you pay in total?", "split": "test", "exact_value": 144.07}
{"id": "tips_001293", "topic": "tips", "subtopic": "tips_service", "prompt": "Bill is $31.02; service fee 3% and tip 22%. About how much do you pay in total?", "split": "test", "exact_value": 38.98}
{"id": "tips_001294", "topic": "tips", "subtopic": "tips_service", "prompt": "Bill is $110.08; service fee 0% and tip 20%. About how much do you pay in total?", "split": "test", "exact_value": 132.1}
{"id": "tips_001295", "topic": "tips", "subtopic": "tips_service", "prompt": "Bill is $45.49; service fee 5% and tip 20%. About how much do you pay in total?", "split": "test", "exact_value": 57.32}
{"id": "tips_001296", "topic": "tips", "subtopic": "tips_service", "prompt": "Bill is $56.70; service fee 3% and tip 18%. About how much do you pay in total?", "split": "test", "exact_value": 68.91}
{"id": "tips_001297", "topic": "tips", "subtopic": "tips_service", "prompt": "Bill is $84.76; service fee 0% and tip 20%. About how much do you pay in total?", "split": "test", "exact_value": 101.71}
{"id": "tips_001298", "topic": "tips", "subtopic": "tips_service", "prompt": "Bill is $103.52; service fee 3% and tip 18%. About how much do you pay in total?", "split": "test", "exact_value": 125.82}
{"id": "tips_001299", "topic": "tips", "subtopic": "tips_service", "prompt": "Bill is $65.90; service fee 5% and tip 22%. About how much do you pay in total?", "split": "test", "exact_value": 84.42}
{"id": "tips_001300", "topic": "tips", "subtopic": "tips_service", "prompt": "Bill is $103.78; service fee 0% and tip 15%. About how much do you pay in total?", "split": "test", "exact_value": 119.35}
{"id": "tips_001301", "topic": "tips", "subtopic": "tips_service", "prompt": "Bill is $119.56; service fee 0% and tip 15%. About how much do you pay in total?", "split": "test", "exact_value": 137.49}
{"id": "tips_001302", "topic": "tips", "subtopic": "tips_service", "prompt": "Bill is $66.90; service fee 0% and tip 20%. About how much do you pay in total?", "split": "test", "exact_value": 80.28}
{"id": "tips_001303", "topic": "tips", "subtopic": "tips_service", "prompt": "Bill is $89.44; service fee 3% and tip 22%. About how much do you pay in total?", "split": "test", "exact_value": 112.39}
{"id": "tips_001304", "topic": "tips", "subtopic": "tips_service", "prompt": "Bill is $50.79; service fee 3% and tip 22%. About how much do you pay in total?", "split": "test", "exact_value": 63.82}
{"id": "tips_001305", "topic": "tips", "subtopic": "tips_service", "prompt": "Bill is $72.89; service fee 0% and tip 18%. About how much do you pay in total?", "split": "test", "exact_value": 86.01}
{"id": "tips_001306", "topic": "tips", "subtopic": "tips_service", "prompt": "Bill is $40.12; service fee 5% and tip 15%. About how much do you pay in total?", "split": "test", "exact_value": 48.44}
{"id": "tips_001307", "topic": "tips", "subtopic": "tips_service", "prompt": "Bill is $49.18; service fee 0% and tip 20%. About how much do you pay in total?", "split": "test", "exact_value": 59.02}
{"id": "tips_001308", "topic": "tips", "subtopic": "tips_service", "prompt": "Bill is $115.92; service fee 0% and tip 18%. About how much do you pay in total?", "split": "test", "exact_value": 136.79}
{"id": "tips_001309", "topic": "tips", "subtopic": "tips_service", "prompt": "Bill is $17.37; service fee 3% and tip 15%. About how much do you pay in total?", "split": "test", "exact_value": 20.57}
{"id": "tips_001310", "topic": "tips", "subtopic": "tips_service", "prompt": "Bill is $111.75; service fee 5% and tip 20%. About how much do you pay in total?", "split": "test", "exact_value": 140.81}
{"id": "tips_001311", "topic": "tips", "subtopic": "tips_service", "prompt": "Bill is $36.95; service fee 5% and tip 18%. About how much do you pay in total?", "split": "test", "exact_value": 45.78}
{"id": "tips_001312", "topic": "tips", "subtopic": "tips_service", "prompt": "Bill is $116.35; service fee 5% and tip 18%. About how much do you pay in total?", "split": "test", "exact_value": 144.16}
{"id": "tips_001313", "topic": "tips", "subtopic": "tips_service", "prompt": "Bill is $115.63; service fee 5% and tip 22%. About how much do you pay in total?", "split": "test", "exact_value": 148.12}
{"id": "tips_001314", "topic": "tips", "subtopic": "tips_service", "prompt": "Bill is $42.16; service fee 0% and tip 20%. About how much do you pay in total?", "split": "test", "exact_value": 50.59}
{"id": "tips_001315", "topic": "tips", "subtopic": "tips_service", "prompt": "Bill is $36.61; service fee 5% and tip 18%. About how much do you pay in total?", "split": "test", "exact_value": 45.36}
{"id": "tips_001316", "topic": "tips", "subtopic": "tips_service", "prompt": "Bill is $87.84; service fee 5% and tip 20%. About how much do you pay in total?", "split": "test", "exact_value": 110.68}
{"id": "tips_001317", "topic": "tips", "subtopic": "tips_service", "prompt": "Bill is $61.31; service fee 3% and tip 22%. About how much do you pay in total?", "split": "test", "exact_value": 77.04}
{"id": "tips_001318", "topic": "tips", "subtopic": "tips_service", "prompt": "Bill is $86.87; service fee 5% and tip 20%. About how much do you pay in total?", "split": "test", "exact_value": 109.46}
{"id": "tips_001319", "topic": "tips", "subtopic": "tips_service", "prompt": "Bill is $17.81; service fee 3% and tip 22%. About how much do you pay in total?", "split": "test", "exact_value": 22.38}
{"id": "tips_001320", "topic": "tips", "subtopic": "tips_service", "prompt": "Bill is $25.98; service fee 5% and tip 22%. About how much do you pay in total?", "split": "test", "exact_value": 33.28}
{"id": "tips_001321", "topic": "tips", "subtopic": "tips_service", "prompt": "Bill is $41.59; service fee 0% and tip 22%. About how much do you pay in total?", "split": "test", "exact_value": 50.74}
{"id": "tips_001322", "topic": "tips", "subtopic": "tips_service", "prompt": "Bill is $97.01; service fee 5% and tip 18%. About how much do you pay in total?", "split": "test", "exact_value": 120.2}
{"id": "tips_001323", "topic": "tips", "subtopic": "tips_service", "prompt": "Bill is $95.54; service fee 5% and tip 15%. About how much do you pay in total?", "split": "test", "exact_value": 115.36}
{"id": "tips_001324", "topic": "tips", "subtopic": "tips_service", "prompt": "Bill is $97.87; service fee 3% and tip 22%. About how much do you pay in total?", "split": "test", "exact_value": 122.98}
{"id": "tips_001325", "topic": "tips", "subtopic": "tips_service", "prompt": "Bill is $79.80; service fee 0% and tip 15%. About how much do you pay in total?", "split": "test", "exact_value": 91.77}
{"id": "tips_001326", "topic": "tips", "subtopic": "tips_service", "prompt": "Bill is $15.48; service fee 5% and tip 22%. About how much do you pay in total?", "split": "test", "exact_value": 19.83}
{"id": "tips_001327", "topic": "tips", "subtopic": "tips_service", "prompt": "Bill is $43.49; service fee 5% and tip 18%. About how much do you pay in total?", "split": "test", "exact_value": 53.88}
{"id": "tips_001328", "topic": "tips", "subtopic": "tips_service", "prompt": "Bill is $66.85; service fee 0% and tip 18%. About how much do you pay in total?", "split": "test", "exact_value": 78.88}
{"id": "tips_001329", "topic": "tips", "subtopic": "tips_service", "prompt": "Bill is $52.96; service fee 0% and tip 20%. About how much do you pay in total?", "split": "test", "exact_value": 63.55}
{"id": "tips_001330", "topic": "tips", "subtopic": "tips_service", "prompt": "Bill is $25.08; service fee 3% and tip 18%. About how much do you pay in total?", "split": "test", "exact_value": 30.48}
{"id": "tips_001331", "topic": "tips", "subtopic": "tips_service", "prompt": "Bill is $50.39; service fee 5% and tip 20%. About how much do you pay in total?", "split": "test", "exact_value": 63.49}
{"id": "tips_001332", "topic": "tips", "subtopic": "tips_service", "prompt": "Bill is $62.74; service fee 0% and tip 15%. About how much do you pay in total?", "split": "test", "exact_value": 72.15}
{"id": "tips_001333", "topic": "tips", "subtopic": "tips_service", "prompt": "Bill is $42.69; service fee 0% and tip 15%. About how much do you pay in total?", "split": "test", "exact_value": 49.09}
{"id": "tips_001334", "topic": "tips", "subtopic": "tips_service", "prompt": "Bill is $48.98; service fee 3% and tip 20%. About how much do you pay in total?", "split": "test", "exact_value": 60.54}
{"id": "tips_001335", "topic": "tips", "subtopic": "tips_service", "prompt": "Bill is $72.89; service fee 3% and tip 15%. About how much do you pay in total?", "split": "test", "exact_value": 86.34}
{"id": "tips_001336", "topic": "tips", "subtopic": "tips_service", "prompt": "Bill is $94.84; service fee 0% and tip 20%. About how much do you pay in total?", "split": "test", "exact_value": 113.81}
{"id": "tips_001337", "topic": "tips", "subtopic": "tips_service", "prompt": "Bill is $40.57; service fee 3% and tip 20%. About how much do you pay in total?", "split": "test", "exact_value": 50.14}
{"id": "tips_001338", "topic": "tips", "subtopic": "tips_service", "prompt": "Bill is $49.83; service fee 5% and tip 15%. About how much do you pay in total?", "split": "test", "exact_value": 60.17}
{"id": "tips_001339", "topic": "tips", "subtopic": "tips_service", "prompt": "Bill is $27.92; service fee 3% and tip 18%. About how much do you pay in total?", "split": "test", "exact_value": 33.93}
{"id": "tips_001340", "topic": "tips", "subtopic": "tips_service", "prompt": "Bill is $34.09; service fee 3% and tip 20%. About how much do you pay in total?", "split": "test", "exact_value": 42.14}
{"id": "fermi_000097", "topic": "fermi", "subtopic": "crowd_density", "prompt": "A plaza is about 30 m by 35 m, with roughly 1 people per square meter. About how many people are there?", "split": "test", "exact_value": 1050}
{"id": "fermi_000098", "topic": "fermi", "subtopic": "crowd_density", "prompt": "A plaza is about 70 m by 20 m, with roughly 4 people per square meter. About how many people are there?", "split": "test", "exact_value": 5600}
{"id": "fermi_000099", "topic": "fermi", "subtopic": "crowd_density", "prompt": "A plaza is about 40 m by 20 m, with roughly 2 people per square meter. About how many people are there?", "split": "test", "exact_value": 1600}
{"id": "fermi_000100", "topic": "fermi", "subtopic": "crowd_density", "prompt": "A plaza is about 70 m by 30 m, with roughly 3 people per square meter. About how many people are there?", "split": "test", "exact_value": 6300}
{"id": "fermi_000101", "topic": "fermi", "subtopic": "crowd_density", "prompt": "A plaza is about 40 m by 30 m, with roughly 4 people per square meter. About how many people are there?", "split": "test", "exact_value": 4800}
{"id": "fermi_000102", "topic": "fermi", "subtopic": "crowd_density", "prompt": "A plaza is about 70 m by 30 m, with roughly 3 people per square meter. About how many people are there?", "split": "test", "exact_value": 6300}
{"id": "fermi_000103", "topic": "fermi", "subtopic": "crowd_density", "prompt": "A plaza is about 70 m by 20 m, with roughly 4 people per square meter. About how many people are there?", "split": "test", "exact_value": 5600}
{"id": "fermi_000104", "topic": "fermi", "subtopic": "crowd_density", "prompt": "A plaza is about 40 m by 20 m, with roughly 2 people per square meter. About how many people are there?", "split": "test", "exact_value": 1600}
{"id": "fermi_000105", "topic": "fermi", "subtopic": "crowd_density", "prompt": "A plaza is about 70 m by 25 m, with roughly 1 people per square meter. About how many people are there?", "split": "test", "exact_value": 1750}
{"id": "fermi_000106", "topic": "fermi", "subtopic": "crowd_density", "prompt": "A plaza is about 30 m by 20 m, with roughly 2 people per square meter. About how many people are there?", "split": "test", "exact_value": 1200}
{"id": "fermi_000107", "topic": "fermi", "subtopic": "crowd_density", "prompt": "A plaza is about 60 m by 30 m, with roughly 2 people per square meter. About how many people are there?", "split": "test", "exact_value": 3600}
{"id": "fermi_000108", "topic": "fermi", "subtopic": "crowd_density", "prompt": "A plaza is about 30 m by 20 m, with roughly 3 people per square meter. About how many people are there?", "split": "test", "exact_value": 1800}
{"id": "fermi_000109", "topic": "fermi", "subtopic": "crowd_density", "prompt": "A plaza is about 50 m by 30 m, with roughly 4 people per square meter. About how many people are there?", "split": "test", "exact_value": 6000}
{"id": "fermi_000110", "topic": "fermi", "subtopic": "crowd_density", "prompt": "A plaza is about 70 m by 25 m, with roughly 4 people per square meter. About how many people are there?", "split": "test", "exact_value": 7000}
{"id": "fermi_000111", "topic": "fermi", "subtopic": "crowd_density", "prompt": "A plaza is about 60 m by 20 m, with roughly 4 people per square meter. About how many people are there?", "split": "test", "exact_value": 4800}
{"id": "fermi_000112", "topic": "fermi", "subtopic": "crowd_density", "prompt": "A plaza is about 30 m by 30 m, with roughly 1 people per square meter. About how many people are there?", "split": "test", "exact_value": 900}
{"id": "fermi_000113", "topic": "fermi", "subtopic": "crowd_density", "prompt": "A plaza is about 60 m by 20 m, with roughly 3 people per square meter. About how many people are there?", "split": "test", "exact_value": 3600}
{"id": "fermi_000114", "topic": "fermi", "subtopic": "crowd_density", "prompt": "A plaza is about 30 m by 35 m, with roughly 2 people per square meter. About how many people are there?", "split": "test", "exact_value": 2100}
{"id": "fermi_000115", "topic": "fermi", "subtopic": "crowd_density", "prompt": "A plaza is about 60 m by 25 m, with roughly 2 people per square meter. About how many people are there?", "split": "test", "exact_value": 3000}
{"id": "fermi_000116", "topic": "fermi", "subtopic": "crowd_density", "prompt": "A plaza is about 60 m by 35 m, with roughly 2 people per square meter. About how many people are there?", "split": "test", "exact_value": 4200}
{"id": "fermi_000117", "topic": "fermi", "subtopic": "crowd_density", "prompt": "A plaza is about 50 m by 25 m, with roughly 2 people per square meter. About how many people are there?", "split": "test", "exact_value": 2500}
{"id": "fermi_000118", "topic": "fermi", "subtopic": "crowd_density", "prompt": "A plaza is about 60 m by 30 m, with roughly 4 people per square meter. About how many people are there?", "split": "test", "exact_value": 7200}
{"id": "fermi_000119", "topic": "fermi", "subtopic": "crowd_density", "prompt": "A plaza is about 40 m by 20 m, with roughly 4 people per square meter. About how many people are there?", "split": "test", "exact_value": 3200}
{"id": "fermi_000120", "topic": "fermi", "subtopic": "crowd_density", "prompt": "A plaza is about 70 m by 20 m, with roughly 3 people per square meter. About how many people are there?", "split": "test", "exact_value": 4200}
{"id": "fermi_000121", "topic": "fermi", "subtopic": "crowd_density", "prompt": "A plaza is about 60 m by 20 m, with roughly 4 people per square meter. About how many people are there?", "split": "test", "exact_value": 4800}
{"id": "fermi_000122", "topic": "fermi", "subtopic": "crowd_density", "prompt": "A plaza is about 70 m by 25 m, with roughly 4 people per square meter. About how many people are there?", "split": "test", "exact_value": 7000}
{"id": "fermi_000123", "topic": "fermi", "subtopic": "crowd_density", "prompt": "A plaza is about 70 m by 35 m, with roughly 4 people per square meter. About how many people are there?", "split": "test", "exact_value": 9800}
{"id": "fermi_000124", "topic": "fermi", "subtopic": "crowd_density", "prompt": "A plaza is about 50 m by 25 m, with roughly 2 people per square meter. About how many people are there?", "split": "test", "exact_value": 2500}
{"id": "fermi_000125", "topic": "fermi", "subtopic": "crowd_density", "prompt": "A plaza is about 70 m by 35 m, with roughly 2 people per square meter. About how many people are there?", "split": "test", "exact_value": 4900}
{"id": "fermi_000126", "topic": "fermi", "subtopic": "crowd_density", "prompt": "A plaza is about 60 m by 20 m, with roughly 3 people per square meter. About how many people are there?", "split": "test", "exact_value": 3600}
{"id": "fermi_000127", "topic": "fermi", "subtopic": "crowd_density", "prompt": "A plaza is about 50 m by 30 m, with roughly 3 people per square meter. About how many people are there?", "split": "test", "exact_value": 4500}
{"id": "fermi_000128", "topic": "fermi", "subtopic": "crowd_density", "prompt": "A plaza is about 30 m by 25 m, with roughly 3 people per square meter. About how many people are there?", "split": "test", "exact_value": 2250}
{"id": "fermi_000129", "topic": "fermi", "subtopic": "crowd_density", "prompt": "A plaza is about 60 m by 25 m, with roughly 2 people per square meter. About how many people are there?", "split": "test", "exact_value": 3000}
{"id": "fermi_000130", "topic": "fermi", "subtopic": "crowd_density", "prompt": "A plaza is about 60 m by 25 m, with roughly 1 people per square meter. About how many people are there?", "split": "test", "exact_value": 1500}
{"id": "fermi_000131", "topic": "fermi", "subtopic": "crowd_density", "prompt": "A plaza is about 30 m by 35 m, with roughly 3 people per square meter. About how many people are there?", "split": "test", "exact_value": 3150}
{"id": "fermi_000132", "topic": "fermi", "subtopic": "crowd_density", "prompt": "A plaza is about 30 m by 30 m, with roughly 3 people per square meter. About how many people are there?", "split": "test", "exact_value": 2700}
{"id": "fermi_000133", "topic": "fermi", "subtopic": "crowd_density", "prompt": "A plaza is about 40 m by 35 m, with roughly 3 people per square meter. About how many people are there?", "split": "test", "exact_value": 4200}
{"id": "fermi_000134", "topic": "fermi", "subtopic": "crowd_density", "prompt": "A plaza is about 60 m by 35 m, with roughly 1 people per square meter. About how many people are there?", "split": "test", "exact_value": 2100}
{"id": "fermi_000135", "topic": "fermi", "subtopic": "crowd_density", "prompt": "A plaza is about 50 m by 30 m, with roughly 2 people per square meter. About how many people are there?", "split": "test", "exact_value": 3000}
{"id": "fermi_000136", "topic": "fermi", "subtopic": "crowd_density", "prompt": "A plaza is about 40 m by 25 m, with roughly 1 people per square meter. About how many people are there?", "split": "test", "exact_value": 1000}
{"id": "fermi_000137", "topic": "fermi", "subtopic": "crowd_density", "prompt": "A plaza is about 60 m by 25 m, with roughly 1 people per square meter. About how many people are there?", "split": "test", "exact_value": 1500}
{"id": "fermi_000138", "topic": "fermi", "subtopic": "crowd_density", "prompt": "A plaza is about 40 m by 30 m, with roughly 4 people per square meter. About how many people are there?", "split": "test", "exact_value": 4800}
{"id": "fermi_000139", "topic": "fermi", "subtopic": "crowd_density", "prompt": "A plaza is about 50 m by 35 m, with roughly 1 people per square meter. About how many people are there?", "split": "test", "exact_value": 1750}
{"id": "fermi_000140", "topic": "fermi", "subtopic": "crowd_density", "prompt": "A plaza is about 70 m by 35 m, with roughly 1 people per square meter. About how many people are there?", "split": "test", "exact_value": 2450}
{"id": "fermi_000141", "topic": "fermi", "subtopic": "crowd_density", "prompt": "A plaza is about 60 m by 35 m, with roughly 3 people per square meter. About how many people are there?", "split": "test", "exact_value": 6300}
{"id": "fermi_000142", "topic": "fermi", "subtopic": "crowd_density", "prompt": "A plaza is about 30 m by 25 m, with roughly 1 people per square meter. About how many people are there?", "split": "test", "exact_value": 750}
{"id": "fermi_000143", "topic": "fermi", "subtopic": "crowd_density", "prompt": "A plaza is about 30 m by 20 m, with roughly 1 people per square meter. About how many people are there?", "split": "test", "exact_value": 600}
{"id": "fermi_000144", "topic": "fermi", "subtopic": "crowd_density", "prompt": "A plaza is about 40 m by 35 m, with roughly 4 people per square meter. About how many people are there?", "split": "test", "exact_value": 5600}
{"id": "fermi_000145", "topic": "fermi", "subtopic": "crowd_density", "prompt": "A plaza is about 50 m by 30 m, with roughly 4 people per square meter. About how many people are there?", "split": "test", "exact_value": 6000}
{"id": "fermi_000146", "topic": "fermi", "subtopic": "crowd_density", "prompt": "A plaza is about 30 m by 20 m, with roughly 3 people per square meter. About how many people are there?", "split": "test", "exact_value": 1800}
{"id": "fermi_000147", "topic": "fermi", "subtopic": "crowd_density", "prompt": "A plaza is about 30 m by 25 m, with roughly 3 people per square meter. About how many people are there?", "split": "test", "exact_value": 2250}
{"id": "fermi_000148", "topic": "fermi", "subtopic": "crowd_density", "prompt": "A plaza is about 40 m by 20 m, with roughly 4 people per square meter. About how many people are there?", "split": "test", "exact_value": 3200}
{"id": "fermi_000149", "topic": "fermi", "subtopic": "crowd_density", "prompt": "A plaza is about 40 m by 20 m, with roughly 1 people per square meter. About how many people are there?", "split": "test", "exact_value": 800}
{"id": "fermi_000150", "topic": "fermi", "subtopic": "crowd_density", "prompt": "A plaza is about 50 m by 25 m, with roughly 4 people per square meter. About how many people are there?", "split": "test", "exact_value": 5000}
{"id": "fermi_000151", "topic": "fermi", "subtopic": "crowd_density", "prompt": "A plaza is about 60 m by 25 m, with roughly 2 people per square meter. About how many people are there?", "split": "test", "exact_value": 3000}
{"id": "fermi_000152", "topic": "fermi", "subtopic": "crowd_density", "prompt": "A plaza is about 70 m by 35 m, with roughly 2 people per square meter. About how many people are there?", "split": "test", "exact_value": 4900}
{"id": "fermi_000153", "topic": "fermi", "subtopic": "crowd_density", "prompt": "A plaza is about 60 m by 30 m, with roughly 4 people per square meter. About how many people are there?", "split": "test", "exact_value": 7200}
{"id": "fermi_000154", "topic": "fermi", "subtopic": "crowd_density", "prompt": "A plaza is about 40 m by 25 m, with roughly 4 people per square meter. About how many people are there?", "split": "test", "exact_value": 4000}
{"id": "fermi_000155", "topic": "fermi", "subtopic": "crowd_density", "prompt": "A plaza is about 70 m by 35 m, with roughly 3 people per square meter. About how many people are there?", "split": "test", "exact_value": 7350}
{"id": "fermi_000156", "topic": "fermi", "subtopic": "crowd_density", "prompt": "A plaza is about 40 m by 20 m, with roughly 1 people per square meter. About how many people are there?", "split": "test", "exact_value": 800}
{"id": "fermi_000157", "topic": "fermi", "subtopic": "crowd_density", "prompt": "A plaza is about 50 m by 25 m, with roughly 3 people per square meter. About how many people are there?", "split": "test", "exact_value": 3750}
{"id": "fermi_000158", "topic": "fermi", "subtopic": "crowd_density", "prompt": "A plaza is about 40 m by 35 m, with roughly 2 people per square meter. About how many people are there?", "split": "test", "exact_value": 2800}
{"id": "fermi_000159", "topic": "fermi", "subtopic": "crowd_density", "prompt": "A plaza is about 30 m by 35 m, with roughly 3 people per square meter. About how many people are there?", "split": "test", "exact_value": 3150}
{"id": "fermi_000160", "topic": "fermi", "subtopic": "crowd_density", "prompt": "A plaza is about 60 m by 25 m, with roughly 1 people per square meter. About how many people are there?", "split": "test", "exact_value": 1500}
{"id": "fermi_000161", "topic": "fermi", "subtopic": "crowd_density", "prompt": "A plaza is about 50 m by 30 m, with roughly 3 people per square meter. About how many people are there?", "split": "test", "exact_value": 4500}
{"id": "fermi_000162", "topic": "fermi", "subtopic": "crowd_density", "prompt": "A plaza is about 70 m by 30 m, with roughly 1 people per square meter. About how many people are there?", "split": "test", "exact_value": 2100}
{"id": "fermi_000163", "topic": "fermi", "subtopic": "crowd_density", "prompt": "A plaza is about 70 m by 35 m, with roughly 3 people per square meter. About how many people are there?", "split": "test", "exact_value": 7350}
{"id": "fermi_000164", "topic": "fermi", "subtopic": "crowd_density", "prompt": "A plaza is about 50 m by 35 m, with roughly 2 people per square meter. About how many people are there?", "split": "test", "exact_value": 3500}
{"id": "fermi_000165", "topic": "fermi", "subtopic": "crowd_density", "prompt": "A plaza is about 50 m by 25 m, with roughly 3 people per square meter. About how many people are there?", "split": "test", "exact_value": 3750}
{"id": "fermi_000166", "topic": "fermi", "subtopic": "crowd_density", "prompt": "A plaza is about 30 m by 25 m, with roughly 4 people per square meter. About how many people are there?", "split": "test", "exact_value": 3000}
{"id": "fermi_000167", "topic": "fermi", "subtopic": "crowd_density", "prompt": "A plaza is about 60 m by 20 m, with roughly 3 people per square meter. About how many people are there?", "split": "test", "exact_value": 3600}
{"id": "fermi_000168", "topic": "fermi", "subtopic": "crowd_density", "prompt": "A plaza is about 60 m by 25 m, with roughly 4 people per square meter. About how many people are there?", "split": "test", "exact_value": 6000}
{"id": "fermi_000169", "topic": "fermi", "subtopic": "crowd_density", "prompt": "A plaza is about 70 m by 30 m, with roughly 1 people per square meter. About how many people are there?", "split": "test", "exact_value": 2100}
{"id": "fermi_000170", "topic": "fermi", "subtopic": "crowd_density", "prompt": "A plaza is about 60 m by 20 m, with roughly 3 people per square meter. About how many people are there?", "split": "test", "exact_value": 3600}
{"id": "fermi_000171", "topic": "fermi", "subtopic": "crowd_density", "prompt": "A plaza is about 30 m by 25 m, with roughly 3 people per square meter. About how many people are there?", "split": "test", "exact_value": 2250}
{"id": "fermi_000172", "topic": "fermi", "subtopic": "crowd_density", "prompt": "A plaza is about 30 m by 20 m, with roughly 1 people per square meter. About how many people are there?", "split": "test", "exact_value": 600}
{"id": "fermi_000173", "topic": "fermi", "subtopic": "crowd_density", "prompt": "A plaza is about 40 m by 20 m, with roughly 4 people per square meter. About how many people are there?", "split": "test", "exact_value": 3200}
{"id": "fermi_000174", "topic": "fermi", "subtopic": "crowd_density", "prompt": "A plaza is about 60 m by 25 m, with roughly 1 people per square meter. About how many people are there?", "split": "test", "exact_value": 1500}
{"id": "fermi_000175", "topic": "fermi", "subtopic": "crowd_density", "prompt": "A plaza is about 60 m by 30 m, with roughly 1 people per square meter. About how many people are there?", "split": "test", "exact_value": 1800}
{"id": "fermi_000176", "topic": "fermi", "subtopic": "crowd_density", "prompt": "A plaza is about 50 m by 30 m, with roughly 3 people per square meter. About how many people are there?", "split": "test", "exact_value": 4500}
{"id": "fermi_000177", "topic": "fermi", "subtopic": "crowd_density", "prompt": "A plaza is about 60 m by 35 m, with roughly 1 people per square meter. About how many people are there?", "split": "test", "exact_value": 2100}
{"id": "fermi_000178", "topic": "fermi", "subtopic": "crowd_density", "prompt": "A plaza is about 70 m by 35 m, with roughly 4 people per square meter. About how many people are there?", "split": "test", "exact_value": 9800}
{"id": "fermi_000179", "topic": "fermi", "subtopic": "crowd_density", "prompt": "A plaza is about 60 m by 35 m, with roughly 1 people per square meter. About how many people are there?", "split": "test", "exact_value": 2100}
{"id": "fermi_000180", "topic": "fermi", "subtopic": "crowd_density", "prompt": "A plaza is about 30 m by 30 m, with roughly 1 people per square meter. About how many people are there?", "split": "test", "exact_value": 900}
{"id": "fermi_000181", "topic": "fermi", "subtopic": "crowd_density", "prompt": "A plaza is about 50 m by 25 m, with roughly 3 people per square meter. About how many people are there?", "split": "test", "exact_value": 3750}
{"id": "fermi_000182", "topic": "fermi", "subtopic": "crowd_density", "prompt": "A plaza is about 30 m by 20 m, with roughly 1 people per square meter. About how many people are there?", "split": "test", "exact_value": 600}
{"id": "fermi_000183", "topic": "fermi", "subtopic": "crowd_density", "prompt": "A plaza is about 40 m by 35 m, with roughly 3 people per square meter. About how many people are there?", "split": "test", "exact_value": 4200}
{"id": "fermi_000184", "topic": "fermi", "subtopic": "crowd_density", "prompt": "A plaza is about 50 m by 35 m, with roughly 4 people per square meter. About how many people are there?", "split": "test", "exact_value": 7000}
{"id": "fermi_000185", "topic": "fermi", "subtopic": "crowd_density", "prompt": "A plaza is about 50 m by 35 m, with roughly 3 people per square meter. About how many people are there?", "split": "test", "exact_value": 5250}
{"id": "fermi_000186", "topic": "fermi", "subtopic": "crowd_density", "prompt": "A plaza is about 60 m by 35 m, with roughly 3 people per square meter. About how many people are there?", "split": "test", "exact_value": 6300}
{"id": "fermi_000187", "topic": "fermi", "subtopic": "crowd_density", "prompt": "A plaza is about 60 m by 25 m, with roughly 2 people per square meter. About how many people are there?", "split": "test", "exact_value": 3000}
{"id": "fermi_000188", "topic": "fermi", "subtopic": "crowd_density", "prompt": "A plaza is about 70 m by 35 m, with roughly 4 people per square meter. About how many people are there?", "split": "test", "exact_value": 9800}
{"id": "fermi_000189", "topic": "fermi", "subtopic": "crowd_density", "prompt": "A plaza is about 50 m by 20 m, with roughly 1 people per square meter. About how many people are there?", "split": "test", "exact_value": 1000}
{"id": "fermi_000190", "topic": "fermi", "subtopic": "crowd_density", "prompt": "A plaza is about 50 m by 20 m, with roughly 4 people per square meter. About how many people are there?", "split": "test", "exact_value": 4000}
{"id": "fermi_000191", "topic": "fermi", "subtopic": "crowd_density", "prompt": "A plaza is about 70 m by 30 m, with roughly 1 people per square meter. About how many people are there?", "split": "test", "exact_value": 2100}
{"id": "fermi_000192", "topic": "fermi", "subtopic": "crowd_density", "prompt": "A plaza is about 40 m by 25 m, with roughly 2 people per square meter. About how many people are there?", "split": "test", "exact_value": 2000}
{"id": "fermi_000193", "topic": "fermi", "subtopic": "crowd_density", "prompt": "A plaza is about 30 m by 30 m, with roughly 4 people per square meter. About how many people are there?", "split": "test", "exact_value": 3600}
{"id": "fermi_000194", "topic": "fermi", "subtopic": "crowd_density", "prompt": "A plaza is about 40 m by 20 m, with roughly 3 people per square meter. About how many people are there?", "split": "test", "exact_value": 2400}
{"id": "fermi_000195", "topic": "fermi", "subtopic": "crowd_density", "prompt": "A plaza is about 60 m by 20 m, with roughly 4 people per square meter. About how many people are there?", "split": "test", "exact_value": 4800}
{"id": "fermi_000196", "topic": "fermi", "subtopic": "crowd_density", "prompt": "A plaza is about 30 m by 35 m, with roughly 3 people per square meter. About how many people are there?", "split": "test", "exact_value": 3150}
{"id": "fermi_000197", "topic": "fermi", "subtopic": "crowd_density", "prompt": "A plaza is about 40 m by 35 m, with roughly 2 people per square meter. About how many people are there?", "split": "test", "exact_value": 2800}
{"id": "fermi_000198", "topic": "fermi", "subtopic": "crowd_density", "prompt": "A plaza is about 30 m by 30 m, with roughly 2 people per square meter. About how many people are there?", "split": "test", "exact_value": 1800}
{"id": "fermi_000199", "topic": "fermi", "subtopic": "crowd_density", "prompt": "A plaza is about 50 m by 25 m, with roughly 1 people per square meter. About how many people are there?", "split": "test", "exact_value": 1250}
{"id": "fermi_000200", "topic": "fermi", "subtopic": "crowd_density", "prompt": "A plaza is about 60 m by 20 m, with roughly 4 people per square meter. About how many people are there?", "split": "test", "exact_value": 4800}
{"id": "fermi_000201", "topic": "fermi", "subtopic": "crowd_density", "prompt": "A plaza is about 40 m by 25 m, with roughly 1 people per square meter. About how many people are there?", "split": "test", "exact_value": 1000}
{"id": "fermi_000202", "topic": "fermi", "subtopic": "crowd_density", "prompt": "A plaza is about 70 m by 35 m, with roughly 1 people per square meter. About how many people are there?", "split": "test", "exact_value": 2450}
{"id": "fermi_000203", "topic": "fermi", "subtopic": "crowd_density", "prompt": "A plaza is about 50 m by 20 m, with roughly 4 people per square meter. About how many people are there?", "split": "test", "exact_value": 4000}
{"id": "fermi_000204", "topic": "fermi", "subtopic": "crowd_density", "prompt": "A plaza is about 30 m by 20 m, with roughly 4 people per square meter. About how many people are there?", "split": "test", "exact_value": 2400}
{"id": "fermi_000205", "topic": "fermi", "subtopic": "crowd_density", "prompt": "A plaza is about 60 m by 20 m, with roughly 4 people per square meter. About how many people are there?", "split": "test", "exact_value": 4800}
{"id": "fermi_000206", "topic": "fermi", "subtopic": "crowd_density", "prompt": "A plaza is about 70 m by 20 m, with roughly 2 people per square meter. About how many people are there?", "split": "test", "exact_value": 2800}
{"id": "fermi_000207", "topic": "fermi", "subtopic": "crowd_density", "prompt": "A plaza is about 60 m by 35 m, with roughly 1 people per square meter. About how many people are there?", "split": "test", "exact_value": 2100}
{"id": "fermi_000208", "topic": "fermi", "subtopic": "crowd_density", "prompt": "A plaza is about 50 m by 20 m, with roughly 3 people per square meter. About how many people are there?", "split": "test", "exact_value": 3000}
{"id": "fermi_000209", "topic": "fermi", "subtopic": "crowd_density", "prompt": "A plaza is about 30 m by 20 m, with roughly 4 people per square meter. About how many people are there?", "split": "test", "exact_value": 2400}
{"id": "fermi_000210", "topic": "fermi", "subtopic": "crowd_density", "prompt": "A plaza is about 70 m by 35 m, with roughly 4 people per square meter. About how many people are there?", "split": "test", "exact_value": 9800}
{"id": "fermi_000211", "topic": "fermi", "subtopic": "crowd_density", "prompt": "A plaza is about 70 m by 35 m, with roughly 2 people per square meter. About how many people are there?", "split": "test", "exact_value": 4900}
{"id": "fermi_000212", "topic": "fermi", "subtopic": "crowd_density", "prompt": "A plaza is about 30 m by 30 m, with roughly 4 people per square meter. About how many people are there?", "split": "test", "exact_value": 3600}
{"id": "fermi_000213", "topic": "fermi", "subtopic": "crowd_density", "prompt": "A plaza is about 60 m by 20 m, with roughly 4 people per square meter. About how many people are there?", "split": "test", "exact_value": 4800}
{"id": "fermi_000214", "topic": "fermi", "subtopic": "crowd_density", "prompt": "A plaza is about 30 m by 35 m, with roughly 3 people per square meter. About how many people are there?", "split": "test", "exact_value": 3150}
{"id": "fermi_000215", "topic": "fermi", "subtopic": "crowd_density", "prompt": "A plaza is about 70 m by 35 m, with roughly 1 people per square meter. About how many people are there?", "split": "test", "exact_value": 2450}
{"id": "fermi_000216", "topic": "fermi", "subtopic": "crowd_density", "prompt": "A plaza is about 40 m by 25 m, with roughly 2 people per square meter. About how many people are there?", "split": "test", "exact_value": 2000}
{"id": "fermi_000217", "topic": "fermi", "subtopic": "crowd_density", "prompt": "A plaza is about 30 m by 35 m, with roughly 3 people per square meter. About how many people are there?", "split": "test", "exact_value": 3150}
{"id": "fermi_000218", "topic": "fermi", "subtopic": "crowd_density", "prompt": "A plaza is about 60 m by 35 m, with roughly 2 people per square meter. About how many people are there?", "split": "test", "exact_value": 4200}
{"id": "fermi_000219", "topic": "fermi", "subtopic": "crowd_density", "prompt": "A plaza is about 50 m by 25 m, with roughly 4 people per square meter. About how many people are there?", "split": "test", "exact_value": 5000}
{"id": "fermi_000220", "topic": "fermi", "subtopic": "crowd_density", "prompt": "A plaza is about 50 m by 35 m, with roughly 4 people per square meter. About how many people are there?", "split": "test", "exact_value": 7000}
{"id": "fermi_000221", "topic": "fermi", "subtopic": "crowd_density", "prompt": "A plaza is about 70 m by 35 m, with roughly 2 people per square meter. About how many people are there?", "split": "test", "exact_value": 4900}
{"id": "fermi_000222", "topic": "fermi", "subtopic": "crowd_density", "prompt": "A plaza is about 60 m by 30 m, with roughly 2 people per square meter. About how many people are there?", "split": "test", "exact_value": 3600}
{"id": "fermi_000223", "topic": "fermi", "subtopic": "crowd_density", "prompt": "A plaza is about 40 m by 20 m, with roughly 1 people per square meter. About how many people are there?", "split": "test", "exact_value": 800}
{"id": "fermi_000224", "topic": "fermi", "subtopic": "crowd_density", "prompt": "A plaza is about 70 m by 35 m, with roughly 1 people per square meter. About how many people are there?", "split": "test", "exact_value": 2450}
{"id": "fermi_000225", "topic": "fermi", "subtopic": "crowd_density", "prompt": "A plaza is about 50 m by 30 m, with roughly 4 people per square meter. About how many people are there?", "split": "test", "exact_value": 6000}
{"id": "fermi_000226", "topic": "fermi", "subtopic": "crowd_density", "prompt": "A plaza is about 50 m by 30 m, with roughly 1 people per square meter. About how many people are there?", "split": "test", "exact_value": 1500}
{"id": "fermi_000227", "topic": "fermi", "subtopic": "crowd_density", "prompt": "A plaza is about 30 m by 25 m, with roughly 2 people per square meter. About how many people are there?", "split": "test", "exact_value": 1500}
{"id": "fermi_000228", "topic": "fermi", "subtopic": "crowd_density", "prompt": "A plaza is about 60 m by 35 m, with roughly 2 people per square meter. About how many people are there?", "split": "test", "exact_value": 4200}
{"id": "fermi_000229", "topic": "fermi", "subtopic": "crowd_density", "prompt": "A plaza is about 30 m by 20 m, with roughly 3 people per square meter. About how many people are there?", "split": "test", "exact_value": 1800}
{"id": "fermi_000230", "topic": "fermi", "subtopic": "crowd_density", "prompt": "A plaza is about 60 m by 35 m, with roughly 1 people per square meter. About how many people are there?", "split": "test", "exact_value": 2100}
{"id": "fermi_000231", "topic": "fermi", "subtopic": "crowd_density", "prompt": "A plaza is about 50 m by 20 m, with roughly 2 people per square meter. About how many people are there?", "split": "test", "exact_value": 2000}
{"id": "fermi_000232", "topic": "fermi", "subtopic": "crowd_density", "prompt": "A plaza is about 70 m by 25 m, with roughly 3 people per square meter. About how many people are there?", "split": "test", "exact_value": 5250}
{"id": "fermi_000233", "topic": "fermi", "subtopic": "crowd_density", "prompt": "A plaza is about 60 m by 30 m, with roughly 1 people per square meter. About how many people are there?", "split": "test", "exact_value": 1800}
{"id": "fermi_000234", "topic": "fermi", "subtopic": "crowd_density", "prompt": "A plaza is about 40 m by 35 m, with roughly 1 people per square meter. About how many people are there?", "split": "test", "exact_value": 1400}
{"id": "fermi_000235", "topic": "fermi", "subtopic": "crowd_density", "prompt": "A plaza is about 60 m by 30 m, with roughly 1 people per square meter. About how many people are there?", "split": "test", "exact_value": 1800}
{"id": "fermi_000236", "topic": "fermi", "subtopic": "crowd_density", "prompt": "A plaza is about 70 m by 30 m, with roughly 2 people per square meter. About how many people are there?", "split": "test", "exact_value": 4200}
{"id": "fermi_000237", "topic": "fermi", "subtopic": "crowd_density", "prompt": "A plaza is about 40 m by 20 m, with roughly 3 people per square meter. About how many people are there?", "split": "test", "exact_value": 2400}
{"id": "fermi_000238", "topic": "fermi", "subtopic": "crowd_density", "prompt": "A plaza is about 70 m by 35 m, with roughly 2 people per square meter. About how many people are there?", "split": "test", "exact_value": 4900}
{"id": "fermi_000239", "topic": "fermi", "subtopic": "crowd_density", "prompt": "A plaza is about 60 m by 20 m, with roughly 2 people per square meter. About how many people are there?", "split": "test", "exact_value": 2400}
{"id": "fermi_000240", "topic": "fermi", "subtopic": "crowd_density", "prompt": "A plaza is about 30 m by 20 m, with roughly 3 people per square meter. About how many people are there?", "split": "test", "exact_value": 1800}
{"id": "fermi_000241", "topic": "fermi", "subtopic": "crowd_density", "prompt": "A plaza is about 30 m by 20 m, with roughly 2 people per square meter. About how many people are there?", "split": "test", "exact_value": 1200}
{"id": "fermi_000242", "topic": "fermi", "subtopic": "crowd_density", "prompt": "A plaza is about 60 m by 20 m, with roughly 1 people per square meter. About how many people are there?", "split": "test", "exact_value": 1200}
{"id": "fermi_000243", "topic": "fermi", "subtopic": "crowd_density", "prompt": "A plaza is about 50 m by 35 m, with roughly 1 people per square meter. About how many people are there?", "split": "test", "exact_value": 1750}
{"id": "fermi_000244", "topic": "fermi", "subtopic": "crowd_density", "prompt": "A plaza is about 50 m by 35 m, with roughly 3 people per square meter. About how many people are there?", "split": "test", "exact_value": 5250}
{"id": "fermi_000245", "topic": "fermi", "subtopic": "crowd_density", "prompt": "A plaza is about 50 m by 30 m, with roughly 1 people per square meter. About how many people are there?", "split": "test", "exact_value": 1500}
{"id": "fermi_000246", "topic": "fermi", "subtopic": "crowd_density", "prompt": "A plaza is about 50 m by 20 m, with roughly 3 people per square meter. About how many people are there?", "split": "test", "exact_value": 3000}
{"id": "fermi_000247", "topic": "fermi", "subtopic": "crowd_density", "prompt": "A plaza is about 30 m by 25 m, with roughly 3 people per square meter. About how many people are there?", "split": "test", "exact_value": 2250}
{"id": "fermi_000248", "topic": "fermi", "subtopic": "crowd_density", "prompt": "A plaza is about 40 m by 35 m, with roughly 1 people per square meter. About how many people are there?", "split": "test", "exact_value": 1400}
{"id": "fermi_000249", "topic": "fermi", "subtopic": "crowd_density", "prompt": "A plaza is about 30 m by 25 m, with roughly 4 people per square meter. About how many people are there?", "split": "test", "exact_value": 3000}
{"id": "fermi_000250", "topic": "fermi", "subtopic": "crowd_density", "prompt": "A plaza is about 70 m by 20 m, with roughly 1 people per square meter. About how many people are there?", "split": "test", "exact_value": 1400}
{"id": "fermi_000251", "topic": "fermi", "subtopic": "crowd_density", "prompt": "A plaza is about 70 m by 35 m, with roughly 1 people per square meter. About how many people are there?", "split": "test", "exact_value": 2450}
{"id": "fermi_000252", "topic": "fermi", "subtopic": "crowd_density", "prompt": "A plaza is about 60 m by 20 m, with roughly 3 people per square meter. About how many people are there?", "split": "test", "exact_value": 3600}
{"id": "fermi_000253", "topic": "fermi", "subtopic": "crowd_density", "prompt": "A plaza is about 50 m by 20 m, with roughly 4 people per square meter. About how many people are there?", "split": "test", "exact_value": 4000}
{"id": "fermi_000254", "topic": "fermi", "subtopic": "crowd_density", "prompt": "A plaza is about 60 m by 35 m, with roughly 1 people per square meter. About how many people are there?", "split": "test", "exact_value": 2100}
{"id": "fermi_000255", "topic": "fermi", "subtopic": "crowd_density", "prompt": "A plaza is about 30 m by 35 m, with roughly 4 people per square meter. About how many people are there?", "split": "test", "exact_value": 4200}
{"id": "fermi_000256", "topic": "fermi", "subtopic": "crowd_density", "prompt": "A plaza is about 40 m by 30 m, with roughly 2 people per square meter. About how many people are there?", "split": "test", "exact_value": 2400}
{"id": "fermi_000257", "topic": "fermi", "subtopic": "crowd_density", "prompt": "A plaza is about 30 m by 35 m, with roughly 4 people per square meter. About how many people are there?", "split": "test", "exact_value": 4200}
{"id": "fermi_000258", "topic": "fermi", "subtopic": "crowd_density", "prompt": "A plaza is about 30 m by 20 m, with roughly 3 people per square meter. About how many people are there?", "split": "test", "exact_value": 1800}
{"id": "fermi_000259", "topic": "fermi", "subtopic": "crowd_density", "prompt": "A plaza is about 70 m by 30 m, with roughly 2 people per square meter. About how many people are there?", "split": "test", "exact_value": 4200}
{"id": "fermi_000260", "topic": "fermi", "subtopic": "crowd_density", "prompt": "A plaza is about 50 m by 20 m, with roughly 3 people per square meter. About how many people are there?", "split": "test", "exact_value": 3000}
{"id": "fermi_000261", "topic": "fermi", "subtopic": "crowd_density", "prompt": "A plaza is about 70 m by 35 m, with roughly 4 people per square meter. About how many people are there?", "split": "test", "exact_value": 9800}
{"id": "fermi_000262", "topic": "fermi", "subtopic": "crowd_density", "prompt": "A plaza is about 70 m by 30 m, with roughly 4 people per square meter. About how many people are there?", "split": "test", "exact_value": 8400}
{"id": "fermi_000263", "topic": "fermi", "subtopic": "crowd_density", "prompt": "A plaza is about 40 m by 30 m, with roughly 1 people per square meter. About how many people are there?", "split": "test", "exact_value": 1200}
{"id": "fermi_000264", "topic": "fermi", "subtopic": "crowd_density", "prompt": "A plaza is about 30 m by 25 m, with roughly 1 people per square meter. About how many people are there?", "split": "test", "exact_value": 750}
{"id": "fermi_000265", "topic": "fermi", "subtopic": "crowd_density", "prompt": "A plaza is about 40 m by 20 m, with roughly 3 people per square meter. About how many people are there?", "split": "test", "exact_value": 2400}
{"id": "fermi_000266", "topic": "fermi", "subtopic": "crowd_density", "prompt": "A plaza is about 30 m by 35 m, with roughly 1 people per square meter. About how many people are there?", "split": "test", "exact_value": 1050}
{"id": "fermi_000267", "topic": "fermi", "subtopic": "crowd_density", "prompt": "A plaza is about 60 m by 30 m, with roughly 4 people per square meter. About how many people are there?", "split": "test", "exact_value": 7200}
{"id": "fermi_000268", "topic": "fermi", "subtopic": "crowd_density", "prompt": "A plaza is about 40 m by 25 m, with roughly 3 people per square meter. About how many people are there?", "split": "test", "exact_value": 3000}
{"id": "fermi_000269", "topic": "fermi", "subtopic": "crowd_density", "prompt": "A plaza is about 70 m by 30 m, with roughly 4 people per square meter. About how many people are there?", "split": "test", "exact_value": 8400}
{"id": "fermi_000270", "topic": "fermi", "subtopic": "crowd_density", "prompt": "A plaza is about 60 m by 30 m, with roughly 1 people per square meter. About how many people are there?", "split": "test", "exact_value": 1800}
{"id": "fermi_000271", "topic": "fermi", "subtopic": "crowd_density", "prompt": "A plaza is about 70 m by 30 m, with roughly 3 people per square meter. About how many people are there?", "split": "test", "exact_value": 6300}
{"id": "fermi_000272", "topic": "fermi", "subtopic": "crowd_density", "prompt": "A plaza is about 70 m by 25 m, with roughly 2 people per square meter. About how many people are there?", "split": "test", "exact_value": 3500}
{"id": "fermi_000273", "topic": "fermi", "subtopic": "crowd_density", "prompt": "A plaza is about 50 m by 20 m, with roughly 1 people per square meter. About how many people are there?", "split": "test", "exact_value": 1000}
{"id": "fermi_000274", "topic": "fermi", "subtopic": "crowd_density", "prompt": "A plaza is about 30 m by 20 m, with roughly 2 people per square meter. About how many people are there?", "split": "test", "exact_value": 1200}
{"id": "fermi_000275", "topic": "fermi", "subtopic": "crowd_density", "prompt": "A plaza is about 60 m by 25 m, with roughly 2 people per square meter. About how many people are there?", "split": "test", "exact_value": 3000}
{"id": "fermi_000276", "topic": "fermi", "subtopic": "crowd_density", "prompt": "A plaza is about 50 m by 25 m, with roughly 2 people per square meter. About how many people are there?", "split": "test", "exact_value": 2500}
{"id": "fermi_000277", "topic": "fermi", "subtopic": "crowd_density", "prompt": "A plaza is about 60 m by 35 m, with roughly 4 people per square meter. About how many people are there?", "split": "test", "exact_value": 8400}
{"id": "fermi_000278", "topic": "fermi", "subtopic": "crowd_density", "prompt": "A plaza is about 30 m by 30 m, with roughly 3 people per square meter. About how many people are there?", "split": "test", "exact_value": 2700}
{"id": "fermi_000279", "topic": "fermi", "subtopic": "crowd_density", "prompt": "A plaza is about 40 m by 35 m, with roughly 2 people per square meter. About how many people are there?", "split": "test", "exact_value": 2800}
{"id": "fermi_000280", "topic": "fermi", "subtopic": "crowd_density", "prompt": "A plaza is about 40 m by 30 m, with roughly 3 people per square meter. About how many people are there?", "split": "test", "exact_value": 3600}
{"id": "fermi_000281", "topic": "fermi", "subtopic": "crowd_density", "prompt": "A plaza is about 50 m by 25 m, with roughly 3 people per square meter. About how many people are there?", "split": "test", "exact_value": 3750}
{"id": "fermi_000282", "topic": "fermi", "subtopic": "crowd_density", "prompt": "A plaza is about 50 m by 25 m, with roughly 1 people per square meter. About how many people are there?", "split": "test", "exact_value": 1250}
{"id": "fermi_000283", "topic": "fermi", "subtopic": "crowd_density", "prompt": "A plaza is about 40 m by 20 m, with roughly 1 people per square meter. About how many people are there?", "split": "test", "exact_value": 800}
{"id": "fermi_000284", "topic": "fermi", "subtopic": "crowd_density", "prompt": "A plaza is about 30 m by 30 m, with roughly 3 people per square meter. About how many people are there?", "split": "test", "exact_value": 2700}
{"id": "fermi_000285", "topic": "fermi", "subtopic": "crowd_density", "prompt": "A plaza is about 60 m by 35 m, with roughly 3 people per square meter. About how many people are there?", "split": "test", "exact_value": 6300}
{"id": "fermi_000286", "topic": "fermi", "subtopic": "crowd_density", "prompt": "A plaza is about 30 m by 30 m, with roughly 1 people per square meter. About how many people are there?", "split": "test", "exact_value": 900}
{"id": "fermi_000287", "topic": "fermi", "subtopic": "crowd_density", "prompt": "A plaza is about 40 m by 30 m, with roughly 3 people per square meter. About how many people are there?", "split": "test", "exact_value": 3600}
{"id": "fermi_000288", "topic": "fermi", "subtopic": "crowd_density", "prompt": "A plaza is about 40 m by 25 m, with roughly 2 people per square meter. About how many people are there?", "split": "test", "exact_value": 2000}
{"id": "fermi_000289", "topic": "fermi", "subtopic": "crowd_density", "prompt": "A plaza is about 60 m by 30 m, with roughly 1 people per square meter. About how many people are there?", "split": "test", "exact_value": 1800}
{"id": "fermi_000290", "topic": "fermi", "subtopic": "crowd_density", "prompt": "A plaza is about 70 m by 25 m, with roughly 4 people per square meter. About how many people are there?", "split": "test", "exact_value": 7000}
{"id": "fermi_000291", "topic": "fermi", "subtopic": "crowd_density", "prompt": "A plaza is about 40 m by 20 m, with roughly 4 people per square meter. About how many people are there?", "split": "test", "exact_value": 3200}
{"id": "fermi_000292", "topic": "fermi", "subtopic": "crowd_density", "prompt": "A plaza is about 50 m by 25 m, with roughly 3 people per square meter. About how many people are there?", "split": "test", "exact_value": 3750}
{"id": "fermi_000293", "topic": "fermi", "subtopic": "crowd_density", "prompt": "A plaza is about 40 m by 25 m, with roughly 2 people per square meter. About how many people are there?", "split": "test", "exact_value": 2000}
{"id": "fermi_000294", "topic": "fermi", "subtopic": "crowd_density", "prompt": "A plaza is about 50 m by 25 m, with roughly 3 people per square meter. About how many people are there?", "split": "test", "exact_value": 3750}
{"id": "fermi_000295", "topic": "fermi", "subtopic": "crowd_density", "prompt": "A plaza is about 40 m by 20 m, with roughly 2 people per square meter. About how many people are there?", "split": "test", "exact_value": 1600}
{"id": "fermi_000296", "topic": "fermi", "subtopic": "crowd_density", "prompt": "A plaza is about 70 m by 30 m, with roughly 4 people per square meter. About how many people are there?", "split": "test", "exact_value": 8400}
{"id": "fermi_000297", "topic": "fermi", "subtopic": "crowd_density", "prompt": "A plaza is about 70 m by 35 m, with roughly 3 people per square meter. About how many people are there?", "split": "test", "exact_value": 7350}
{"id": "fermi_000298", "topic": "fermi", "subtopic": "crowd_density", "prompt": "A plaza is about 60 m by 25 m, with roughly 1 people per square meter. About how many people are there?", "split": "test", "exact_value": 1500}
{"id": "fermi_000299", "topic": "fermi", "subtopic": "crowd_density", "prompt": "A plaza is about 60 m by 25 m, with roughly 2 people per square meter. About how many people are there?", "split": "test", "exact_value": 3000}
{"id": "fermi_000300", "topic": "fermi", "subtopic": "crowd_density", "prompt": "A plaza is about 50 m by 20 m, with roughly 1 people per square meter. About how many people are there?", "split": "test", "exact_value": 1000}
{"id": "fermi_000301", "topic": "fermi", "subtopic": "crowd_density", "prompt": "A plaza is about 60 m by 30 m, with roughly 3 people per square meter. About how many people are there?", "split": "test", "exact_value": 5400}
{"id": "fermi_000302", "topic": "fermi", "subtopic": "crowd_density", "prompt": "A plaza is about 50 m by 20 m, with roughly 3 people per square meter. About how many people are there?", "split": "test", "exact_value": 3000}
{"id": "fermi_000303", "topic": "fermi", "subtopic": "crowd_density", "prompt": "A plaza is about 70 m by 25 m, with roughly 3 people per square meter. About how many people are there?", "split": "test", "exact_value": 5250}
{"id": "fermi_000304", "topic": "fermi", "subtopic": "crowd_density", "prompt": "A plaza is about 30 m by 35 m, with roughly 2 people per square meter. About how many people are there?", "split": "test", "exact_value": 2100}
{"id": "fermi_000305", "topic": "fermi", "subtopic": "crowd_density", "prompt": "A plaza is about 70 m by 35 m, with roughly 2 people per square meter. About how many people are there?", "split": "test", "exact_value": 4900}
{"id": "fermi_000306", "topic": "fermi", "subtopic": "crowd_density", "prompt": "A plaza is about 50 m by 30 m, with roughly 4 people per square meter. About how many people are there?", "split": "test", "exact_value": 6000}
{"id": "fermi_000307", "topic": "fermi", "subtopic": "crowd_density", "prompt": "A plaza is about 40 m by 25 m, with roughly 4 people per square meter. About how many people are there?", "split": "test", "exact_value": 4000}
{"id": "fermi_000308", "topic": "fermi", "subtopic": "crowd_density", "prompt": "A plaza is about 30 m by 35 m, with roughly 2 people per square meter. About how many people are there?", "split": "test", "exact_value": 2100}
{"id": "fermi_000309", "topic": "fermi", "subtopic": "crowd_density", "prompt": "A plaza is about 50 m by 35 m, with roughly 2 people per square meter. About how many people are there?", "split": "test", "exact_value": 3500}
{"id": "fermi_000310", "topic": "fermi", "subtopic": "crowd_density", "prompt": "A plaza is about 60 m by 20 m, with roughly 1 people per square meter. About how many people are there?", "split": "test", "exact_value": 1200}
{"id": "fermi_000311", "topic": "fermi", "subtopic": "crowd_density", "prompt": "A plaza is about 50 m by 30 m, with roughly 2 people per square meter. About how many people are there?", "split": "test", "exact_value": 3000}
{"id": "fermi_000312", "topic": "fermi", "subtopic": "crowd_density", "prompt": "A plaza is about 40 m by 35 m, with roughly 2 people per square meter. About how many people are there?", "split": "test", "exact_value": 2800}
{"id": "fermi_000313", "topic": "fermi", "subtopic": "crowd_density", "prompt": "A plaza is about 40 m by 20 m, with roughly 4 people per square meter. About how many people are there?", "split": "test", "exact_value": 3200}
{"id": "fermi_000314", "topic": "fermi", "subtopic": "crowd_density", "prompt": "A plaza is about 60 m by 30 m, with roughly 1 people per square meter. About how many people are there?", "split": "test", "exact_value": 1800}
{"id": "fermi_000315", "topic": "fermi", "subtopic": "crowd_density", "prompt": "A plaza is about 30 m by 20 m, with roughly 3 people per square meter. About how many people are there?", "split": "test", "exact_value": 1800}
{"id": "fermi_000316", "topic": "fermi", "subtopic": "crowd_density", "prompt": "A plaza is about 40 m by 25 m, with roughly 4 people per square meter. About how many people are there?", "split": "test", "exact_value": 4000}
{"id": "fermi_000317", "topic": "fermi", "subtopic": "crowd_density", "prompt": "A plaza is about 30 m by 25 m, with roughly 3 people per square meter. About how many people are there?", "split": "test", "exact_value": 2250}
{"id": "fermi_000318", "topic": "fermi", "subtopic": "crowd_density", "prompt": "A plaza is about 30 m by 30 m, with roughly 4 people per square meter. About how many people are there?", "split": "test", "exact_value": 3600}
{"id": "fermi_000319", "topic": "fermi", "subtopic": "crowd_density", "prompt": "A plaza is about 60 m by 30 m, with roughly 4 people per square meter. About how many people are there?", "split": "test", "exact_value": 7200}
{"id": "fermi_000320", "topic": "fermi", "subtopic": "crowd_density", "prompt": "A plaza is about 70 m by 35 m, with roughly 2 people per square meter. About how many people are there?", "split": "test", "exact_value": 4900}
{"id": "fermi_000321", "topic": "fermi", "subtopic": "crowd_density", "prompt": "A plaza is about 60 m by 20 m, with roughly 2 people per square meter. About how many people are there?", "split": "test", "exact_value": 2400}
{"id": "fermi_000322", "topic": "fermi", "subtopic": "crowd_density", "prompt": "A plaza is about 60 m by 35 m, with roughly 1 people per square meter. About how many people are there?", "split": "test", "exact_value": 2100}
{"id": "fermi_000323", "topic": "fermi", "subtopic": "crowd_density", "prompt": "A plaza is about 70 m by 20 m, with roughly 3 people per square meter. About how many people are there?", "split": "test", "exact_value": 4200}
{"id": "fermi_000324", "topic": "fermi", "subtopic": "crowd_density", "prompt": "A plaza is about 40 m by 25 m, with roughly 1 people per square meter. About how many people are there?", "split": "test", "exact_value": 1000}
{"id": "fermi_000325", "topic": "fermi", "subtopic": "crowd_density", "prompt": "A plaza is about 40 m by 25 m, with roughly 2 people per square meter. About how many people are there?", "split": "test", "exact_value": 2000}
{"id": "fermi_000326", "topic": "fermi", "subtopic": "crowd_density", "prompt": "A plaza is about 70 m by 35 m, with roughly 3 people per square meter. About how many people are there?", "split": "test", "exact_value": 7350}
{"id": "fermi_000327", "topic": "fermi", "subtopic": "crowd_density", "prompt": "A plaza is about 60 m by 30 m, with roughly 2 people per square meter. About how many people are there?", "split": "test", "exact_value": 3600}
{"id": "fermi_000328", "topic": "fermi", "subtopic": "crowd_density", "prompt": "A plaza is about 60 m by 35 m, with roughly 3 people per square meter. About how many people are there?", "split": "test", "exact_value": 6300}
{"id": "fermi_000329", "topic": "fermi", "subtopic": "crowd_density", "prompt": "A plaza is about 50 m by 30 m, with roughly 1 people per square meter. About how many people are there?", "split": "test", "exact_value": 1500}
{"id": "fermi_000330", "topic": "fermi", "subtopic": "crowd_density", "prompt": "A plaza is about 40 m by 30 m, with roughly 4 people per square meter. About how many people are there?", "split": "test", "exact_value": 4800}
{"id": "fermi_000331", "topic": "fermi", "subtopic": "crowd_density", "prompt": "A plaza is about 40 m by 25 m, with roughly 2 people per square meter. About how many people are there?", "split": "test", "exact_value": 2000}
{"id": "fermi_000332", "topic": "fermi", "subtopic": "crowd_density", "prompt": "A plaza is about 30 m by 25 m, with roughly 3 people per square meter. About how many people are there?", "split": "test", "exact_value": 2250}
{"id": "fermi_000333", "topic": "fermi", "subtopic": "crowd_density", "prompt": "A plaza is about 60 m by 30 m, with roughly 3 people per square meter. About how many people are there?", "split": "test", "exact_value": 5400}
{"id": "fermi_000334", "topic": "fermi", "subtopic": "crowd_density", "prompt": "A plaza is about 40 m by 35 m, with roughly 1 people per square meter. About how many people are there?", "split": "test", "exact_value": 1400}
{"id": "fermi_000335", "topic": "fermi", "subtopic": "crowd_density", "prompt": "A plaza is about 40 m by 20 m, with roughly 4 people per square meter. About how many people are there?", "split": "test", "exact_value": 3200}
{"id": "fermi_000336", "topic": "fermi", "subtopic": "crowd_density", "prompt": "A plaza is about 30 m by 35 m, with roughly 1 people per square meter. About how many people are there?", "split": "test", "exact_value": 1050}
{"id": "fermi_000337", "topic": "fermi", "subtopic": "crowd_density", "prompt": "A plaza is about 60 m by 25 m, with roughly 3 people per square meter. About how many people are there?", "split": "test", "exact_value": 4500}
{"id": "fermi_000338", "topic": "fermi", "subtopic": "crowd_density", "prompt": "A plaza is about 50 m by 20 m, with roughly 1 people per square meter. About how many people are there?", "split": "test", "exact_value": 1000}
{"id": "fermi_000339", "topic": "fermi", "subtopic": "crowd_density", "prompt": "A plaza is about 60 m by 25 m, with roughly 2 people per square meter. About how many people are there?", "split": "test", "exact_value": 3000}
{"id": "fermi_000340", "topic": "fermi", "subtopic": "crowd_density", "prompt": "A plaza is about 70 m by 25 m, with roughly 1 people per square meter. About how many people are there?", "split": "test", "exact_value": 1750}
{"id": "fermi_000341", "topic": "fermi", "subtopic": "crowd_density", "prompt": "A plaza is about 60 m by 25 m, with roughly 4 people per square meter. About how many people are there?", "split": "test", "exact_value": 6000}
{"id": "fermi_000342", "topic": "fermi", "subtopic": "crowd_density", "prompt": "A plaza is about 30 m by 30 m, with roughly 2 people per square meter. About how many people are there?", "split": "test", "exact_value": 1800}
{"id": "fermi_000343", "topic": "fermi", "subtopic": "crowd_density", "prompt": "A plaza is about 60 m by 30 m, with roughly 4 people per square meter. About how many people are there?", "split": "test", "exact_value": 7200}
{"id": "fermi_000344", "topic": "fermi", "subtopic": "crowd_density", "prompt": "A plaza is about 30 m by 20 m, with roughly 2 people per square meter. About how many people are there?", "split": "test", "exact_value": 1200}
{"id": "fermi_000345", "topic": "fermi", "subtopic": "crowd_density", "prompt": "A plaza is about 60 m by 25 m, with roughly 1 people per square meter. About how many people are there?", "split": "test", "exact_value": 1500}
{"id": "fermi_000346", "topic": "fermi", "subtopic": "crowd_density", "prompt": "A plaza is about 50 m by 35 m, with roughly 3 people per square meter. About how many people are there?", "split": "test", "exact_value": 5250}
{"id": "fermi_000347", "topic": "fermi", "subtopic": "crowd_density", "prompt": "A plaza is about 60 m by 25 m, with roughly 3 people per square meter. About how many people are there?", "split": "test", "exact_value": 4500}
{"id": "fermi_000348", "topic": "fermi", "subtopic": "crowd_density", "prompt": "A plaza is about 30 m by 35 m, with roughly 3 people per square meter. About how many people are there?", "split": "test", "exact_value": 3150}
{"id": "fermi_000349", "topic": "fermi", "subtopic": "crowd_density", "prompt": "A plaza is about 30 m by 25 m, with roughly 2 people per square meter. About how many people are there?", "split": "test", "exact_value": 1500}
{"id": "fermi_000350", "topic": "fermi", "subtopic": "crowd_density", "prompt": "A plaza is about 50 m by 25 m, with roughly 1 people per square meter. About how many people are there?", "split": "test", "exact_value": 1250}
{"id": "fermi_000351", "topic": "fermi", "subtopic": "crowd_density", "prompt": "A plaza is about 70 m by 35 m, with roughly 1 people per square meter. About how many people are there?", "split": "test", "exact_value": 2450}
{"id": "fermi_000352", "topic": "fermi", "subtopic": "crowd_density", "prompt": "A plaza is about 70 m by 20 m, with roughly 1 people per square meter. About how many people are there?", "split": "test", "exact_value": 1400}
{"id": "fermi_000353", "topic": "fermi", "subtopic": "crowd_density", "prompt": "A plaza is about 30 m by 35 m, with roughly 1 people per square meter. About how many people are there?", "split": "test", "exact_value": 1050}
{"id": "fermi_000354", "topic": "fermi", "subtopic": "crowd_density", "prompt": "A plaza is about 50 m by 25 m, with roughly 2 people per square meter. About how many people are there?", "split": "test", "exact_value": 2500}
{"id": "fermi_000355", "topic": "fermi", "subtopic": "crowd_density", "prompt": "A plaza is about 60 m by 20 m, with roughly 2 people per square meter. About how many people are there?", "split": "test", "exact_value": 2400}
{"id": "fermi_000356", "topic": "fermi", "subtopic": "crowd_density", "prompt": "A plaza is about 60 m by 20 m, with roughly 3 people per square meter. About how many people are there?", "split": "test", "exact_value": 3600}
{"id": "fermi_000357", "topic": "fermi", "subtopic": "crowd_density", "prompt": "A plaza is about 70 m by 30 m, with roughly 3 people per square meter. About how many people are there?", "split": "test", "exact_value": 6300}
{"id": "fermi_000358", "topic": "fermi", "subtopic": "crowd_density", "prompt": "A plaza is about 50 m by 25 m, with roughly 4 people per square meter. About how many people are there?", "split": "test", "exact_value": 5000}
{"id": "fermi_000359", "topic": "fermi", "subtopic": "crowd_density", "prompt": "A plaza is about 40 m by 20 m, with roughly 2 people per square meter. About how many people are there?", "split": "test", "exact_value": 1600}
{"id": "fermi_000360", "topic": "fermi", "subtopic": "crowd_density", "prompt": "A plaza is about 40 m by 35 m, with roughly 4 people per square meter. About how many people are there?", "split": "test", "exact_value": 5600}
{"id": "fermi_000361", "topic": "fermi", "subtopic": "crowd_density", "prompt": "A plaza is about 60 m by 35 m, with roughly 2 people per square meter. About how many people are there?", "split": "test", "exact_value": 4200}
{"id": "fermi_000362", "topic": "fermi", "subtopic": "crowd_density", "prompt": "A plaza is about 70 m by 25 m, with roughly 1 people per square meter. About how many people are there?", "split": "test", "exact_value": 1750}
{"id": "fermi_000363", "topic": "fermi", "subtopic": "crowd_density", "prompt": "A plaza is about 70 m by 20 m, with roughly 1 people per square meter. About how many people are there?", "split": "test", "exact_value": 1400}
{"id": "fermi_000364", "topic": "fermi", "subtopic": "crowd_density", "prompt": "A plaza is about 50 m by 25 m, with roughly 3 people per square meter. About how many people are there?", "split": "test", "exact_value": 3750}
{"id": "fermi_000365", "topic": "fermi", "subtopic": "crowd_density", "prompt": "A plaza is about 40 m by 20 m, with roughly 4 people per square meter. About how many people are there?", "split": "test", "exact_value": 3200}
{"id": "fermi_000366", "topic": "fermi", "subtopic": "crowd_density", "prompt": "A plaza is about 70 m by 35 m, with roughly 3 people per square meter. About how many people are there?", "split": "test", "exact_value": 7350}
{"id": "fermi_000367", "topic": "fermi", "subtopic": "crowd_density", "prompt": "A plaza is about 60 m by 30 m, with roughly 2 people per square meter. About how many people are there?", "split": "test", "exact_value": 3600}
{"id": "fermi_000368", "topic": "fermi", "subtopic": "crowd_density", "prompt": "A plaza is about 30 m by 20 m, with roughly 1 people per square meter. About how many people are there?", "split": "test", "exact_value": 600}
{"id": "fermi_000369", "topic": "fermi", "subtopic": "crowd_density", "prompt": "A plaza is about 30 m by 35 m, with roughly 3 people per square meter. About how many people are there?", "split": "test", "exact_value": 3150}
{"id": "fermi_000370", "topic": "fermi", "subtopic": "crowd_density", "prompt": "A plaza is about 60 m by 25 m, with roughly 1 people per square meter. About how many people are there?", "split": "test", "exact_value": 1500}
{"id": "fermi_000371", "topic": "fermi", "subtopic": "crowd_density", "prompt": "A plaza is about 40 m by 20 m, with roughly 1 people per square meter. About how many people are there?", "split": "test", "exact_value": 800}
{"id": "fermi_000372", "topic": "fermi", "subtopic": "crowd_density", "prompt": "A plaza is about 40 m by 35 m, with roughly 3 people per square meter. About how many people are there?", "split": "test", "exact_value": 4200}
{"id": "fermi_000373", "topic": "fermi", "subtopic": "crowd_density", "prompt": "A plaza is about 70 m by 35 m, with roughly 3 people per square meter. About how many people are there?", "split": "test", "exact_value": 7350}
{"id": "fermi_000374", "topic": "fermi", "subtopic": "crowd_density", "prompt": "A plaza is about 60 m by 20 m, with roughly 2 people per square meter. About how many people are there?", "split": "test", "exact_value": 2400}
{"id": "fermi_000375", "topic": "fermi", "subtopic": "crowd_density", "prompt": "A plaza is about 30 m by 25 m, with roughly 2 people per square meter. About how many people are there?", "split": "test", "exact_value": 1500}
{"id": "fermi_000376", "topic": "fermi", "subtopic": "crowd_density", "prompt": "A plaza is about 30 m by 25 m, with roughly 1 people per square meter. About how many people are there?", "split": "test", "exact_value": 750}
{"id": "fermi_000377", "topic": "fermi", "subtopic": "crowd_density", "prompt": "A plaza is about 60 m by 20 m, with roughly 4 people per square meter. About how many people are there?", "split": "test", "exact_value": 4800}
{"id": "fermi_000378", "topic": "fermi", "subtopic": "crowd_density", "prompt": "A plaza is about 30 m by 30 m, with roughly 2 people per square meter. About how many people are there?", "split": "test", "exact_value": 1800}
{"id": "fermi_000379", "topic": "fermi", "subtopic": "crowd_density", "prompt": "A plaza is about 40 m by 25 m, with roughly 4 people per square meter. About how many people are there?", "split": "test", "exact_value": 4000}
{"id": "fermi_000380", "topic": "fermi", "subtopic": "crowd_density", "prompt": "A plaza is about 50 m by 20 m, with roughly 1 people per square meter. About how many people are there?", "split": "test", "exact_value": 1000}
{"id": "fermi_000381", "topic": "fermi", "subtopic": "crowd_density", "prompt": "A plaza is about 70 m by 30 m, with roughly 2 people per square meter. About how many people are there?", "split": "test", "exact_value": 4200}
{"id": "fermi_000382", "topic": "fermi", "subtopic": "crowd_density", "prompt": "A plaza is about 30 m by 35 m, with roughly 2 people per square meter. About how many people are there?", "split": "test", "exact_value": 2100}
{"id": "fermi_000383", "topic": "fermi", "subtopic": "crowd_density", "prompt": "A plaza is about 30 m by 30 m, with roughly 1 people per square meter. About how many people are there?", "split": "test", "exact_value": 900}
{"id": "fermi_000384", "topic": "fermi", "subtopic": "crowd_density", "prompt": "A plaza is about 60 m by 30 m, with roughly 2 people per square meter. About how many people are there?", "split": "test", "exact_value": 3600}
{"id": "fermi_000385", "topic": "fermi", "subtopic": "crowd_density", "prompt": "A plaza is about 60 m by 25 m, with roughly 4 people per square meter. About how many people are there?", "split": "test", "exact_value": 6000}
{"id": "fermi_000386", "topic": "fermi", "subtopic": "crowd_density", "prompt": "A plaza is about 30 m by 20 m, with roughly 1 people per square meter. About how many people are there?", "split": "test", "exact_value": 600}
{"id": "fermi_000387", "topic": "fermi", "subtopic": "crowd_density", "prompt": "A plaza is about 70 m by 30 m, with roughly 2 people per square meter. About how many people are there?", "split": "test", "exact_value": 4200}
{"id": "fermi_000388", "topic": "fermi", "subtopic": "crowd_density", "prompt": "A plaza is about 30 m by 20 m, with roughly 1 people per square meter. About how many people are there?", "split": "test", "exact_value": 600}
{"id": "fermi_000389", "topic": "fermi", "subtopic": "crowd_density", "prompt": "A plaza is about 30 m by 35 m, with roughly 2 people per square meter. About how many people are there?", "split": "test", "exact_value": 2100}
{"id": "fermi_000390", "topic": "fermi", "subtopic": "crowd_density", "prompt": "A plaza is about 50 m by 20 m, with roughly 2 people per square meter. About how many people are there?", "split": "test", "exact_value": 2000}
{"id": "fermi_000391", "topic": "fermi", "subtopic": "crowd_density", "prompt": "A plaza is about 60 m by 25 m, with roughly 2 people per square meter. About how many people are there?", "split": "test", "exact_value": 3000}
{"id": "fermi_000392", "topic": "fermi", "subtopic": "crowd_density", "prompt": "A plaza is about 40 m by 20 m, with roughly 1 people per square meter. About how many people are there?", "split": "test", "exact_value": 800}
{"id": "fermi_000393", "topic": "fermi", "subtopic": "crowd_density", "prompt": "A plaza is about 40 m by 35 m, with roughly 1 people per square meter. About how many people are there?", "split": "test", "exact_value": 1400}
{"id": "fermi_000394", "topic": "fermi", "subtopic": "crowd_density", "prompt": "A plaza is about 40 m by 20 m, with roughly 1 people per square meter. About how many people are there?", "split": "test", "exact_value": 800}
{"id": "fermi_000395", "topic": "fermi", "subtopic": "crowd_density", "prompt": "A plaza is about 70 m by 30 m, with roughly 1 people per square meter. About how many people are there?", "split": "test", "exact_value": 2100}
{"id": "fermi_000396", "topic": "fermi", "subtopic": "crowd_density", "prompt": "A plaza is about 30 m by 30 m, with roughly 4 people per square meter. About how many people are there?", "split": "test", "exact_value": 3600}
{"id": "fermi_000397", "topic": "fermi", "subtopic": "crowd_density", "prompt": "A plaza is about 70 m by 35 m, with roughly 1 people per square meter. About how many people are there?", "split": "test", "exact_value": 2450}
{"id": "fermi_000398", "topic": "fermi", "subtopic": "crowd_density", "prompt": "A plaza is about 40 m by 35 m, with roughly 1 people per square meter. About how many people are there?", "split": "test", "exact_value": 1400}
{"id": "fermi_000399", "topic": "fermi", "subtopic": "crowd_density", "prompt": "A plaza is about 60 m by 35 m, with roughly 2 people per square meter. About how many people are there?", "split": "test", "exact_value": 4200}
{"id": "fermi_000400", "topic": "fermi", "subtopic": "crowd_density", "prompt": "A plaza is about 60 m by 25 m, with roughly 1 people per square meter. About how many people are there?", "split": "test", "exact_value": 1500}
{"id": "fermi_000401", "topic": "fermi", "subtopic": "crowd_density", "prompt": "A plaza is about 50 m by 30 m, with roughly 1 people per square meter. About how many people are there?", "split": "test", "exact_value": 1500}
{"id": "fermi_000402", "topic": "fermi", "subtopic": "crowd_density", "prompt": "A plaza is about 70 m by 20 m, with roughly 4 people per square meter. About how many people are there?", "split": "test", "exact_value": 5600}
{"id": "fermi_000403", "topic": "fermi", "subtopic": "crowd_density", "prompt": "A plaza is about 40 m by 30 m, with roughly 2 people per square meter. About how many people are there?", "split": "test", "exact_value": 2400}
{"id": "fermi_000404", "topic": "fermi", "subtopic": "crowd_density", "prompt": "A plaza is about 40 m by 25 m, with roughly 3 people per square meter. About how many people are there?", "split": "test", "exact_value": 3000}
{"id": "fermi_000405", "topic": "fermi", "subtopic": "crowd_density", "prompt": "A plaza is about 30 m by 20 m, with roughly 4 people per square meter. About how many people are there?", "split": "test", "exact_value": 2400}
{"id": "fermi_000406", "topic": "fermi", "subtopic": "crowd_density", "prompt": "A plaza is about 40 m by 35 m, with roughly 2 people per square meter. About how many people are there?", "split": "test", "exact_value": 2800}
{"id": "fermi_000407", "topic": "fermi", "subtopic": "crowd_density", "prompt": "A plaza is about 50 m by 20 m, with roughly 1 people per square meter. About how many people are there?", "split": "test", "exact_value": 1000}
{"id": "fermi_000408", "topic": "fermi", "subtopic": "crowd_density", "prompt": "A plaza is about 50 m by 30 m, with roughly 4 people per square meter. About how many people are there?", "split": "test", "exact_value": 6000}
{"id": "fermi_000409", "topic": "fermi", "subtopic": "crowd_density", "prompt": "A plaza is about 30 m by 35 m, with roughly 2 people per square meter. About how many people are there?", "split": "test", "exact_value": 2100}
{"id": "fermi_000410", "topic": "fermi", "subtopic": "crowd_density", "prompt": "A plaza is about 30 m by 30 m, with roughly 1 people per square meter. About how many people are there?", "split": "test", "exact_value": 900}
{"id": "fermi_000411", "topic": "fermi", "subtopic": "crowd_density", "prompt": "A plaza is about 50 m by 20 m, with roughly 2 people per square meter. About how many people are there?", "split": "test", "exact_value": 2000}
{"id": "fermi_000412", "topic": "fermi", "subtopic": "crowd_density", "prompt": "A plaza is about 40 m by 25 m, with roughly 1 people per square meter. About how many people are there?", "split": "test", "exact_value": 1000}
{"id": "fermi_000413", "topic": "fermi", "subtopic": "crowd_density", "prompt": "A plaza is about 70 m by 35 m, with roughly 4 people per square meter. About how many people are there?", "split": "test", "exact_value": 9800}
{"id": "fermi_000414", "topic": "fermi", "subtopic": "crowd_density", "prompt": "A plaza is about 40 m by 20 m, with roughly 2 people per square meter. About how many people are there?", "split": "test", "exact_value": 1600}
{"id": "fermi_000415", "topic": "fermi", "subtopic": "crowd_density", "prompt": "A plaza is about 50 m by 20 m, with roughly 4 people per square meter. About how many people are there?", "split": "test", "exact_value": 4000}
{"id": "fermi_000416", "topic": "fermi", "subtopic": "crowd_density", "prompt": "A plaza is about 50 m by 20 m, with roughly 2 people per square meter. About how many people are there?", "split": "test", "exact_value": 2000}
{"id": "fermi_000417", "topic": "fermi", "subtopic": "crowd_density", "prompt": "A plaza is about 50 m by 35 m, with roughly 4 people per square meter. About how many people are there?", "split": "test", "exact_value": 7000}
{"id": "fermi_000418", "topic": "fermi", "subtopic": "crowd_density", "prompt": "A plaza is about 50 m by 25 m, with roughly 2 people per square meter. About how many people are there?", "split": "test", "exact_value": 2500}
{"id": "fermi_000419", "topic": "fermi", "subtopic": "crowd_density", "prompt": "A plaza is about 70 m by 20 m, with roughly 2 people per square meter. About how many people are there?", "split": "test", "exact_value": 2800}
{"id": "fermi_000420", "topic": "fermi", "subtopic": "crowd_density", "prompt": "A plaza is about 60 m by 25 m, with roughly 3 people per square meter. About how many people are there?", "split": "test", "exact_value": 4500}
{"id": "fermi_000421", "topic": "fermi", "subtopic": "crowd_density", "prompt": "A plaza is about 60 m by 30 m, with roughly 2 people per square meter. About how many people are there?", "split": "test", "exact_value": 3600}
{"id": "fermi_000422", "topic": "fermi", "subtopic": "crowd_density", "prompt": "A plaza is about 40 m by 20 m, with roughly 3 people per square meter. About how many people are there?", "split": "test", "exact_value": 2400}
{"id": "fermi_000423", "topic": "fermi", "subtopic": "crowd_density", "prompt": "A plaza is about 70 m by 20 m, with roughly 1 people per square meter. About how many people are there?", "split": "test", "exact_value": 1400}
{"id": "fermi_000424", "topic": "fermi", "subtopic": "crowd_density", "prompt": "A plaza is about 30 m by 30 m, with roughly 1 people per square meter. About how many people are there?", "split": "test", "exact_value": 900}
{"id": "fermi_000425", "topic": "fermi", "subtopic": "crowd_density", "prompt": "A plaza is about 60 m by 25 m, with roughly 4 people per square meter. About how many people are there?", "split": "test", "exact_value": 6000}
{"id": "fermi_000426", "topic": "fermi", "subtopic": "crowd_density", "prompt": "A plaza is about 60 m by 30 m, with roughly 1 people per square meter. About how many people are there?", "split": "test", "exact_value": 1800}
{"id": "fermi_000427", "topic": "fermi", "subtopic": "crowd_density", "prompt": "A plaza is about 30 m by 30 m, with roughly 4 people per square meter. About how many people are there?", "split": "test", "exact_value": 3600}
{"id": "fermi_000428", "topic": "fermi", "subtopic": "crowd_density", "prompt": "A plaza is about 70 m by 25 m, with roughly 1 people per square meter. About how many people are there?", "split": "test", "exact_value": 1750}
{"id": "fermi_000429", "topic": "fermi", "subtopic": "crowd_density", "prompt": "A plaza is about 50 m by 35 m, with roughly 3 people per square meter. About how many people are there?", "split": "test", "exact_value": 5250}
{"id": "fermi_000430", "topic": "fermi", "subtopic": "crowd_density", "prompt": "A plaza is about 30 m by 20 m, with roughly 2 people per square meter. About how many people are there?", "split": "test", "exact_value": 1200}
{"id": "fermi_000431", "topic": "fermi", "subtopic": "crowd_density", "prompt": "A plaza is about 70 m by 30 m, with roughly 3 people per square meter. About how many people are there?", "split": "test", "exact_value": 6300}
{"id": "fermi_000432", "topic": "fermi", "subtopic": "crowd_density", "prompt": "A plaza is about 50 m by 30 m, with roughly 4 people per square meter. About how many people are there?", "split": "test", "exact_value": 6000}
{"id": "fermi_000433", "topic": "fermi", "subtopic": "crowd_density", "prompt": "A plaza is about 50 m by 25 m, with roughly 1 people per square meter. About how many people are there?", "split": "test", "exact_value": 1250}
{"id": "fermi_000434", "topic": "fermi", "subtopic": "crowd_density", "prompt": "A plaza is about 30 m by 20 m, with roughly 1 people per square meter. About how many people are there?", "split": "test", "exact_value": 600}
{"id": "fermi_000435", "topic": "fermi", "subtopic": "crowd_density", "prompt": "A plaza is about 40 m by 25 m, with roughly 2 people per square meter. About how many people are there?", "split": "test", "exact_value": 2000}
{"id": "fermi_000436", "topic": "fermi", "subtopic": "crowd_density", "prompt": "A plaza is about 30 m by 20 m, with roughly 4 people per square meter. About how many people are there?", "split": "test", "exact_value": 2400}
{"id": "fermi_000437", "topic": "fermi", "subtopic": "crowd_density", "prompt": "A plaza is about 50 m by 20 m, with roughly 1 people per square meter. About how many people are there?", "split": "test", "exact_value": 1000}
{"id": "fermi_000438", "topic": "fermi", "subtopic": "crowd_density", "prompt": "A plaza is about 60 m by 20 m, with roughly 1 people per square meter. About how many people are there?", "split": "test", "exact_value": 1200}
{"id": "fermi_000439", "topic": "fermi", "subtopic": "crowd_density", "prompt": "A plaza is about 60 m by 30 m, with roughly 1 people per square meter. About how many people are there?", "split": "test", "exact_value": 1800}
{"id": "fermi_000440", "topic": "fermi", "subtopic": "crowd_density", "prompt": "A plaza is about 60 m by 30 m, with roughly 1 people per square meter. About how many people are there?", "split": "test", "exact_value": 1800}
{"id": "fermi_000441", "topic": "fermi", "subtopic": "crowd_density", "prompt": "A plaza is about 70 m by 25 m, with roughly 4 people per square meter. About how many people are there?", "split": "test", "exact_value": 7000}
{"id": "fermi_000442", "topic": "fermi", "subtopic": "crowd_density", "prompt": "A plaza is about 60 m by 35 m, with roughly 3 people per square meter. About how many people are there?", "split": "test", "exact_value": 6300}
{"id": "fermi_000443", "topic": "fermi", "subtopic": "crowd_density", "prompt": "A plaza is about 30 m by 30 m, with roughly 4 people per square meter. About how many people are there?", "split": "test", "exact_value": 3600}
{"id": "fermi_000444", "topic": "fermi", "subtopic": "crowd_density", "prompt": "A plaza is about 30 m by 35 m, with roughly 2 people per square meter. About how many people are there?", "split": "test", "exact_value": 2100}
{"id": "fermi_000445", "topic": "fermi", "subtopic": "crowd_density", "prompt": "A plaza is about 40 m by 30 m, with roughly 2 people per square meter. About how many people are there?", "split": "test", "exact_value": 2400}
{"id": "fermi_000446", "topic": "fermi", "subtopic": "crowd_density", "prompt": "A plaza is about 70 m by 35 m, with roughly 3 people per square meter. About how many people are there?", "split": "test", "exact_value": 7350}
{"id": "fermi_000447", "topic": "fermi", "subtopic": "crowd_density", "prompt": "A plaza is about 60 m by 35 m, with roughly 2 people per square meter. About how many people are there?", "split": "test", "exact_value": 4200}
{"id": "fermi_000448", "topic": "fermi", "subtopic": "crowd_density", "prompt": "A plaza is about 30 m by 25 m, with roughly 1 people per square meter. About how many people are there?", "split": "test", "exact_value": 750}
{"id": "fermi_000449", "topic": "fermi", "subtopic": "crowd_density", "prompt": "A plaza is about 50 m by 35 m, with roughly 1 people per square meter. About how many people are there?", "split": "test", "exact_value": 1750}
{"id": "fermi_000450", "topic": "fermi", "subtopic": "crowd_density", "prompt": "A plaza is about 30 m by 25 m, with roughly 4 people per square meter. About how many people are there?", "split": "test", "exact_value": 3000}
{"id": "fermi_000451", "topic": "fermi", "subtopic": "crowd_density", "prompt": "A plaza is about 50 m by 25 m, with roughly 3 people per square meter. About how many people are there?", "split": "test", "exact_value": 3750}
{"id": "fermi_000452", "topic": "fermi", "subtopic": "crowd_density", "prompt": "A plaza is about 60 m by 35 m, with roughly 3 people per square meter. About how many people are there?", "split": "test", "exact_value": 6300}
{"id": "fermi_000453", "topic": "fermi", "subtopic": "crowd_density", "prompt": "A plaza is about 30 m by 30 m, with roughly 3 people per square meter. About how many people are there?", "split": "test", "exact_value": 2700}
{"id": "fermi_000454", "topic": "fermi", "subtopic": "crowd_density", "prompt": "A plaza is about 40 m by 35 m, with roughly 1 people per square meter. About how many people are there?", "split": "test", "exact_value": 1400}
{"id": "fermi_000455", "topic": "fermi", "subtopic": "crowd_density", "prompt": "A plaza is about 70 m by 35 m, with roughly 3 people per square meter. About how many people are there?", "split": "test", "exact_value": 7350}
{"id": "fermi_000456", "topic": "fermi", "subtopic": "crowd_density", "prompt": "A plaza is about 50 m by 25 m, with roughly 1 people per square meter. About how many people are there?", "split": "test", "exact_value": 1250}
{"id": "fermi_000457", "topic": "fermi", "subtopic": "crowd_density", "prompt": "A plaza is about 50 m by 30 m, with roughly 3 people per square meter. About how many people are there?", "split": "test", "exact_value": 4500}
{"id": "fermi_000458", "topic": "fermi", "subtopic": "crowd_density", "prompt": "A plaza is about 50 m by 20 m, with roughly 1 people per square meter. About how many people are there?", "split": "test", "exact_value": 1000}
{"id": "fermi_000459", "topic": "fermi", "subtopic": "crowd_density", "prompt": "A plaza is about 30 m by 25 m, with roughly 1 people per square meter. About how many people are there?", "split": "test", "exact_value": 750}
{"id": "fermi_000460", "topic": "fermi", "subtopic": "crowd_density", "prompt": "A plaza is about 60 m by 30 m, with roughly 3 people per square meter. About how many people are there?", "split": "test", "exact_value": 5400}
{"id": "fermi_000461", "topic": "fermi", "subtopic": "crowd_density", "prompt": "A plaza is about 60 m by 25 m, with roughly 3 people per square meter. About how many people are there?", "split": "test", "exact_value": 4500}
{"id": "fermi_000462", "topic": "fermi", "subtopic": "crowd_density", "prompt": "A plaza is about 60 m by 30 m, with roughly 2 people per square meter. About how many people are there?", "split": "test", "exact_value": 3600}
{"id": "fermi_000463", "topic": "fermi", "subtopic": "crowd_density", "prompt": "A plaza is about 60 m by 25 m, with roughly 3 people per square meter. About how many people are there?", "split": "test", "exact_value": 4500}
{"id": "fermi_000464", "topic": "fermi", "subtopic": "crowd_density", "prompt": "A plaza is about 40 m by 35 m, with roughly 1 people per square meter. About how many people are there?", "split": "test", "exact_value": 1400}
{"id": "fermi_000465", "topic": "fermi", "subtopic": "crowd_density", "prompt": "A plaza is about 30 m by 20 m, with roughly 2 people per square meter. About how many people are there?", "split": "test", "exact_value": 1200}
{"id": "fermi_000466", "topic": "fermi", "subtopic": "crowd_density", "prompt": "A plaza is about 50 m by 30 m, with roughly 1 people per square meter. About how many people are there?", "split": "test", "exact_value": 1500}
{"id": "fermi_000467", "topic": "fermi", "subtopic": "crowd_density", "prompt": "A plaza is about 70 m by 20 m, with roughly 3 people per square meter. About how many people are there?", "split": "test", "exact_value": 4200}
{"id": "fermi_000468", "topic": "fermi", "subtopic": "crowd_density", "prompt": "A plaza is about 60 m by 30 m, with roughly 4 people per square meter. About how many people are there?", "split": "test", "exact_value": 7200}
{"id": "fermi_000469", "topic": "fermi", "subtopic": "crowd_density", "prompt": "A plaza is about 30 m by 25 m, with roughly 2 people per square meter. About how many people are there?", "split": "test", "exact_value": 1500}
{"id": "fermi_000470", "topic": "fermi", "subtopic": "crowd_density", "prompt": "A plaza is about 60 m by 20 m, with roughly 4 people per square meter. About how many people are there?", "split": "test", "exact_value": 4800}
{"id": "fermi_000471", "topic": "fermi", "subtopic": "crowd_density", "prompt": "A plaza is about 50 m by 20 m, with roughly 4 people per square meter. About how many people are there?", "split": "test", "exact_value": 4000}
{"id": "fermi_000472", "topic": "fermi", "subtopic": "crowd_density", "prompt": "A plaza is about 30 m by 35 m, with roughly 1 people per square meter. About how many people are there?", "split": "test", "exact_value": 1050}
{"id": "fermi_000473", "topic": "fermi", "subtopic": "crowd_density", "prompt": "A plaza is about 40 m by 25 m, with roughly 3 people per square meter. About how many people are there?", "split": "test", "exact_value": 3000}
{"id": "fermi_000474", "topic": "fermi", "subtopic": "crowd_density", "prompt": "A plaza is about 40 m by 30 m, with roughly 3 people per square meter. About how many people are there?", "split": "test", "exact_value": 3600}
{"id": "fermi_000475", "topic": "fermi", "subtopic": "crowd_density", "prompt": "A plaza is about 40 m by 20 m, with roughly 2 people per square meter. About how many people are there?", "split": "test", "exact_value": 1600}
{"id": "fermi_000476", "topic": "fermi", "subtopic": "crowd_density", "prompt": "A plaza is about 50 m by 20 m, with roughly 4 people per square meter. About how many people are there?", "split": "test", "exact_value": 4000}
{"id": "fermi_000477", "topic": "fermi", "subtopic": "crowd_density", "prompt": "A plaza is about 60 m by 25 m, with roughly 2 people per square meter. About how many people are there?", "split": "test", "exact_value": 3000}
{"id": "fermi_000478", "topic": "fermi", "subtopic": "crowd_density", "prompt": "A plaza is about 70 m by 20 m, with roughly 3 people per square meter. About how many people are there?", "split": "test", "exact_value": 4200}
{"id": "fermi_000479", "topic": "fermi", "subtopic": "crowd_density", "prompt": "A plaza is about 50 m by 20 m, with roughly 4 people per square meter. About how many people are there?", "split": "test", "exact_value": 4000}
{"id": "fermi_000480", "topic": "fermi", "subtopic": "crowd_density", "prompt": "A plaza is about 50 m by 30 m, with roughly 1 people per square meter. About how many people are there?", "split": "test", "exact_value": 1500}
{"id": "fermi_000481", "topic": "fermi", "subtopic": "crowd_density", "prompt": "A plaza is about 30 m by 35 m, with roughly 2 people per square meter. About how many people are there?", "split": "test", "exact_value": 2100}
{"id": "fermi_000482", "topic": "fermi", "subtopic": "crowd_density", "prompt": "A plaza is about 60 m by 20 m, with roughly 3 people per square meter. About how many people are there?", "split": "test", "exact_value": 3600}
{"id": "fermi_000483", "topic": "fermi", "subtopic": "crowd_density", "prompt": "A plaza is about 70 m by 30 m, with roughly 2 people per square meter. About how many people are there?", "split": "test", "exact_value": 4200}
{"id": "fermi_000484", "topic": "fermi", "subtopic": "crowd_density", "prompt": "A plaza is about 70 m by 20 m, with roughly 4 people per square meter. About how many people are there?", "split": "test", "exact_value": 5600}
{"id": "fermi_000485", "topic": "fermi", "subtopic": "crowd_density", "prompt": "A plaza is about 40 m by 25 m, with roughly 2 people per square meter. About how many people are there?", "split": "test", "exact_value": 2000}
{"id": "fermi_000486", "topic": "fermi", "subtopic": "crowd_density", "prompt": "A plaza is about 70 m by 35 m, with roughly 1 people per square meter. About how many people are there?", "split": "test", "exact_value": 2450}
{"id": "fermi_000487", "topic": "fermi", "subtopic": "crowd_density", "prompt": "A plaza is about 30 m by 25 m, with roughly 4 people per square meter. About how many people are there?", "split": "test", "exact_value": 3000}
{"id": "fermi_000488", "topic": "fermi", "subtopic": "crowd_density", "prompt": "A plaza is about 50 m by 35 m, with roughly 1 people per square meter. About how many people are there?", "split": "test", "exact_value": 1750}
{"id": "fermi_000489", "topic": "fermi", "subtopic": "crowd_density", "prompt": "A plaza is about 40 m by 20 m, with roughly 4 people per square meter. About how many people are there?", "split": "test", "exact_value": 3200}
{"id": "fermi_000490", "topic": "fermi", "subtopic": "crowd_density", "prompt": "A plaza is about 50 m by 35 m, with roughly 3 people per square meter. About how many people are there?", "split": "test", "exact_value": 5250}
{"id": "fermi_000491", "topic": "fermi", "subtopic": "crowd_density", "prompt": "A plaza is about 60 m by 35 m, with roughly 4 people per square meter. About how many people are there?", "split": "test", "exact_value": 8400}
{"id": "fermi_000492", "topic": "fermi", "subtopic": "crowd_density", "prompt": "A plaza is about 50 m by 35 m, with roughly 3 people per square meter. About how many people are there?", "split": "test", "exact_value": 5250}
{"id": "fermi_000493", "topic": "fermi", "subtopic": "crowd_density", "prompt": "A plaza is about 60 m by 25 m, with roughly 3 people per square meter. About how many people are there?", "split": "test", "exact_value": 4500}
{"id": "fermi_000494", "topic": "fermi", "subtopic": "crowd_density", "prompt": "A plaza is about 30 m by 30 m, with roughly 3 people per square meter. About how many people are there?", "split": "test", "exact_value": 2700}
{"id": "fermi_000495", "topic": "fermi", "subtopic": "crowd_density", "prompt": "A plaza is about 30 m by 20 m, with roughly 3 people per square meter. About how many people are there?", "split": "test", "exact_value": 1800}
{"id": "fermi_000496", "topic": "fermi", "subtopic": "crowd_density", "prompt": "A plaza is about 40 m by 25 m, with roughly 3 people per square meter. About how many people are there?", "split": "test", "exact_value": 3000}
{"id": "fermi_000497", "topic": "fermi", "subtopic": "crowd_density", "prompt": "A plaza is about 60 m by 20 m, with roughly 2 people per square meter. About how many people are there?", "split": "test", "exact_value": 2400}
{"id": "fermi_000498", "topic": "fermi", "subtopic": "crowd_density", "prompt": "A plaza is about 70 m by 35 m, with roughly 1 people per square meter. About how many people are there?", "split": "test", "exact_value": 2450}
{"id": "fermi_000499", "topic": "fermi", "subtopic": "crowd_density", "prompt": "A plaza is about 30 m by 25 m, with roughly 3 people per square meter. About how many people are there?", "split": "test", "exact_value": 2250}
{"id": "fermi_000500", "topic": "fermi", "subtopic": "crowd_density", "prompt": "A plaza is about 50 m by 20 m, with roughly 3 people per square meter. About how many people are there?", "split": "test", "exact_value": 3000}
{"id": "fermi_000501", "topic": "fermi", "subtopic": "crowd_density", "prompt": "A plaza is about 40 m by 25 m, with roughly 3 people per square meter. About how many people are there?", "split": "test", "exact_value": 3000}
{"id": "fermi_000502", "topic": "fermi", "subtopic": "crowd_density", "prompt": "A plaza is about 50 m by 25 m, with roughly 1 people per square meter. About how many people are there?", "split": "test", "exact_value": 1250}
{"id": "fermi_000503", "topic": "fermi", "subtopic": "crowd_density", "prompt": "A plaza is about 40 m by 25 m, with roughly 4 people per square meter. About how many people are there?", "split": "test", "exact_value": 4000}
{"id": "fermi_000504", "topic": "fermi", "subtopic": "crowd_density", "prompt": "A plaza is about 50 m by 20 m, with roughly 1 people per square meter. About how many people are there?", "split": "test", "exact_value": 1000}
{"id": "fermi_000505", "topic": "fermi", "subtopic": "crowd_density", "prompt": "A plaza is about 70 m by 20 m, with roughly 3 people per square meter. About how many people are there?", "split": "test", "exact_value": 4200}
{"id": "fermi_000506", "topic": "fermi", "subtopic": "crowd_density", "prompt": "A plaza is about 40 m by 25 m, with roughly 1 people per square meter. About how many people are there?", "split": "test", "exact_value": 1000}
{"id": "fermi_000507", "topic": "fermi", "subtopic": "crowd_density", "prompt": "A plaza is about 50 m by 25 m, with roughly 1 people per square meter. About how many people are there?", "split": "test", "exact_value": 1250}
{"id": "fermi_000508", "topic": "fermi", "subtopic": "crowd_density", "prompt": "A plaza is about 60 m by 35 m, with roughly 2 people per square meter. About how many people are there?", "split": "test", "exact_value": 4200}
{"id": "fermi_000509", "topic": "fermi", "subtopic": "crowd_density", "prompt": "A plaza is about 30 m by 25 m, with roughly 1 people per square meter. About how many people are there?", "split": "test", "exact_value": 750}
{"id": "fermi_000510", "topic": "fermi", "subtopic": "crowd_density", "prompt": "A plaza is about 40 m by 30 m, with roughly 1 people per square meter. About how many people are there?", "split": "test", "exact_value": 1200}
{"id": "fermi_000511", "topic": "fermi", "subtopic": "crowd_density", "prompt": "A plaza is about 30 m by 35 m, with roughly 4 people per square meter. About how many people are there?", "split": "test", "exact_value": 4200}
{"id": "fermi_000512", "topic": "fermi", "subtopic": "crowd_density", "prompt": "A plaza is about 60 m by 35 m, with roughly 2 people per square meter. About how many people are there?", "split": "test", "exact_value": 4200}
{"id": "fermi_000513", "topic": "fermi", "subtopic": "crowd_density", "prompt": "A plaza is about 30 m by 20 m, with roughly 1 people per square meter. About how many people are there?", "split": "test", "exact_value": 600}
{"id": "fermi_000514", "topic": "fermi", "subtopic": "crowd_density", "prompt": "A plaza is about 50 m by 20 m, with roughly 4 people per square meter. About how many people are there?", "split": "test", "exact_value": 4000}
{"id": "fermi_000515", "topic": "fermi", "subtopic": "crowd_density", "prompt": "A plaza is about 30 m by 35 m, with roughly 1 people per square meter. About how many people are there?", "split": "test", "exact_value": 1050}
{"id": "fermi_000516", "topic": "fermi", "subtopic": "crowd_density", "prompt": "A plaza is about 70 m by 30 m, with roughly 4 people per square meter. About how many people are there?", "split": "test", "exact_value": 8400}
{"id": "fermi_000517", "topic": "fermi", "subtopic": "crowd_density", "prompt": "A plaza is about 50 m by 30 m, with roughly 3 people per square meter. About how many people are there?", "split": "test", "exact_value": 4500}
{"id": "fermi_000518", "topic": "fermi", "subtopic": "crowd_density", "prompt": "A plaza is about 50 m by 20 m, with roughly 4 people per square meter. About how many people are there?", "split": "test", "exact_value": 4000}
{"id": "fermi_000519", "topic": "fermi", "subtopic": "crowd_density", "prompt": "A plaza is about 70 m by 20 m, with roughly 3 people per square meter. About how many people are there?", "split": "test", "exact_value": 4200}
{"id": "fermi_000520", "topic": "fermi", "subtopic": "crowd_density", "prompt": "A plaza is about 40 m by 35 m, with roughly 4 people per square meter. About how many people are there?", "split": "test", "exact_value": 5600}
{"id": "fermi_000521", "topic": "fermi", "subtopic": "crowd_density", "prompt": "A plaza is about 60 m by 25 m, with roughly 3 people per square meter. About how many people are there?", "split": "test", "exact_value": 4500}
{"id": "fermi_000522", "topic": "fermi", "subtopic": "crowd_density", "prompt": "A plaza is about 40 m by 20 m, with roughly 3 people per square meter. About how many people are there?", "split": "test", "exact_value": 2400}
{"id": "fermi_000523", "topic": "fermi", "subtopic": "crowd_density", "prompt": "A plaza is about 50 m by 35 m, with roughly 4 people per square meter. About how many people are there?", "split": "test", "exact_value": 7000}
{"id": "fermi_000524", "topic": "fermi", "subtopic": "crowd_density", "prompt": "A plaza is about 60 m by 30 m, with roughly 4 people per square meter. About how many people are there?", "split": "test", "exact_value": 7200}
{"id": "fermi_000525", "topic": "fermi", "subtopic": "crowd_density", "prompt": "A plaza is about 70 m by 25 m, with roughly 4 people per square meter. About how many people are there?", "split": "test", "exact_value": 7000}
{"id": "fermi_000526", "topic": "fermi", "subtopic": "crowd_density", "prompt": "A plaza is about 40 m by 35 m, with roughly 2 people per square meter. About how many people are there?", "split": "test", "exact_value": 2800}
{"id": "fermi_000527", "topic": "fermi", "subtopic": "crowd_density", "prompt": "A plaza is about 40 m by 35 m, with roughly 2 people per square meter. About how many people are there?", "split": "test", "exact_value": 2800}
{"id": "fermi_000528", "topic": "fermi", "subtopic": "crowd_density", "prompt": "A plaza is about 40 m by 30 m, with roughly 2 people per square meter. About how many people are there?", "split": "test", "exact_value": 2400}
{"id": "fermi_000529", "topic": "fermi", "subtopic": "crowd_density", "prompt": "A plaza is about 60 m by 20 m, with roughly 2 people per square meter. About how many people are there?", "split": "test", "exact_value": 2400}
{"id": "fermi_000530", "topic": "fermi", "subtopic": "crowd_density", "prompt": "A plaza is about 70 m by 20 m, with roughly 1 people per square meter. About how many people are there?", "split": "test", "exact_value": 1400}
{"id": "fermi_000531", "topic": "fermi", "subtopic": "crowd_density", "prompt": "A plaza is about 50 m by 35 m, with roughly 4 people per square meter. About how many people are there?", "split": "test", "exact_value": 7000}
{"id": "fermi_000532", "topic": "fermi", "subtopic": "crowd_density", "prompt": "A plaza is about 50 m by 20 m, with roughly 3 people per square meter. About how many people are there?", "split": "test", "exact_value": 3000}
{"id": "fermi_000533", "topic": "fermi", "subtopic": "crowd_density", "prompt": "A plaza is about 30 m by 25 m, with roughly 3 people per square meter. About how many people are there?", "split": "test", "exact_value": 2250}
{"id": "fermi_000534", "topic": "fermi", "subtopic": "crowd_density", "prompt": "A plaza is about 40 m by 20 m, with roughly 4 people per square meter. About how many people are there?", "split": "test", "exact_value": 3200}
{"id": "fermi_000535", "topic": "fermi", "subtopic": "crowd_density", "prompt": "A plaza is about 60 m by 25 m, with roughly 2 people per square meter. About how many people are there?", "split": "test", "exact_value": 3000}
{"id": "fermi_000536", "topic": "fermi", "subtopic": "crowd_density", "prompt": "A plaza is about 70 m by 35 m, with roughly 4 people per square meter. About how many people are there?", "split": "test", "exact_value": 9800}
{"id": "fermi_000537", "topic": "fermi", "subtopic": "crowd_density", "prompt": "A plaza is about 70 m by 20 m, with roughly 4 people per square meter. About how many people are there?", "split": "test", "exact_value": 5600}
{"id": "fermi_000538", "topic": "fermi", "subtopic": "crowd_density", "prompt": "A plaza is about 30 m by 30 m, with roughly 1 people per square meter. About how many people are there?", "split": "test", "exact_value": 900}
{"id": "fermi_000539", "topic": "fermi", "subtopic": "crowd_density", "prompt": "A plaza is about 70 m by 20 m, with roughly 4 people per square meter. About how many people are there?", "split": "test", "exact_value": 5600}
{"id": "fermi_000540", "topic": "fermi", "subtopic": "crowd_density", "prompt": "A plaza is about 30 m by 25 m, with roughly 3 people per square meter. About how many people are there?", "split": "test", "exact_value": 2250}
{"id": "fermi_000541", "topic": "fermi", "subtopic": "crowd_density", "prompt": "A plaza is about 40 m by 25 m, with roughly 4 people per square meter. About how many people are there?", "split": "test", "exact_value": 4000}
{"id": "fermi_000542", "topic": "fermi", "subtopic": "crowd_density", "prompt": "A plaza is about 40 m by 35 m, with roughly 3 people per square meter. About how many people are there?", "split": "test", "exact_value": 4200}
{"id": "fermi_000543", "topic": "fermi", "subtopic": "crowd_density", "prompt": "A plaza is about 40 m by 35 m, with roughly 2 people per square meter. About how many people are there?", "split": "test", "exact_value": 2800}
{"id": "fermi_000544", "topic": "fermi", "subtopic": "crowd_density", "prompt": "A plaza is about 70 m by 20 m, with roughly 1 people per square meter. About how many people are there?", "split": "test", "exact_value": 1400}
{"id": "fermi_000545", "topic": "fermi", "subtopic": "crowd_density", "prompt": "A plaza is about 40 m by 20 m, with roughly 3 people per square meter. About how many people are there?", "split": "test", "exact_value": 2400}
{"id": "fermi_000546", "topic": "fermi", "subtopic": "crowd_density", "prompt": "A plaza is about 40 m by 30 m, with roughly 1 people per square meter. About how many people are there?", "split": "test", "exact_value": 1200}
{"id": "fermi_000547", "topic": "fermi", "subtopic": "crowd_density", "prompt": "A plaza is about 40 m by 30 m, with roughly 4 people per square meter. About how many people are there?", "split": "test", "exact_value": 4800}
{"id": "fermi_000548", "topic": "fermi", "subtopic": "crowd_density", "prompt": "A plaza is about 30 m by 35 m, with roughly 2 people per square meter. About how many people are there?", "split": "test", "exact_value": 2100}
{"id": "fermi_000549", "topic": "fermi", "subtopic": "crowd_density", "prompt": "A plaza is about 60 m by 20 m, with roughly 1 people per square meter. About how many people are there?", "split": "test", "exact_value": 1200}
{"id": "fermi_000550", "topic": "fermi", "subtopic": "crowd_density", "prompt": "A plaza is about 30 m by 30 m, with roughly 4 people per square meter. About how many people are there?", "split": "test", "exact_value": 3600}
{"id": "fermi_000551", "topic": "fermi", "subtopic": "crowd_density", "prompt": "A plaza is about 60 m by 25 m, with roughly 1 people per square meter. About how many people are there?", "split": "test", "exact_value": 1500}
{"id": "fermi_000552", "topic": "fermi", "subtopic": "crowd_density", "prompt": "A plaza is about 60 m by 25 m, with roughly 3 people per square meter. About how many people are there?", "split": "test", "exact_value": 4500}
{"id": "fermi_000553", "topic": "fermi", "subtopic": "crowd_density", "prompt": "A plaza is about 60 m by 35 m, with roughly 2 people per square meter. About how many people are there?", "split": "test", "exact_value": 4200}
{"id": "fermi_000554", "topic": "fermi", "subtopic": "crowd_density", "prompt": "A plaza is about 50 m by 30 m, with roughly 1 people per square meter. About how many people are there?", "split": "test", "exact_value": 1500}
{"id": "fermi_000555", "topic": "fermi", "subtopic": "crowd_density", "prompt": "A plaza is about 50 m by 30 m, with roughly 3 people per square meter. About how many people are there?", "split": "test", "exact_value": 4500}
{"id": "fermi_000556", "topic": "fermi", "subtopic": "crowd_density", "prompt": "A plaza is about 60 m by 30 m, with roughly 4 people per square meter. About how many people are there?", "split": "test", "exact_value": 7200}
{"id": "fermi_000557", "topic": "fermi", "subtopic": "crowd_density", "prompt": "A plaza is about 40 m by 20 m, with roughly 1 people per square meter. About how many people are there?", "split": "test", "exact_value": 800}
{"id": "fermi_000558", "topic": "fermi", "subtopic": "crowd_density", "prompt": "A plaza is about 60 m by 30 m, with roughly 2 people per square meter. About how many people are there?", "split": "test", "exact_value": 3600}
{"id": "fermi_000559", "topic": "fermi", "subtopic": "crowd_density", "prompt": "A plaza is about 60 m by 35 m, with roughly 2 people per square meter. About how many people are there?", "split": "test", "exact_value": 4200}
{"id": "fermi_000560", "topic": "fermi", "subtopic": "crowd_density", "prompt": "A plaza is about 60 m by 20 m, with roughly 1 people per square meter. About how many people are there?", "split": "test", "exact_value": 1200}
{"id": "fermi_000561", "topic": "fermi", "subtopic": "crowd_density", "prompt": "A plaza is about 70 m by 30 m, with roughly 2 people per square meter. About how many people are there?", "split": "test", "exact_value": 4200}
{"id": "fermi_000562", "topic": "fermi", "subtopic": "crowd_density", "prompt": "A plaza is about 70 m by 25 m, with roughly 1 people per square meter. About how many people are there?", "split": "test", "exact_value": 1750}
{"id": "fermi_000563", "topic": "fermi", "subtopic": "crowd_density", "prompt": "A plaza is about 30 m by 30 m, with roughly 3 people per square meter. About how many people are there?", "split": "test", "exact_value": 2700}
{"id": "fermi_000564", "topic": "fermi", "subtopic": "crowd_density", "prompt": "A plaza is about 60 m by 20 m, with roughly 4 people per square meter. About how many people are there?", "split": "test", "exact_value": 4800}
{"id": "fermi_000565", "topic": "fermi", "subtopic": "crowd_density", "prompt": "A plaza is about 50 m by 35 m, with roughly 1 people per square meter. About how many people are there?", "split": "test", "exact_value": 1750}
{"id": "fermi_000566", "topic": "fermi", "subtopic": "crowd_density", "prompt": "A plaza is about 70 m by 20 m, with roughly 3 people per square meter. About how many people are there?", "split": "test", "exact_value": 4200}
{"id": "fermi_000567", "topic": "fermi", "subtopic": "crowd_density", "prompt": "A plaza is about 30 m by 20 m, with roughly 2 people per square meter. About how many people are there?", "split": "test", "exact_value": 1200}
{"id": "fermi_000568", "topic": "fermi", "subtopic": "crowd_density", "prompt": "A plaza is about 50 m by 30 m, with roughly 4 people per square meter. About how many people are there?", "split": "test", "exact_value": 6000}
{"id": "fermi_000569", "topic": "fermi", "subtopic": "crowd_density", "prompt": "A plaza is about 40 m by 25 m, with roughly 4 people per square meter. About how many people are there?", "split": "test", "exact_value": 4000}
{"id": "fermi_000570", "topic": "fermi", "subtopic": "crowd_density", "prompt": "A plaza is about 30 m by 35 m, with roughly 2 people per square meter. About how many people are there?", "split": "test", "exact_value": 2100}
{"id": "fermi_000571", "topic": "fermi", "subtopic": "crowd_density", "prompt": "A plaza is about 50 m by 35 m, with roughly 1 people per square meter. About how many people are there?", "split": "test", "exact_value": 1750}
{"id": "fermi_000572", "topic": "fermi", "subtopic": "crowd_density", "prompt": "A plaza is about 70 m by 35 m, with roughly 2 people per square meter. About how many people are there?", "split": "test", "exact_value": 4900}
{"id": "fermi_000573", "topic": "fermi", "subtopic": "crowd_density", "prompt": "A plaza is about 60 m by 25 m, with roughly 1 people per square meter. About how many people are there?", "split": "test", "exact_value": 1500}
{"id": "fermi_000574", "topic": "fermi", "subtopic": "crowd_density", "prompt": "A plaza is about 50 m by 25 m, with roughly 1 people per square meter. About how many people are there?", "split": "test", "exact_value": 1250}
{"id": "fermi_000575", "topic": "fermi", "subtopic": "crowd_density", "prompt": "A plaza is about 70 m by 20 m, with roughly 2 people per square meter. About how many people are there?", "split": "test", "exact_value": 2800}
{"id": "fermi_000576", "topic": "fermi", "subtopic": "crowd_density", "prompt": "A plaza is about 60 m by 25 m, with roughly 2 people per square meter. About how many people are there?", "split": "test", "exact_value": 3000}
{"id": "fermi_000577", "topic": "fermi", "subtopic": "crowd_density", "prompt": "A plaza is about 70 m by 25 m, with roughly 1 people per square meter. About how many people are there?", "split": "test", "exact_value": 1750}
{"id": "fermi_000578", "topic": "fermi", "subtopic": "crowd_density", "prompt": "A plaza is about 50 m by 30 m, with roughly 1 people per square meter. About how many people are there?", "split": "test", "exact_value": 1500}
{"id": "fermi_000579", "topic": "fermi", "subtopic": "crowd_density", "prompt": "A plaza is about 40 m by 20 m, with roughly 2 people per square meter. About how many people are there?", "split": "test", "exact_value": 1600}
{"id": "fermi_000580", "topic": "fermi", "subtopic": "crowd_density", "prompt": "A plaza is about 50 m by 20 m, with roughly 1 people per square meter. About how many people are there?", "split": "test", "exact_value": 1000}
{"id": "fermi_000581", "topic": "fermi", "subtopic": "crowd_density", "prompt": "A plaza is about 60 m by 30 m, with roughly 4 people per square meter. About how many people are there?", "split": "test", "exact_value": 7200}
{"id": "fermi_000582", "topic": "fermi", "subtopic": "crowd_density", "prompt": "A plaza is about 60 m by 30 m, with roughly 2 people per square meter. About how many people are there?", "split": "test", "exact_value": 3600}
{"id": "fermi_000583", "topic": "fermi", "subtopic": "crowd_density", "prompt": "A plaza is about 60 m by 25 m, with roughly 4 people per square meter. About how many people are there?", "split": "test", "exact_value": 6000}
{"id": "fermi_000584", "topic": "fermi", "subtopic": "crowd_density", "prompt": "A plaza is about 70 m by 20 m, with roughly 2 people per square meter. About how many people are there?", "split": "test", "exact_value": 2800}
{"id": "fermi_000585", "topic": "fermi", "subtopic": "crowd_density", "prompt": "A plaza is about 40 m by 35 m, with roughly 2 people per square meter. About how many people are there?", "split": "test", "exact_value": 2800}
{"id": "fermi_000586", "topic": "fermi", "subtopic": "crowd_density", "prompt": "A plaza is about 40 m by 35 m, with roughly 1 people per square meter. About how many people are there?", "split": "test", "exact_value": 1400}
{"id": "fermi_000587", "topic": "fermi", "subtopic": "crowd_density", "prompt": "A plaza is about 70 m by 20 m, with roughly 3 people per square meter. About how many people are there?", "split": "test", "exact_value": 4200}
{"id": "fermi_000588", "topic": "fermi", "subtopic": "crowd_density", "prompt": "A plaza is about 50 m by 25 m, with roughly 2 people per square meter. About how many people are there?", "split": "test", "exact_value": 2500}
{"id": "fermi_000589", "topic": "fermi", "subtopic": "crowd_density", "prompt": "A plaza is about 50 m by 25 m, with roughly 1 people per square meter. About how many people are there?", "split": "test", "exact_value": 1250}
{"id": "fermi_000590", "topic": "fermi", "subtopic": "crowd_density", "prompt": "A plaza is about 40 m by 20 m, with roughly 2 people per square meter. About how many people are there?", "split": "test", "exact_value": 1600}
{"id": "fermi_000591", "topic": "fermi", "subtopic": "crowd_density", "prompt": "A plaza is about 60 m by 35 m, with roughly 1 people per square meter. About how many people are there?", "split": "test", "exact_value": 2100}
{"id": "fermi_000592", "topic": "fermi", "subtopic": "crowd_density", "prompt": "A plaza is about 60 m by 20 m, with roughly 2 people per square meter. About how many people are there?", "split": "test", "exact_value": 2400}
{"id": "fermi_000593", "topic": "fermi", "subtopic": "crowd_density", "prompt": "A plaza is about 40 m by 30 m, with roughly 1 people per square meter. About how many people are there?", "split": "test", "exact_value": 1200}
{"id": "fermi_000594", "topic": "fermi", "subtopic": "crowd_density", "prompt": "A plaza is about 60 m by 35 m, with roughly 4 people per square meter. About how many people are there?", "split": "test", "exact_value": 8400}
{"id": "fermi_000595", "topic": "fermi", "subtopic": "crowd_density", "prompt": "A plaza is about 30 m by 25 m, with roughly 4 people per square meter. About how many people are there?", "split": "test", "exact_value": 3000}
{"id": "fermi_000596", "topic": "fermi", "subtopic": "crowd_density", "prompt": "A plaza is about 50 m by 20 m, with roughly 4 people per square meter. About how many people are there?", "split": "test", "exact_value": 4000}
{"id": "fermi_000597", "topic": "fermi", "subtopic": "crowd_density", "prompt": "A plaza is about 40 m by 35 m, with roughly 3 people per square meter. About how many people are there?", "split": "test", "exact_value": 4200}
{"id": "fermi_000598", "topic": "fermi", "subtopic": "crowd_density", "prompt": "A plaza is about 70 m by 20 m, with roughly 1 people per square meter. About how many people are there?", "split": "test", "exact_value": 1400}
{"id": "fermi_000599", "topic": "fermi", "subtopic": "crowd_density", "prompt": "A plaza is about 50 m by 20 m, with roughly 2 people per square meter. About how many people are there?", "split": "test", "exact_value": 2000}
{"id": "fermi_000600", "topic": "fermi", "subtopic": "crowd_density", "prompt": "A plaza is about 70 m by 20 m, with roughly 4 people per square meter. About how many people are there?", "split": "test", "exact_value": 5600}
{"id": "fermi_000601", "topic": "fermi", "subtopic": "crowd_density", "prompt": "A plaza is about 60 m by 20 m, with roughly 2 people per square meter. About how many people are there?", "split": "test", "exact_value": 2400}
{"id": "fermi_000602", "topic": "fermi", "subtopic": "crowd_density", "prompt": "A plaza is about 70 m by 25 m, with roughly 4 people per square meter. About how many people are there?", "split": "test", "exact_value": 7000}
{"id": "fermi_000603", "topic": "fermi", "subtopic": "crowd_density", "prompt": "A plaza is about 70 m by 25 m, with roughly 3 people per square meter. About how many people are there?", "split": "test", "exact_value": 5250}
{"id": "fermi_000604", "topic": "fermi", "subtopic": "crowd_density", "prompt": "A plaza is about 70 m by 25 m, with roughly 1 people per square meter. About how many people are there?", "split": "test", "exact_value": 1750}
{"id": "fermi_000605", "topic": "fermi", "subtopic": "crowd_density", "prompt": "A plaza is about 70 m by 25 m, with roughly 2 people per square meter. About how many people are there?", "split": "test", "exact_value": 3500}
{"id": "fermi_000606", "topic": "fermi", "subtopic": "crowd_density", "prompt": "A plaza is about 60 m by 20 m, with roughly 3 people per square meter. About how many people are there?", "split": "test", "exact_value": 3600}
{"id": "fermi_000607", "topic": "fermi", "subtopic": "crowd_density", "prompt": "A plaza is about 60 m by 30 m, with roughly 2 people per square meter. About how many people are there?", "split": "test", "exact_value": 3600}
{"id": "fermi_000608", "topic": "fermi", "subtopic": "crowd_density", "prompt": "A plaza is about 70 m by 30 m, with roughly 2 people per square meter. About how many people are there?", "split": "test", "exact_value": 4200}
{"id": "fermi_000609", "topic": "fermi", "subtopic": "crowd_density", "prompt": "A plaza is about 60 m by 25 m, with roughly 2 people per square meter. About how many people are there?", "split": "test", "exact_value": 3000}
{"id": "fermi_000610", "topic": "fermi", "subtopic": "crowd_density", "prompt": "A plaza is about 40 m by 20 m, with roughly 4 people per square meter. About how many people are there?", "split": "test", "exact_value": 3200}
{"id": "fermi_000611", "topic": "fermi", "subtopic": "crowd_density", "prompt": "A plaza is about 40 m by 30 m, with roughly 4 people per square meter. About how many people are there?", "split": "test", "exact_value": 4800}
{"id": "fermi_000612", "topic": "fermi", "subtopic": "crowd_density", "prompt": "A plaza is about 30 m by 20 m, with roughly 3 people per square meter. About how many people are there?", "split": "test", "exact_value": 1800}
{"id": "fermi_000613", "topic": "fermi", "subtopic": "crowd_density", "prompt": "A plaza is about 60 m by 25 m, with roughly 2 people per square meter. About how many people are there?", "split": "test", "exact_value": 3000}
{"id": "fermi_000614", "topic": "fermi", "subtopic": "crowd_density", "prompt": "A plaza is about 30 m by 35 m, with roughly 4 people per square meter. About how many people are there?", "split": "test", "exact_value": 4200}
{"id": "fermi_000615", "topic": "fermi", "subtopic": "crowd_density", "prompt": "A plaza is about 70 m by 20 m, with roughly 1 people per square meter. About how many people are there?", "split": "test", "exact_value": 1400}
{"id": "fermi_000616", "topic": "fermi", "subtopic": "crowd_density", "prompt": "A plaza is about 70 m by 30 m, with roughly 4 people per square meter. About how many people are there?", "split": "test", "exact_value": 8400}
{"id": "fermi_000617", "topic": "fermi", "subtopic": "crowd_density", "prompt": "A plaza is about 60 m by 20 m, with roughly 1 people per square meter. About how many people are there?", "split": "test", "exact_value": 1200}
{"id": "fermi_000618", "topic": "fermi", "subtopic": "crowd_density", "prompt": "A plaza is about 50 m by 20 m, with roughly 2 people per square meter. About how many people are there?", "split": "test", "exact_value": 2000}
{"id": "fermi_000619", "topic": "fermi", "subtopic": "crowd_density", "prompt": "A plaza is about 70 m by 20 m, with roughly 3 people per square meter. About how many people are there?", "split": "test", "exact_value": 4200}
{"id": "fermi_000620", "topic": "fermi", "subtopic": "crowd_density", "prompt": "A plaza is about 50 m by 35 m, with roughly 1 people per square meter. About how many people are there?", "split": "test", "exact_value": 1750}
{"id": "fermi_000621", "topic": "fermi", "subtopic": "crowd_density", "prompt": "A plaza is about 40 m by 20 m, with roughly 2 people per square meter. About how many people are there?", "split": "test", "exact_value": 1600}
{"id": "fermi_000622", "topic": "fermi", "subtopic": "crowd_density", "prompt": "A plaza is about 60 m by 25 m, with roughly 3 people per square meter. About how many people are there?", "split": "test", "exact_value": 4500}
{"id": "fermi_000623", "topic": "fermi", "subtopic": "crowd_density", "prompt": "A plaza is about 70 m by 35 m, with roughly 3 people per square meter. About how many people are there?", "split": "test", "exact_value": 7350}
{"id": "fermi_000624", "topic": "fermi", "subtopic": "crowd_density", "prompt": "A plaza is about 70 m by 30 m, with roughly 4 people per square meter. About how many people are there?", "split": "test", "exact_value": 8400}
{"id": "fermi_000625", "topic": "fermi", "subtopic": "crowd_density", "prompt": "A plaza is about 40 m by 25 m, with roughly 4 people per square meter. About how many people are there?", "split": "test", "exact_value": 4000}
{"id": "fermi_000626", "topic": "fermi", "subtopic": "crowd_density", "prompt": "A plaza is about 70 m by 35 m, with roughly 1 people per square meter. About how many people are there?", "split": "test", "exact_value": 2450}
{"id": "fermi_000627", "topic": "fermi", "subtopic": "crowd_density", "prompt": "A plaza is about 60 m by 25 m, with roughly 2 people per square meter. About how many people are there?", "split": "test", "exact_value": 3000}
{"id": "fermi_000628", "topic": "fermi", "subtopic": "crowd_density", "prompt": "A plaza is about 60 m by 35 m, with roughly 4 people per square meter. About how many people are there?", "split": "test", "exact_value": 8400}
{"id": "fermi_000629", "topic": "fermi", "subtopic": "crowd_density", "prompt": "A plaza is about 30 m by 35 m, with roughly 2 people per square meter. About how many people are there?", "split": "test", "exact_value": 2100}
{"id": "fermi_000630", "topic": "fermi", "subtopic": "crowd_density", "prompt": "A plaza is about 70 m by 30 m, with roughly 1 people per square meter. About how many people are there?", "split": "test", "exact_value": 2100}
{"id": "fermi_000631", "topic": "fermi", "subtopic": "crowd_density", "prompt": "A plaza is about 40 m by 35 m, with roughly 1 people per square meter. About how many people are there?", "split": "test", "exact_value": 1400}
{"id": "fermi_000632", "topic": "fermi", "subtopic": "crowd_density", "prompt": "A plaza is about 60 m by 30 m, with roughly 4 people per square meter. About how many people are there?", "split": "test", "exact_value": 7200}
{"id": "fermi_000633", "topic": "fermi", "subtopic": "crowd_density", "prompt": "A plaza is about 50 m by 20 m, with roughly 4 people per square meter. About how many people are there?", "split": "test", "exact_value": 4000}
{"id": "fermi_000634", "topic": "fermi", "subtopic": "crowd_density", "prompt": "A plaza is about 70 m by 30 m, with roughly 2 people per square meter. About how many people are there?", "split": "test", "exact_value": 4200}
{"id": "fermi_000635", "topic": "fermi", "subtopic": "crowd_density", "prompt": "A plaza is about 60 m by 35 m, with roughly 2 people per square meter. About how many people are there?", "split": "test", "exact_value": 4200}
{"id": "fermi_000636", "topic": "fermi", "subtopic": "crowd_density", "prompt": "A plaza is about 40 m by 35 m, with roughly 3 people per square meter. About how many people are there?", "split": "test", "exact_value": 4200}
{"id": "fermi_000637", "topic": "fermi", "subtopic": "crowd_density", "prompt": "A plaza is about 60 m by 20 m, with roughly 3 people per square meter. About how many people are there?", "split": "test", "exact_value": 3600}
{"id": "fermi_000638", "topic": "fermi", "subtopic": "crowd_density", "prompt": "A plaza is about 50 m by 25 m, with roughly 3 people per square meter. About how many people are there?", "split": "test", "exact_value": 3750}
{"id": "fermi_000639", "topic": "fermi", "subtopic": "crowd_density", "prompt": "A plaza is about 60 m by 35 m, with roughly 4 people per square meter. About how many people are there?", "split": "test", "exact_value": 8400}
{"id": "fermi_000640", "topic": "fermi", "subtopic": "crowd_density", "prompt": "A plaza is about 60 m by 30 m, with roughly 2 people per square meter. About how many people are there?", "split": "test", "exact_value": 3600}
{"id": "fermi_000641", "topic": "fermi", "subtopic": "crowd_density", "prompt": "A plaza is about 70 m by 30 m, with roughly 3 people per square meter. About how many people are there?", "split": "test", "exact_value": 6300}
{"id": "fermi_000642", "topic": "fermi", "subtopic": "crowd_density", "prompt": "A plaza is about 70 m by 25 m, with roughly 4 people per square meter. About how many people are there?", "split": "test", "exact_value": 7000}
{"id": "fermi_000643", "topic": "fermi", "subtopic": "crowd_density", "prompt": "A plaza is about 30 m by 25 m, with roughly 4 people per square meter. About how many people are there?", "split": "test", "exact_value": 3000}
{"id": "fermi_000644", "topic": "fermi", "subtopic": "crowd_density", "prompt": "A plaza is about 50 m by 30 m, with roughly 2 people per square meter. About how many people are there?", "split": "test", "exact_value": 3000}
{"id": "fermi_000645", "topic": "fermi", "subtopic": "crowd_density", "prompt": "A plaza is about 40 m by 35 m, with roughly 1 people per square meter. About how many people are there?", "split": "test", "exact_value": 1400}
{"id": "fermi_000646", "topic": "fermi", "subtopic": "crowd_density", "prompt": "A plaza is about 50 m by 25 m, with roughly 3 people per square meter. About how many people are there?", "split": "test", "exact_value": 3750}
{"id": "fermi_000647", "topic": "fermi", "subtopic": "crowd_density", "prompt": "A plaza is about 50 m by 30 m, with roughly 1 people per square meter. About how many people are there?", "split": "test", "exact_value": 1500}
{"id": "fermi_000648", "topic": "fermi", "subtopic": "crowd_density", "prompt": "A plaza is about 40 m by 30 m, with roughly 4 people per square meter. About how many people are there?", "split": "test", "exact_value": 4800}
{"id": "fermi_000649", "topic": "fermi", "subtopic": "crowd_density", "prompt": "A plaza is about 60 m by 20 m, with roughly 2 people per square meter. About how many people are there?", "split": "test", "exact_value": 2400}
{"id": "fermi_000650", "topic": "fermi", "subtopic": "crowd_density", "prompt": "A plaza is about 30 m by 35 m, with roughly 2 people per square meter. About how many people are there?", "split": "test", "exact_value": 2100}
{"id": "fermi_000651", "topic": "fermi", "subtopic": "crowd_density", "prompt": "A plaza is about 70 m by 30 m, with roughly 1 people per square meter. About how many people are there?", "split": "test", "exact_value": 2100}
{"id": "fermi_000652", "topic": "fermi", "subtopic": "crowd_density", "prompt": "A plaza is about 60 m by 20 m, with roughly 1 people per square meter. About how many people are there?", "split": "test", "exact_value": 1200}
{"id": "fermi_000653", "topic": "fermi", "subtopic": "crowd_density", "prompt": "A plaza is about 40 m by 35 m, with roughly 4 people per square meter. About how many people are there?", "split": "test", "exact_value": 5600}
{"id": "fermi_000654", "topic": "fermi", "subtopic": "crowd_density", "prompt": "A plaza is about 40 m by 25 m, with roughly 3 people per square meter. About how many people are there?", "split": "test", "exact_value": 3000}
{"id": "fermi_000655", "topic": "fermi", "subtopic": "crowd_density", "prompt": "A plaza is about 30 m by 25 m, with roughly 1 people per square meter. About how many people are there?", "split": "test", "exact_value": 750}
{"id": "fermi_000656", "topic": "fermi", "subtopic": "crowd_density", "prompt": "A plaza is about 50 m by 25 m, with roughly 4 people per square meter. About how many people are there?", "split": "test", "exact_value": 5000}
{"id": "fermi_000657", "topic": "fermi", "subtopic": "crowd_density", "prompt": "A plaza is about 50 m by 20 m, with roughly 2 people per square meter. About how many people are there?", "split": "test", "exact_value": 2000}
{"id": "fermi_000658", "topic": "fermi", "subtopic": "crowd_density", "prompt": "A plaza is about 60 m by 20 m, with roughly 4 people per square meter. About how many people are there?", "split": "test", "exact_value": 4800}
{"id": "fermi_000659", "topic": "fermi", "subtopic": "crowd_density", "prompt": "A plaza is about 50 m by 30 m, with roughly 1 people per square meter. About how many people are there?", "split": "test", "exact_value": 1500}
{"id": "fermi_000660", "topic": "fermi", "subtopic": "crowd_density", "prompt": "A plaza is about 30 m by 35 m, with roughly 1 people per square meter. About how many people are there?", "split": "test", "exact_value": 1050}
{"id": "fermi_000661", "topic": "fermi", "subtopic": "crowd_density", "prompt": "A plaza is about 70 m by 35 m, with roughly 1 people per square meter. About how many people are there?", "split": "test", "exact_value": 2450}
{"id": "fermi_000662", "topic": "fermi", "subtopic": "crowd_density", "prompt": "A plaza is about 60 m by 25 m, with roughly 2 people per square meter. About how many people are there?", "split": "test", "exact_value": 3000}
{"id": "fermi_000663", "topic": "fermi", "subtopic": "crowd_density", "prompt": "A plaza is about 30 m by 25 m, with roughly 2 people per square meter. About how many people are there?", "split": "test", "exact_value": 1500}
{"id": "fermi_000664", "topic": "fermi", "subtopic": "crowd_density", "prompt": "A plaza is about 70 m by 30 m, with roughly 1 people per square meter. About how many people are there?", "split": "test", "exact_value": 2100}
{"id": "fermi_000665", "topic": "fermi", "subtopic": "crowd_density", "prompt": "A plaza is about 40 m by 35 m, with roughly 3 people per square meter. About how many people are there?", "split": "test", "exact_value": 4200}
{"id": "fermi_000666", "topic": "fermi", "subtopic": "crowd_density", "prompt": "A plaza is about 70 m by 30 m, with roughly 2 people per square meter. About how many people are there?", "split": "test", "exact_value": 4200}
{"id": "fermi_000667", "topic": "fermi", "subtopic": "crowd_density", "prompt": "A plaza is about 50 m by 20 m, with roughly 1 people per square meter. About how many people are there?", "split": "test", "exact_value": 1000}
{"id": "fermi_000668", "topic": "fermi", "subtopic": "crowd_density", "prompt": "A plaza is about 60 m by 30 m, with roughly 4 people per square meter. About how many people are there?", "split": "test", "exact_value": 7200}
{"id": "fermi_000669", "topic": "fermi", "subtopic": "crowd_density", "prompt": "A plaza is about 50 m by 30 m, with roughly 3 people per square meter. About how many people are there?", "split": "test", "exact_value": 4500}
{"id": "fermi_000670", "topic": "fermi", "subtopic": "crowd_density", "prompt": "A plaza is about 60 m by 30 m, with roughly 4 people per square meter. About how many people are there?", "split": "test", "exact_value": 7200}
{"id": "fermi_000671", "topic": "fermi", "subtopic": "crowd_density", "prompt": "A plaza is about 40 m by 25 m, with roughly 1 people per square meter. About how many people are there?", "split": "test", "exact_value": 1000}
{"id": "fermi_000672", "topic": "fermi", "subtopic": "crowd_density", "prompt": "A plaza is about 30 m by 35 m, with roughly 1 people per square meter. About how many people are there?", "split": "test", "exact_value": 1050}
{"id": "fermi_000673", "topic": "fermi", "subtopic": "crowd_density", "prompt": "A plaza is about 50 m by 35 m, with roughly 1 people per square meter. About how many people are there?", "split": "test", "exact_value": 1750}
{"id": "fermi_000674", "topic": "fermi", "subtopic": "crowd_density", "prompt": "A plaza is about 50 m by 30 m, with roughly 4 people per square meter. About how many people are there?", "split": "test", "exact_value": 6000}
{"id": "fermi_000675", "topic": "fermi", "subtopic": "crowd_density", "prompt": "A plaza is about 40 m by 30 m, with roughly 1 people per square meter. About how many people are there?", "split": "test", "exact_value": 1200}
{"id": "fermi_000676", "topic": "fermi", "subtopic": "crowd_density", "prompt": "A plaza is about 30 m by 35 m, with roughly 1 people per square meter. About how many people are there?", "split": "test", "exact_value": 1050}
{"id": "fermi_000677", "topic": "fermi", "subtopic": "crowd_density", "prompt": "A plaza is about 30 m by 35 m, with roughly 4 people per square meter. About how many people are there?", "split": "test", "exact_value": 4200}
{"id": "fermi_000678", "topic": "fermi", "subtopic": "crowd_density", "prompt": "A plaza is about 30 m by 35 m, with roughly 1 people per square meter. About how many people are there?", "split": "test", "exact_value": 1050}
{"id": "fermi_000679", "topic": "fermi", "subtopic": "crowd_density", "prompt": "A plaza is about 50 m by 25 m, with roughly 1 people per square meter. About how many people are there?", "split": "test", "exact_value": 1250}
{"id": "fermi_000680", "topic": "fermi", "subtopic": "crowd_density", "prompt": "A plaza is about 60 m by 35 m, with roughly 4 people per square meter. About how many people are there?", "split": "test", "exact_value": 8400}
{"id": "fermi_000681", "topic": "fermi", "subtopic": "crowd_density", "prompt": "A plaza is about 30 m by 25 m, with roughly 3 people per square meter. About how many people are there?", "split": "test", "exact_value": 2250}
{"id": "fermi_000682", "topic": "fermi", "subtopic": "crowd_density", "prompt": "A plaza is about 50 m by 30 m, with roughly 4 people per square meter. About how many people are there?", "split": "test", "exact_value": 6000}
{"id": "fermi_000683", "topic": "fermi", "subtopic": "crowd_density", "prompt": "A plaza is about 70 m by 35 m, with roughly 1 people per square meter. About how many people are there?", "split": "test", "exact_value": 2450}
{"id": "fermi_000684", "topic": "fermi", "subtopic": "crowd_density", "prompt": "A plaza is about 70 m by 20 m, with roughly 3 people per square meter. About how many people are there?", "split": "test", "exact_value": 4200}
{"id": "fermi_000685", "topic": "fermi", "subtopic": "crowd_density", "prompt": "A plaza is about 40 m by 25 m, with roughly 4 people per square meter. About how many people are there?", "split": "test", "exact_value": 4000}
{"id": "fermi_000686", "topic": "fermi", "subtopic": "crowd_density", "prompt": "A plaza is about 70 m by 35 m, with roughly 3 people per square meter. About how many people are there?", "split": "test", "exact_value": 7350}
{"id": "fermi_000687", "topic": "fermi", "subtopic": "crowd_density", "prompt": "A plaza is about 60 m by 30 m, with roughly 3 people per square meter. About how many people are there?", "split": "test", "exact_value": 5400}
{"id": "fermi_000688", "topic": "fermi", "subtopic": "crowd_density", "prompt": "A plaza is about 50 m by 35 m, with roughly 1 people per square meter. About how many people are there?", "split": "test", "exact_value": 1750}
{"id": "fermi_000689", "topic": "fermi", "subtopic": "crowd_density", "prompt": "A plaza is about 60 m by 25 m, with roughly 3 people per square meter. About how many people are there?", "split": "test", "exact_value": 4500}
{"id": "fermi_000690", "topic": "fermi", "subtopic": "crowd_density", "prompt": "A plaza is about 40 m by 35 m, with roughly 1 people per square meter. About how many people are there?", "split": "test", "exact_value": 1400}
{"id": "fermi_000691", "topic": "fermi", "subtopic": "crowd_density", "prompt": "A plaza is about 50 m by 25 m, with roughly 2 people per square meter. About how many people are there?", "split": "test", "exact_value": 2500}
{"id": "fermi_000692", "topic": "fermi", "subtopic": "crowd_density", "prompt": "A plaza is about 70 m by 25 m, with roughly 3 people per square meter. About how many people are there?", "split": "test", "exact_value": 5250}
{"id": "fermi_000693", "topic": "fermi", "subtopic": "crowd_density", "prompt": "A plaza is about 70 m by 35 m, with roughly 4 people per square meter. About how many people are there?", "split": "test", "exact_value": 9800}
{"id": "fermi_000694", "topic": "fermi", "subtopic": "crowd_density", "prompt": "A plaza is about 60 m by 20 m, with roughly 1 people per square meter. About how many people are there?", "split": "test", "exact_value": 1200}
{"id": "fermi_000695", "topic": "fermi", "subtopic": "crowd_density", "prompt": "A plaza is about 70 m by 35 m, with roughly 3 people per square meter. About how many people are there?", "split": "test", "exact_value": 7350}
{"id": "fermi_000696", "topic": "fermi", "subtopic": "crowd_density", "prompt": "A plaza is about 70 m by 20 m, with roughly 3 people per square meter. About how many people are there?", "split": "test", "exact_value": 4200}
{"id": "fermi_000697", "topic": "fermi", "subtopic": "crowd_density", "prompt": "A plaza is about 30 m by 30 m, with roughly 1 people per square meter. About how many people are there?", "split": "test", "exact_value": 900}
{"id": "fermi_000698", "topic": "fermi", "subtopic": "crowd_density", "prompt": "A plaza is about 40 m by 35 m, with roughly 2 people per square meter. About how many people are there?", "split": "test", "exact_value": 2800}
{"id": "fermi_000699", "topic": "fermi", "subtopic": "crowd_density", "prompt": "A plaza is about 50 m by 35 m, with roughly 3 people per square meter. About how many people are there?", "split": "test", "exact_value": 5250}
{"id": "fermi_000700", "topic": "fermi", "subtopic": "crowd_density", "prompt": "A plaza is about 50 m by 20 m, with roughly 2 people per square meter. About how many people are there?", "split": "test", "exact_value": 2000}
{"id": "fermi_000701", "topic": "fermi", "subtopic": "crowd_density", "prompt": "A plaza is about 60 m by 20 m, with roughly 2 people per square meter. About how many people are there?", "split": "test", "exact_value": 2400}
{"id": "fermi_000702", "topic": "fermi", "subtopic": "crowd_density", "prompt": "A plaza is about 60 m by 20 m, with roughly 2 people per square meter. About how many people are there?", "split": "test", "exact_value": 2400}
{"id": "fermi_000703", "topic": "fermi", "subtopic": "crowd_density", "prompt": "A plaza is about 40 m by 25 m, with roughly 1 people per square meter. About how many people are there?", "split": "test", "exact_value": 1000}
{"id": "fermi_000704", "topic": "fermi", "subtopic": "crowd_density", "prompt": "A plaza is about 70 m by 30 m, with roughly 3 people per square meter. About how many people are there?", "split": "test", "exact_value": 6300}
{"id": "fermi_000705", "topic": "fermi", "subtopic": "crowd_density", "prompt": "A plaza is about 40 m by 20 m, with roughly 2 people per square meter. About how many people are there?", "split": "test", "exact_value": 1600}
{"id": "fermi_000706", "topic": "fermi", "subtopic": "crowd_density", "prompt": "A plaza is about 30 m by 25 m, with roughly 3 people per square meter. About how many people are there?", "split": "test", "exact_value": 2250}
{"id": "fermi_000707", "topic": "fermi", "subtopic": "crowd_density", "prompt": "A plaza is about 50 m by 30 m, with roughly 4 people per square meter. About how many people are there?", "split": "test", "exact_value": 6000}
{"id": "fermi_000708", "topic": "fermi", "subtopic": "crowd_density", "prompt": "A plaza is about 70 m by 20 m, with roughly 1 people per square meter. About how many people are there?", "split": "test", "exact_value": 1400}
{"id": "fermi_000709", "topic": "fermi", "subtopic": "crowd_density", "prompt": "A plaza is about 60 m by 25 m, with roughly 3 people per square meter. About how many people are there?", "split": "test", "exact_value": 4500}
{"id": "fermi_000710", "topic": "fermi", "subtopic": "crowd_density", "prompt": "A plaza is about 60 m by 35 m, with roughly 4 people per square meter. About how many people are there?", "split": "test", "exact_value": 8400}
{"id": "fermi_000711", "topic": "fermi", "subtopic": "crowd_density", "prompt": "A plaza is about 40 m by 25 m, with roughly 1 people per square meter. About how many people are there?", "split": "test", "exact_value": 1000}
{"id": "fermi_000712", "topic": "fermi", "subtopic": "crowd_density", "prompt": "A plaza is about 60 m by 25 m, with roughly 4 people per square meter. About how many people are there?", "split": "test", "exact_value": 6000}
{"id": "fermi_000713", "topic": "fermi", "subtopic": "crowd_density", "prompt": "A plaza is about 50 m by 35 m, with roughly 2 people per square meter. About how many people are there?", "split": "test", "exact_value": 3500}
{"id": "fermi_000714", "topic": "fermi", "subtopic": "crowd_density", "prompt": "A plaza is about 60 m by 20 m, with roughly 3 people per square meter. About how many people are there?", "split": "test", "exact_value": 3600}
{"id": "fermi_000715", "topic": "fermi", "subtopic": "crowd_density", "prompt": "A plaza is about 30 m by 20 m, with roughly 3 people per square meter. About how many people are there?", "split": "test", "exact_value": 1800}
{"id": "fermi_000716", "topic": "fermi", "subtopic": "crowd_density", "prompt": "A plaza is about 30 m by 25 m, with roughly 4 people per square meter. About how many people are there?", "split": "test", "exact_value": 3000}
{"id": "fermi_000717", "topic": "fermi", "subtopic": "crowd_density", "prompt": "A plaza is about 60 m by 35 m, with roughly 4 people per square meter. About how many people are there?", "split": "test", "exact_value": 8400}
{"id": "fermi_000718", "topic": "fermi", "subtopic": "crowd_density", "prompt": "A plaza is about 60 m by 35 m, with roughly 3 people per square meter. About how many people are there?", "split": "test", "exact_value": 6300}
{"id": "fermi_000719", "topic": "fermi", "subtopic": "crowd_density", "prompt": "A plaza is about 70 m by 25 m, with roughly 2 people per square meter. About how many people are there?", "split": "test", "exact_value": 3500}
{"id": "fermi_000720", "topic": "fermi", "subtopic": "crowd_density", "prompt": "A plaza is about 40 m by 30 m, with roughly 4 people per square meter. About how many people are there?", "split": "test", "exact_value": 4800}
{"id": "fermi_000721", "topic": "fermi", "subtopic": "crowd_density", "prompt": "A plaza is about 60 m by 25 m, with roughly 4 people per square meter. About how many people are there?", "split": "test", "exact_value": 6000}
{"id": "fermi_000722", "topic": "fermi", "subtopic": "crowd_density", "prompt": "A plaza is about 30 m by 35 m, with roughly 4 people per square meter. About how many people are there?", "split": "test", "exact_value": 4200}
{"id": "fermi_000723", "topic": "fermi", "subtopic": "crowd_density", "prompt": "A plaza is about 50 m by 30 m, with roughly 4 people per square meter. About how many people are there?", "split": "test", "exact_value": 6000}
{"id": "fermi_000724", "topic": "fermi", "subtopic": "crowd_density", "prompt": "A plaza is about 70 m by 20 m, with roughly 2 people per square meter. About how many people are there?", "split": "test", "exact_value": 2800}
{"id": "fermi_000725", "topic": "fermi", "subtopic": "crowd_density", "prompt": "A plaza is about 30 m by 30 m, with roughly 3 people per square meter. About how many people are there?", "split": "test", "exact_value": 2700}
{"id": "fermi_000726", "topic": "fermi", "subtopic": "crowd_density", "prompt": "A plaza is about 50 m by 20 m, with roughly 2 people per square meter. About how many people are there?", "split": "test", "exact_value": 2000}
{"id": "fermi_000727", "topic": "fermi", "subtopic": "crowd_density", "prompt": "A plaza is about 70 m by 30 m, with roughly 3 people per square meter. About how many people are there?", "split": "test", "exact_value": 6300}
{"id": "fermi_000728", "topic": "fermi", "subtopic": "crowd_density", "prompt": "A plaza is about 40 m by 25 m, with roughly 4 people per square meter. About how many people are there?", "split": "test", "exact_value": 4000}
{"id": "fermi_000729", "topic": "fermi", "subtopic": "crowd_density", "prompt": "A plaza is about 70 m by 35 m, with roughly 4 people per square meter. About how many people are there?", "split": "test", "exact_value": 9800}
{"id": "fermi_000730", "topic": "fermi", "subtopic": "crowd_density", "prompt": "A plaza is about 70 m by 30 m, with roughly 1 people per square meter. About how many people are there?", "split": "test", "exact_value": 2100}
{"id": "fermi_000731", "topic": "fermi", "subtopic": "crowd_density", "prompt": "A plaza is about 40 m by 35 m, with roughly 4 people per square meter. About how many people are there?", "split": "test", "exact_value": 5600}
{"id": "fermi_000732", "topic": "fermi", "subtopic": "crowd_density", "prompt": "A plaza is about 60 m by 30 m, with roughly 4 people per square meter. About how many people are there?", "split": "test", "exact_value": 7200}
{"id": "fermi_000733", "topic": "fermi", "subtopic": "crowd_density", "prompt": "A plaza is about 70 m by 35 m, with roughly 1 people per square meter. About how many people are there?", "split": "test", "exact_value": 2450}
{"id": "fermi_000734", "topic": "fermi", "subtopic": "crowd_density", "prompt": "A plaza is about 70 m by 35 m, with roughly 4 people per square meter. About how many people are there?", "split": "test", "exact_value": 9800}
{"id": "fermi_000735", "topic": "fermi", "subtopic": "crowd_density", "prompt": "A plaza is about 40 m by 20 m, with roughly 3 people per square meter. About how many people are there?", "split": "test", "exact_value": 2400}
{"id": "fermi_000736", "topic": "fermi", "subtopic": "crowd_density", "prompt": "A plaza is about 30 m by 25 m, with roughly 3 people per square meter. About how many people are there?", "split": "test", "exact_value": 2250}
{"id": "fermi_000737", "topic": "fermi", "subtopic": "crowd_density", "prompt": "A plaza is about 70 m by 20 m, with roughly 3 people per square meter. About how many people are there?", "split": "test", "exact_value": 4200}
{"id": "fermi_000738", "topic": "fermi", "subtopic": "crowd_density", "prompt": "A plaza is about 70 m by 20 m, with roughly 3 people per square meter. About how many people are there?", "split": "test", "exact_value": 4200}
{"id": "fermi_000739", "topic": "fermi", "subtopic": "crowd_density", "prompt": "A plaza is about 50 m by 30 m, with roughly 4 people per square meter. About how many people are there?", "split": "test", "exact_value": 6000}
{"id": "fermi_000740", "topic": "fermi", "subtopic": "crowd_density", "prompt": "A plaza is about 50 m by 25 m, with roughly 4 people per square meter. About how many people are there?", "split": "test", "exact_value": 5000}
{"id": "fermi_000741", "topic": "fermi", "subtopic": "crowd_density", "prompt": "A plaza is about 30 m by 35 m, with roughly 2 people per square meter. About how many people are there?", "split": "test", "exact_value": 2100}
{"id": "fermi_000742", "topic": "fermi", "subtopic": "crowd_density", "prompt": "A plaza is about 50 m by 30 m, with roughly 3 people per square meter. About how many people are there?", "split": "test", "exact_value": 4500}
{"id": "fermi_000743", "topic": "fermi", "subtopic": "crowd_density", "prompt": "A plaza is about 50 m by 25 m, with roughly 4 people per square meter. About how many people are there?", "split": "test", "exact_value": 5000}
{"id": "fermi_000744", "topic": "fermi", "subtopic": "crowd_density", "prompt": "A plaza is about 70 m by 35 m, with roughly 1 people per square meter. About how many people are there?", "split": "test", "exact_value": 2450}
{"id": "fermi_000745", "topic": "fermi", "subtopic": "crowd_density", "prompt": "A plaza is about 30 m by 30 m, with roughly 3 people per square meter. About how many people are there?", "split": "test", "exact_value": 2700}
{"id": "fermi_000746", "topic": "fermi", "subtopic": "crowd_density", "prompt": "A plaza is about 60 m by 25 m, with roughly 4 people per square meter. About how many people are there?", "split": "test", "exact_value": 6000}
{"id": "fermi_000747", "topic": "fermi", "subtopic": "crowd_density", "prompt": "A plaza is about 50 m by 20 m, with roughly 4 people per square meter. About how many people are there?", "split": "test", "exact_value": 4000}
{"id": "fermi_000748", "topic": "fermi", "subtopic": "crowd_density", "prompt": "A plaza is about 50 m by 20 m, with roughly 2 people per square meter. About how many people are there?", "split": "test", "exact_value": 2000}
{"id": "fermi_000749", "topic": "fermi", "subtopic": "crowd_density", "prompt": "A plaza is about 70 m by 20 m, with roughly 3 people per square meter. About how many people are there?", "split": "test", "exact_value": 4200}
{"id": "fermi_000750", "topic": "fermi", "subtopic": "crowd_density", "prompt": "A plaza is about 60 m by 20 m, with roughly 2 people per square meter. About how many people are there?", "split": "test", "exact_value": 2400}
{"id": "fermi_000751", "topic": "fermi", "subtopic": "crowd_density", "prompt": "A plaza is about 60 m by 25 m, with roughly 1 people per square meter. About how many people are there?", "split": "test", "exact_value": 1500}
{"id": "fermi_000752", "topic": "fermi", "subtopic": "crowd_density", "prompt": "A plaza is about 40 m by 30 m, with roughly 4 people per square meter. About how many people are there?", "split": "test", "exact_value": 4800}
{"id": "fermi_000753", "topic": "fermi", "subtopic": "crowd_density", "prompt": "A plaza is about 70 m by 20 m, with roughly 1 people per square meter. About how many people are there?", "split": "test", "exact_value": 1400}
{"id": "fermi_000754", "topic": "fermi", "subtopic": "crowd_density", "prompt": "A plaza is about 70 m by 30 m, with roughly 4 people per square meter. About how many people are there?", "split": "test", "exact_value": 8400}
{"id": "fermi_000755", "topic": "fermi", "subtopic": "crowd_density", "prompt": "A plaza is about 60 m by 35 m, with roughly 1 people per square meter. About how many people are there?", "split": "test", "exact_value": 2100}
{"id": "fermi_000756", "topic": "fermi", "subtopic": "crowd_density", "prompt": "A plaza is about 60 m by 30 m, with roughly 1 people per square meter. About how many people are there?", "split": "test", "exact_value": 1800}
{"id": "fermi_000757", "topic": "fermi", "subtopic": "crowd_density", "prompt": "A plaza is about 30 m by 25 m, with roughly 2 people per square meter. About how many people are there?", "split": "test", "exact_value": 1500}
{"id": "fermi_000758", "topic": "fermi", "subtopic": "crowd_density", "prompt": "A plaza is about 70 m by 25 m, with roughly 3 people per square meter. About how many people are there?", "split": "test", "exact_value": 5250}
{"id": "fermi_000759", "topic": "fermi", "subtopic": "crowd_density", "prompt": "A plaza is about 60 m by 35 m, with roughly 4 people per square meter. About how many people are there?", "split": "test", "exact_value": 8400}
{"id": "fermi_000760", "topic": "fermi", "subtopic": "crowd_density", "prompt": "A plaza is about 50 m by 35 m, with roughly 2 people per square meter. About how many people are there?", "split": "test", "exact_value": 3500}
{"id": "fermi_000761", "topic": "fermi", "subtopic": "crowd_density", "prompt": "A plaza is about 30 m by 35 m, with roughly 4 people per square meter. About how many people are there?", "split": "test", "exact_value": 4200}
{"id": "fermi_000762", "topic": "fermi", "subtopic": "crowd_density", "prompt": "A plaza is about 30 m by 35 m, with roughly 2 people per square meter. About how many people are there?", "split": "test", "exact_value": 2100}
{"id": "fermi_000763", "topic": "fermi", "subtopic": "crowd_density", "prompt": "A plaza is about 60 m by 35 m, with roughly 4 people per square meter. About how many people are there?", "split": "test", "exact_value": 8400}
{"id": "fermi_000764", "topic": "fermi", "subtopic": "crowd_density", "prompt": "A plaza is about 70 m by 35 m, with roughly 1 people per square meter. About how many people are there?", "split": "test", "exact_value": 2450}
{"id": "fermi_000765", "topic": "fermi", "subtopic": "crowd_density", "prompt": "A plaza is about 60 m by 25 m, with roughly 2 people per square meter. About how many people are there?", "split": "test", "exact_value": 3000}
{"id": "fermi_000766", "topic": "fermi", "subtopic": "crowd_density", "prompt": "A plaza is about 70 m by 35 m, with roughly 2 people per square meter. About how many people are there?", "split": "test", "exact_value": 4900}
{"id": "fermi_000767", "topic": "fermi", "subtopic": "crowd_density", "prompt": "A plaza is about 70 m by 20 m, with roughly 2 people per square meter. About how many people are there?", "split": "test", "exact_value": 2800}
{"id": "fermi_000768", "topic": "fermi", "subtopic": "crowd_density", "prompt": "A plaza is about 30 m by 25 m, with roughly 2 people per square meter. About how many people are there?", "split": "test", "exact_value": 1500}
{"id": "fermi_000769", "topic": "fermi", "subtopic": "crowd_density", "prompt": "A plaza is about 60 m by 25 m, with roughly 3 people per square meter. About how many people are there?", "split": "test", "exact_value": 4500}
{"id": "fermi_000770", "topic": "fermi", "subtopic": "crowd_density", "prompt": "A plaza is about 70 m by 35 m, with roughly 3 people per square meter. About how many people are there?", "split": "test", "exact_value": 7350}
{"id": "fermi_000771", "topic": "fermi", "subtopic": "crowd_density", "prompt": "A plaza is about 30 m by 30 m, with roughly 4 people per square meter. About how many people are there?", "split": "test", "exact_value": 3600}
{"id": "fermi_000772", "topic": "fermi", "subtopic": "crowd_density", "prompt": "A plaza is about 60 m by 30 m, with roughly 3 people per square meter. About how many people are there?", "split": "test", "exact_value": 5400}
{"id": "fermi_000773", "topic": "fermi", "subtopic": "crowd_density", "prompt": "A plaza is about 70 m by 35 m, with roughly 4 people per square meter. About how many people are there?", "split": "test", "exact_value": 9800}
{"id": "fermi_000774", "topic": "fermi", "subtopic": "crowd_density", "prompt": "A plaza is about 30 m by 30 m, with roughly 2 people per square meter. About how many people are there?", "split": "test", "exact_value": 1800}
{"id": "fermi_000775", "topic": "fermi", "subtopic": "crowd_density", "prompt": "A plaza is about 60 m by 30 m, with roughly 3 people per square meter. About how many people are there?", "split": "test", "exact_value": 5400}
{"id": "fermi_000776", "topic": "fermi", "subtopic": "crowd_density", "prompt": "A plaza is about 40 m by 30 m, with roughly 3 people per square meter. About how many people are there?", "split": "test", "exact_value": 3600}
{"id": "fermi_000777", "topic": "fermi", "subtopic": "crowd_density", "prompt": "A plaza is about 50 m by 20 m, with roughly 2 people per square meter. About how many people are there?", "split": "test", "exact_value": 2000}
{"id": "fermi_000778", "topic": "fermi", "subtopic": "crowd_density", "prompt": "A plaza is about 30 m by 35 m, with roughly 4 people per square meter. About how many people are there?", "split": "test", "exact_value": 4200}
{"id": "fermi_000779", "topic": "fermi", "subtopic": "crowd_density", "prompt": "A plaza is about 40 m by 20 m, with roughly 1 people per square meter. About how many people are there?", "split": "test", "exact_value": 800}
{"id": "fermi_000780", "topic": "fermi", "subtopic": "crowd_density", "prompt": "A plaza is about 30 m by 25 m, with roughly 2 people per square meter. About how many people are there?", "split": "test", "exact_value": 1500}
{"id": "fermi_000781", "topic": "fermi", "subtopic": "crowd_density", "prompt": "A plaza is about 50 m by 25 m, with roughly 1 people per square meter. About how many people are there?", "split": "test", "exact_value": 1250}
{"id": "fermi_000782", "topic": "fermi", "subtopic": "crowd_density", "prompt": "A plaza is about 30 m by 25 m, with roughly 1 people per square meter. About how many people are there?", "split": "test", "exact_value": 750}
{"id": "fermi_000783", "topic": "fermi", "subtopic": "crowd_density", "prompt": "A plaza is about 50 m by 25 m, with roughly 4 people per square meter. About how many people are there?", "split": "test", "exact_value": 5000}
{"id": "fermi_000784", "topic": "fermi", "subtopic": "crowd_density", "prompt": "A plaza is about 50 m by 20 m, with roughly 3 people per square meter. About how many people are there?", "split": "test", "exact_value": 3000}
{"id": "fermi_000785", "topic": "fermi", "subtopic": "crowd_density", "prompt": "A plaza is about 50 m by 35 m, with roughly 4 people per square meter. About how many people are there?", "split": "test", "exact_value": 7000}
{"id": "fermi_000786", "topic": "fermi", "subtopic": "crowd_density", "prompt": "A plaza is about 70 m by 35 m, with roughly 1 people per square meter. About how many people are there?", "split": "test", "exact_value": 2450}
{"id": "fermi_000787", "topic": "fermi", "subtopic": "crowd_density", "prompt": "A plaza is about 30 m by 20 m, with roughly 2 people per square meter. About how many people are there?", "split": "test", "exact_value": 1200}
{"id": "fermi_000788", "topic": "fermi", "subtopic": "crowd_density", "prompt": "A plaza is about 40 m by 25 m, with roughly 1 people per square meter. About how many people are there?", "split": "test", "exact_value": 1000}
{"id": "fermi_000789", "topic": "fermi", "subtopic": "crowd_density", "prompt": "A plaza is about 50 m by 25 m, with roughly 3 people per square meter. About how many people are there?", "split": "test", "exact_value": 3750}
{"id": "fermi_000790", "topic": "fermi", "subtopic": "crowd_density", "prompt": "A plaza is about 30 m by 30 m, with roughly 1 people per square meter. About how many people are there?", "split": "test", "exact_value": 900}
{"id": "fermi_000791", "topic": "fermi", "subtopic": "crowd_density", "prompt": "A plaza is about 50 m by 35 m, with roughly 3 people per square meter. About how many people are there?", "split": "test", "exact_value": 5250}
{"id": "fermi_000792", "topic": "fermi", "subtopic": "crowd_density", "prompt": "A plaza is about 70 m by 30 m, with roughly 2 people per square meter. About how many people are there?", "split": "test", "exact_value": 4200}
{"id": "fermi_000793", "topic": "fermi", "subtopic": "crowd_density", "prompt": "A plaza is about 60 m by 35 m, with roughly 4 people per square meter. About how many people are there?", "split": "test", "exact_value": 8400}
{"id": "fermi_000794", "topic": "fermi", "subtopic": "crowd_density", "prompt": "A plaza is about 30 m by 25 m, with roughly 4 people per square meter. About how many people are there?", "split": "test", "exact_value": 3000}
{"id": "fermi_000795", "topic": "fermi", "subtopic": "crowd_density", "prompt": "A plaza is about 60 m by 25 m, with roughly 2 people per square meter. About how many people are there?", "split": "test", "exact_value": 3000}
{"id": "fermi_000796", "topic": "fermi", "subtopic": "crowd_density", "prompt": "A plaza is about 40 m by 25 m, with roughly 3 people per square meter. About how many people are there?", "split": "test", "exact_value": 3000}
{"id": "fermi_000797", "topic": "fermi", "subtopic": "crowd_density", "prompt": "A plaza is about 60 m by 30 m, with roughly 2 people per square meter. About how many people are there?", "split": "test", "exact_value": 3600}
{"id": "fermi_000798", "topic": "fermi", "subtopic": "crowd_density", "prompt": "A plaza is about 30 m by 20 m, with roughly 3 people per square meter. About how many people are there?", "split": "test", "exact_value": 1800}
{"id": "fermi_000799", "topic": "fermi", "subtopic": "crowd_density", "prompt": "A plaza is about 50 m by 30 m, with roughly 4 people per square meter. About how many people are there?", "split": "test", "exact_value": 6000}
{"id": "fermi_000800", "topic": "fermi", "subtopic": "crowd_density", "prompt": "A plaza is about 60 m by 35 m, with roughly 1 people per square meter. About how many people are there?", "split": "test", "exact_value": 2100}
{"id": "fermi_000801", "topic": "fermi", "subtopic": "crowd_density", "prompt": "A plaza is about 60 m by 25 m, with roughly 3 people per square meter. About how many people are there?", "split": "test", "exact_value": 4500}
{"id": "fermi_000802", "topic": "fermi", "subtopic": "crowd_density", "prompt": "A plaza is about 30 m by 35 m, with roughly 3 people per square meter. About how many people are there?", "split": "test", "exact_value": 3150}
{"id": "fermi_000803", "topic": "fermi", "subtopic": "crowd_density", "prompt": "A plaza is about 30 m by 20 m, with roughly 2 people per square meter. About how many people are there?", "split": "test", "exact_value": 1200}
{"id": "fermi_000804", "topic": "fermi", "subtopic": "crowd_density", "prompt": "A plaza is about 30 m by 30 m, with roughly 1 people per square meter. About how many people are there?", "split": "test", "exact_value": 900}
{"id": "fermi_000805", "topic": "fermi", "subtopic": "crowd_density", "prompt": "A plaza is about 60 m by 25 m, with roughly 2 people per square meter. About how many people are there?", "split": "test", "exact_value": 3000}
{"id": "fermi_000806", "topic": "fermi", "subtopic": "crowd_density", "prompt": "A plaza is about 60 m by 30 m, with roughly 2 people per square meter. About how many people are there?", "split": "test", "exact_value": 3600}
{"id": "fermi_000807", "topic": "fermi", "subtopic": "crowd_density", "prompt": "A plaza is about 40 m by 30 m, with roughly 4 people per square meter. About how many people are there?", "split": "test", "exact_value": 4800}
{"id": "fermi_000808", "topic": "fermi", "subtopic": "crowd_density", "prompt": "A plaza is about 50 m by 30 m, with roughly 3 people per square meter. About how many people are there?", "split": "test", "exact_value": 4500}
{"id": "fermi_000809", "topic": "fermi", "subtopic": "crowd_density", "prompt": "A plaza is about 60 m by 20 m, with roughly 2 people per square meter. About how many people are there?", "split": "test", "exact_value": 2400}
{"id": "fermi_000810", "topic": "fermi", "subtopic": "crowd_density", "prompt": "A plaza is about 30 m by 25 m, with roughly 3 people per square meter. About how many people are there?", "split": "test", "exact_value": 2250}
{"id": "fermi_000811", "topic": "fermi", "subtopic": "crowd_density", "prompt": "A plaza is about 60 m by 35 m, with roughly 2 people per square meter. About how many people are there?", "split": "test", "exact_value": 4200}
{"id": "fermi_000812", "topic": "fermi", "subtopic": "crowd_density", "prompt": "A plaza is about 60 m by 30 m, with roughly 3 people per square meter. About how many people are there?", "split": "test", "exact_value": 5400}
{"id": "fermi_000813", "topic": "fermi", "subtopic": "crowd_density", "prompt": "A plaza is about 30 m by 20 m, with roughly 2 people per square meter. About how many people are there?", "split": "test", "exact_value": 1200}
{"id": "fermi_000814", "topic": "fermi", "subtopic": "crowd_density", "prompt": "A plaza is about 70 m by 20 m, with roughly 3 people per square meter. About how many people are there?", "split": "test", "exact_value": 4200}
{"id": "fermi_000815", "topic": "fermi", "subtopic": "crowd_density", "prompt": "A plaza is about 40 m by 30 m, with roughly 2 people per square meter. About how many people are there?", "split": "test", "exact_value": 2400}
{"id": "fermi_000816", "topic": "fermi", "subtopic": "crowd_density", "prompt": "A plaza is about 50 m by 30 m, with roughly 2 people per square meter. About how many people are there?", "split": "test", "exact_value": 3000}
{"id": "fermi_000817", "topic": "fermi", "subtopic": "crowd_density", "prompt": "A plaza is about 50 m by 35 m, with roughly 2 people per square meter. About how many people are there?", "split": "test", "exact_value": 3500}
{"id": "fermi_000818", "topic": "fermi", "subtopic": "crowd_density", "prompt": "A plaza is about 70 m by 35 m, with roughly 1 people per square meter. About how many people are there?", "split": "test", "exact_value": 2450}
{"id": "fermi_000819", "topic": "fermi", "subtopic": "crowd_density", "prompt": "A plaza is about 60 m by 20 m, with roughly 2 people per square meter. About how many people are there?", "split": "test", "exact_value": 2400}
{"id": "fermi_000820", "topic": "fermi", "subtopic": "crowd_density", "prompt": "A plaza is about 70 m by 30 m, with roughly 4 people per square meter. About how many people are there?", "split": "test", "exact_value": 8400}
{"id": "fermi_000821", "topic": "fermi", "subtopic": "crowd_density", "prompt": "A plaza is about 50 m by 20 m, with roughly 2 people per square meter. About how many people are there?", "split": "test", "exact_value": 2000}
{"id": "fermi_000822", "topic": "fermi", "subtopic": "crowd_density", "prompt": "A plaza is about 50 m by 20 m, with roughly 4 people per square meter. About how many people are there?", "split": "test", "exact_value": 4000}
{"id": "fermi_000823", "topic": "fermi", "subtopic": "crowd_density", "prompt": "A plaza is about 50 m by 20 m, with roughly 3 people per square meter. About how many people are there?", "split": "test", "exact_value": 3000}
{"id": "fermi_000824", "topic": "fermi", "subtopic": "crowd_density", "prompt": "A plaza is about 30 m by 30 m, with roughly 2 people per square meter. About how many people are there?", "split": "test", "exact_value": 1800}
{"id": "fermi_000825", "topic": "fermi", "subtopic": "crowd_density", "prompt": "A plaza is about 50 m by 20 m, with roughly 3 people per square meter. About how many people are there?", "split": "test", "exact_value": 3000}
{"id": "fermi_000826", "topic": "fermi", "subtopic": "crowd_density", "prompt": "A plaza is about 50 m by 30 m, with roughly 4 people per square meter. About how many people are there?", "split": "test", "exact_value": 6000}
{"id": "fermi_000827", "topic": "fermi", "subtopic": "crowd_density", "prompt": "A plaza is about 50 m by 20 m, with roughly 2 people per square meter. About how many people are there?", "split": "test", "exact_value": 2000}
{"id": "fermi_000828", "topic": "fermi", "subtopic": "crowd_density", "prompt": "A plaza is about 30 m by 35 m, with roughly 1 people per square meter. About how many people are there?", "split": "test", "exact_value": 1050}
{"id": "fermi_000829", "topic": "fermi", "subtopic": "crowd_density", "prompt": "A plaza is about 60 m by 20 m, with roughly 1 people per square meter. About how many people are there?", "split": "test", "exact_value": 1200}
{"id": "fermi_000830", "topic": "fermi", "subtopic": "crowd_density", "prompt": "A plaza is about 70 m by 30 m, with roughly 4 people per square meter. About how many people are there?", "split": "test", "exact_value": 8400}
{"id": "fermi_000831", "topic": "fermi", "subtopic": "crowd_density", "prompt": "A plaza is about 40 m by 35 m, with roughly 2 people per square meter. About how many people are there?", "split": "test", "exact_value": 2800}
{"id": "fermi_000832", "topic": "fermi", "subtopic": "crowd_density", "prompt": "A plaza is about 50 m by 25 m, with roughly 1 people per square meter. About how many people are there?", "split": "test", "exact_value": 1250}
{"id": "fermi_000833", "topic": "fermi", "subtopic": "crowd_density", "prompt": "A plaza is about 40 m by 20 m, with roughly 3 people per square meter. About how many people are there?", "split": "test", "exact_value": 2400}
{"id": "fermi_000834", "topic": "fermi", "subtopic": "crowd_density", "prompt": "A plaza is about 70 m by 30 m, with roughly 4 people per square meter. About how many people are there?", "split": "test", "exact_value": 8400}
{"id": "fermi_000835", "topic": "fermi", "subtopic": "crowd_density", "prompt": "A plaza is about 50 m by 25 m, with roughly 3 people per square meter. About how many people are there?", "split": "test", "exact_value": 3750}
{"id": "fermi_000836", "topic": "fermi", "subtopic": "crowd_density", "prompt": "A plaza is about 50 m by 25 m, with roughly 1 people per square meter. About how many people are there?", "split": "test", "exact_value": 1250}
{"id": "fermi_000837", "topic": "fermi", "subtopic": "crowd_density", "prompt": "A plaza is about 50 m by 30 m, with roughly 1 people per square meter. About how many people are there?", "split": "test", "exact_value": 1500}
{"id": "fermi_000838", "topic": "fermi", "subtopic": "crowd_density", "prompt": "A plaza is about 30 m by 25 m, with roughly 2 people per square meter. About how many people are there?", "split": "test", "exact_value": 1500}
{"id": "fermi_000839", "topic": "fermi", "subtopic": "crowd_density", "prompt": "A plaza is about 30 m by 30 m, with roughly 1 people per square meter. About how many people are there?", "split": "test", "exact_value": 900}
{"id": "fermi_000840", "topic": "fermi", "subtopic": "crowd_density", "prompt": "A plaza is about 60 m by 35 m, with roughly 2 people per square meter. About how many people are there?", "split": "test", "exact_value": 4200}
{"id": "fermi_000841", "topic": "fermi", "subtopic": "crowd_density", "prompt": "A plaza is about 30 m by 30 m, with roughly 2 people per square meter. About how many people are there?", "split": "test", "exact_value": 1800}
{"id": "fermi_000842", "topic": "fermi", "subtopic": "crowd_density", "prompt": "A plaza is about 70 m by 20 m, with roughly 1 people per square meter. About how many people are there?", "split": "test", "exact_value": 1400}
{"id": "fermi_000843", "topic": "fermi", "subtopic": "crowd_density", "prompt": "A plaza is about 40 m by 30 m, with roughly 2 people per square meter. About how many people are there?", "split": "test", "exact_value": 2400}
{"id": "fermi_000844", "topic": "fermi", "subtopic": "crowd_density", "prompt": "A plaza is about 40 m by 25 m, with roughly 4 people per square meter. About how many people are there?", "split": "test", "exact_value": 4000}
{"id": "fermi_000845", "topic": "fermi", "subtopic": "crowd_density", "prompt": "A plaza is about 40 m by 20 m, with roughly 3 people per square meter. About how many people are there?", "split": "test", "exact_value": 2400}
{"id": "fermi_000846", "topic": "fermi", "subtopic": "crowd_density", "prompt": "A plaza is about 50 m by 30 m, with roughly 3 people per square meter. About how many people are there?", "split": "test", "exact_value": 4500}
{"id": "fermi_000847", "topic": "fermi", "subtopic": "crowd_density", "prompt": "A plaza is about 60 m by 25 m, with roughly 3 people per square meter. About how many people are there?", "split": "test", "exact_value": 4500}
{"id": "fermi_000848", "topic": "fermi", "subtopic": "crowd_density", "prompt": "A plaza is about 70 m by 35 m, with roughly 3 people per square meter. About how many people are there?", "split": "test", "exact_value": 7350}
{"id": "fermi_000849", "topic": "fermi", "subtopic": "crowd_density", "prompt": "A plaza is about 60 m by 30 m, with roughly 4 people per square meter. About how many people are there?", "split": "test", "exact_value": 7200}
{"id": "fermi_000850", "topic": "fermi", "subtopic": "crowd_density", "prompt": "A plaza is about 70 m by 25 m, with roughly 2 people per square meter. About how many people are there?", "split": "test", "exact_value": 3500}
{"id": "fermi_000851", "topic": "fermi", "subtopic": "crowd_density", "prompt": "A plaza is about 70 m by 25 m, with roughly 3 people per square meter. About how many people are there?", "split": "test", "exact_value": 5250}
{"id": "fermi_000852", "topic": "fermi", "subtopic": "crowd_density", "prompt": "A plaza is about 40 m by 20 m, with roughly 1 people per square meter. About how many people are there?", "split": "test", "exact_value": 800}
{"id": "fermi_000853", "topic": "fermi", "subtopic": "crowd_density", "prompt": "A plaza is about 70 m by 30 m, with roughly 1 people per square meter. About how many people are there?", "split": "test", "exact_value": 2100}
{"id": "fermi_000854", "topic": "fermi", "subtopic": "crowd_density", "prompt": "A plaza is about 70 m by 30 m, with roughly 4 people per square meter. About how many people are there?", "split": "test", "exact_value": 8400}
{"id": "fermi_000855", "topic": "fermi", "subtopic": "crowd_density", "prompt": "A plaza is about 70 m by 35 m, with roughly 2 people per square meter. About how many people are there?", "split": "test", "exact_value": 4900}
{"id": "fermi_000856", "topic": "fermi", "subtopic": "crowd_density", "prompt": "A plaza is about 70 m by 20 m, with roughly 3 people per square meter. About how many people are there?", "split": "test", "exact_value": 4200}
{"id": "fermi_000857", "topic": "fermi", "subtopic": "crowd_density", "prompt": "A plaza is about 60 m by 25 m, with roughly 2 people per square meter. About how many people are there?", "split": "test", "exact_value": 3000}
{"id": "fermi_000858", "topic": "fermi", "subtopic": "crowd_density", "prompt": "A plaza is about 70 m by 35 m, with roughly 2 people per square meter. About how many people are there?", "split": "test", "exact_value": 4900}
{"id": "fermi_000859", "topic": "fermi", "subtopic": "crowd_density", "prompt": "A plaza is about 30 m by 20 m, with roughly 4 people per square meter. About how many people are there?", "split": "test", "exact_value": 2400}
{"id": "fermi_000860", "topic": "fermi", "subtopic": "crowd_density", "prompt": "A plaza is about 50 m by 30 m, with roughly 4 people per square meter. About how many people are there?", "split": "test", "exact_value": 6000}
{"id": "fermi_000861", "topic": "fermi", "subtopic": "crowd_density", "prompt": "A plaza is about 30 m by 35 m, with roughly 3 people per square meter. About how many people are there?", "split": "test", "exact_value": 3150}
{"id": "fermi_000862", "topic": "fermi", "subtopic": "crowd_density", "prompt": "A plaza is about 50 m by 35 m, with roughly 2 people per square meter. About how many people are there?", "split": "test", "exact_value": 3500}
{"id": "fermi_000863", "topic": "fermi", "subtopic": "crowd_density", "prompt": "A plaza is about 50 m by 35 m, with roughly 4 people per square meter. About how many people are there?", "split": "test", "exact_value": 7000}
{"id": "fermi_000864", "topic": "fermi", "subtopic": "crowd_density", "prompt": "A plaza is about 30 m by 25 m, with roughly 2 people per square meter. About how many people are there?", "split": "test", "exact_value": 1500}
{"id": "fermi_000865", "topic": "fermi", "subtopic": "crowd_density", "prompt": "A plaza is about 60 m by 20 m, with roughly 4 people per square meter. About how many people are there?", "split": "test", "exact_value": 4800}
{"id": "fermi_000866", "topic": "fermi", "subtopic": "crowd_density", "prompt": "A plaza is about 50 m by 35 m, with roughly 3 people per square meter. About how many people are there?", "split": "test", "exact_value": 5250}
{"id": "fermi_000867", "topic": "fermi", "subtopic": "crowd_density", "prompt": "A plaza is about 30 m by 20 m, with roughly 2 people per square meter. About how many people are there?", "split": "test", "exact_value": 1200}
{"id": "fermi_000868", "topic": "fermi", "subtopic": "crowd_density", "prompt": "A plaza is about 30 m by 35 m, with roughly 3 people per square meter. About how many people are there?", "split": "test", "exact_value": 3150}
{"id": "fermi_000869", "topic": "fermi", "subtopic": "crowd_density", "prompt": "A plaza is about 40 m by 20 m, with roughly 3 people per square meter. About how many people are there?", "split": "test", "exact_value": 2400}
{"id": "fermi_000870", "topic": "fermi", "subtopic": "crowd_density", "prompt": "A plaza is about 60 m by 20 m, with roughly 4 people per square meter. About how many people are there?", "split": "test", "exact_value": 4800}
{"id": "fermi_000871", "topic": "fermi", "subtopic": "crowd_density", "prompt": "A plaza is about 50 m by 25 m, with roughly 1 people per square meter. About how many people are there?", "split": "test", "exact_value": 1250}
{"id": "fermi_000872", "topic": "fermi", "subtopic": "crowd_density", "prompt": "A plaza is about 60 m by 30 m, with roughly 3 people per square meter. About how many people are there?", "split": "test", "exact_value": 5400}
{"id": "fermi_000873", "topic": "fermi", "subtopic": "crowd_density", "prompt": "A plaza is about 60 m by 35 m, with roughly 2 people per square meter. About how many people are there?", "split": "test", "exact_value": 4200}
{"id": "fermi_000874", "topic": "fermi", "subtopic": "crowd_density", "prompt": "A plaza is about 70 m by 25 m, with roughly 1 people per square meter. About how many people are there?", "split": "test", "exact_value": 1750}
{"id": "fermi_000875", "topic": "fermi", "subtopic": "crowd_density", "prompt": "A plaza is about 40 m by 30 m, with roughly 3 people per square meter. About how many people are there?", "split": "test", "exact_value": 3600}
{"id": "fermi_000876", "topic": "fermi", "subtopic": "crowd_density", "prompt": "A plaza is about 50 m by 20 m, with roughly 4 people per square meter. About how many people are there?", "split": "test", "exact_value": 4000}
{"id": "fermi_000877", "topic": "fermi", "subtopic": "crowd_density", "prompt": "A plaza is about 40 m by 20 m, with roughly 4 people per square meter. About how many people are there?", "split": "test", "exact_value": 3200}
{"id": "fermi_000878", "topic": "fermi", "subtopic": "crowd_density", "prompt": "A plaza is about 30 m by 20 m, with roughly 1 people per square meter. About how many people are there?", "split": "test", "exact_value": 600}
{"id": "fermi_000879", "topic": "fermi", "subtopic": "crowd_density", "prompt": "A plaza is about 30 m by 25 m, with roughly 1 people per square meter. About how many people are there?", "split": "test", "exact_value": 750}
{"id": "fermi_000880", "topic": "fermi", "subtopic": "crowd_density", "prompt": "A plaza is about 40 m by 35 m, with roughly 4 people per square meter. About how many people are there?", "split": "test", "exact_value": 5600}
{"id": "fermi_000881", "topic": "fermi", "subtopic": "crowd_density", "prompt": "A plaza is about 40 m by 20 m, with roughly 4 people per square meter. About how many people are there?", "split": "test", "exact_value": 3200}
{"id": "fermi_000882", "topic": "fermi", "subtopic": "crowd_density", "prompt": "A plaza is about 70 m by 30 m, with roughly 2 people per square meter. About how many people are there?", "split": "test", "exact_value": 4200}
{"id": "fermi_000883", "topic": "fermi", "subtopic": "crowd_density", "prompt": "A plaza is about 60 m by 20 m, with roughly 4 people per square meter. About how many people are there?", "split": "test", "exact_value": 4800}
{"id": "fermi_000884", "topic": "fermi", "subtopic": "crowd_density", "prompt": "A plaza is about 60 m by 35 m, with roughly 3 people per square meter. About how many people are there?", "split": "test", "exact_value": 6300}
{"id": "fermi_000885", "topic": "fermi", "subtopic": "crowd_density", "prompt": "A plaza is about 60 m by 20 m, with roughly 1 people per square meter. About how many people are there?", "split": "test", "exact_value": 1200}
{"id": "fermi_000886", "topic": "fermi", "subtopic": "crowd_density", "prompt": "A plaza is about 60 m by 25 m, with roughly 3 people per square meter. About how many people are there?", "split": "test", "exact_value": 4500}
{"id": "fermi_000887", "topic": "fermi", "subtopic": "crowd_density", "prompt": "A plaza is about 40 m by 35 m, with roughly 3 people per square meter. About how many people are there?", "split": "test", "exact_value": 4200}
{"id": "fermi_000888", "topic": "fermi", "subtopic": "crowd_density", "prompt": "A plaza is about 60 m by 30 m, with roughly 2 people per square meter. About how many people are there?", "split": "test", "exact_value": 3600}
{"id": "fermi_000889", "topic": "fermi", "subtopic": "crowd_density", "prompt": "A plaza is about 30 m by 25 m, with roughly 1 people per square meter. About how many people are there?", "split": "test", "exact_value": 750}
{"id": "fermi_000890", "topic": "fermi", "subtopic": "crowd_density", "prompt": "A plaza is about 40 m by 20 m, with roughly 1 people per square meter. About how many people are there?", "split": "test", "exact_value": 800}
{"id": "fermi_000891", "topic": "fermi", "subtopic": "crowd_density", "prompt": "A plaza is about 30 m by 35 m, with roughly 1 people per square meter. About how many people are there?", "split": "test", "exact_value": 1050}
{"id": "fermi_000892", "topic": "fermi", "subtopic": "crowd_density", "prompt": "A plaza is about 70 m by 25 m, with roughly 2 people per square meter. About how many people are there?", "split": "test", "exact_value": 3500}
{"id": "fermi_000893", "topic": "fermi", "subtopic": "crowd_density", "prompt": "A plaza is about 30 m by 30 m, with roughly 2 people per square meter. About how many people are there?", "split": "test", "exact_value": 1800}
{"id": "fermi_000894", "topic": "fermi", "subtopic": "crowd_density", "prompt": "A plaza is about 70 m by 20 m, with roughly 1 people per square meter. About how many people are there?", "split": "test", "exact_value": 1400}
{"id": "fermi_000895", "topic": "fermi", "subtopic": "crowd_density", "prompt": "A plaza is about 60 m by 30 m, with roughly 1 people per square meter. About how many people are there?", "split": "test", "exact_value": 1800}
{"id": "fermi_000896", "topic": "fermi", "subtopic": "crowd_density", "prompt": "A plaza is about 60 m by 35 m, with roughly 3 people per square meter. About how many people are there?", "split": "test", "exact_value": 6300}
{"id": "fermi_000897", "topic": "fermi", "subtopic": "crowd_density", "prompt": "A plaza is about 40 m by 20 m, with roughly 4 people per square meter. About how many people are there?", "split": "test", "exact_value": 3200}
{"id": "fermi_000898", "topic": "fermi", "subtopic": "crowd_density", "prompt": "A plaza is about 30 m by 30 m, with roughly 2 people per square meter. About how many people are there?", "split": "test", "exact_value": 1800}
{"id": "fermi_000899", "topic": "fermi", "subtopic": "crowd_density", "prompt": "A plaza is about 70 m by 25 m, with roughly 1 people per square meter. About how many people are there?", "split": "test", "exact_value": 1750}
{"id": "fermi_000900", "topic": "fermi", "subtopic": "crowd_density", "prompt": "A plaza is about 60 m by 35 m, with roughly 2 people per square meter. About how many people are there?", "split": "test", "exact_value": 4200}
{"id": "fermi_000901", "topic": "fermi", "subtopic": "crowd_density", "prompt": "A plaza is about 40 m by 25 m, with roughly 3 people per square meter. About how many people are there?", "split": "test", "exact_value": 3000}
{"id": "fermi_000902", "topic": "fermi", "subtopic": "crowd_density", "prompt": "A plaza is about 60 m by 30 m, with roughly 3 people per square meter. About how many people are there?", "split": "test", "exact_value": 5400}
{"id": "fermi_000903", "topic": "fermi", "subtopic": "crowd_density", "prompt": "A plaza is about 60 m by 20 m, with roughly 1 people per square meter. About how many people are there?", "split": "test", "exact_value": 1200}
{"id": "fermi_000904", "topic": "fermi", "subtopic": "crowd_density", "prompt": "A plaza is about 60 m by 20 m, with roughly 4 people per square meter. About how many people are there?", "split": "test", "exact_value": 4800}
{"id": "fermi_000905", "topic": "fermi", "subtopic": "crowd_density", "prompt": "A plaza is about 30 m by 35 m, with roughly 4 people per square meter. About how many people are there?", "split": "test", "exact_value": 4200}
{"id": "fermi_000906", "topic": "fermi", "subtopic": "crowd_density", "prompt": "A plaza is about 40 m by 35 m, with roughly 4 people per square meter. About how many people are there?", "split": "test", "exact_value": 5600}
{"id": "fermi_000907", "topic": "fermi", "subtopic": "crowd_density", "prompt": "A plaza is about 70 m by 25 m, with roughly 1 people per square meter. About how many people are there?", "split": "test", "exact_value": 1750}
{"id": "fermi_000908", "topic": "fermi", "subtopic": "crowd_density", "prompt": "A plaza is about 50 m by 20 m, with roughly 1 people per square meter. About how many people are there?", "split": "test", "exact_value": 1000}
{"id": "fermi_000909", "topic": "fermi", "subtopic": "crowd_density", "prompt": "A plaza is about 30 m by 20 m, with roughly 4 people per square meter. About how many people are there?", "split": "test", "exact_value": 2400}
{"id": "fermi_000910", "topic": "fermi", "subtopic": "crowd_density", "prompt": "A plaza is about 40 m by 20 m, with roughly 3 people per square meter. About how many people are there?", "split": "test", "exact_value": 2400}
{"id": "fermi_000911", "topic": "fermi", "subtopic": "crowd_density", "prompt": "A plaza is about 60 m by 20 m, with roughly 1 people per square meter. About how many people are there?", "split": "test", "exact_value": 1200}
{"id": "fermi_000912", "topic": "fermi", "subtopic": "crowd_density", "prompt": "A plaza is about 30 m by 35 m, with roughly 1 people per square meter. About how many people are there?", "split": "test", "exact_value": 1050}
{"id": "fermi_000913", "topic": "fermi", "subtopic": "crowd_density", "prompt": "A plaza is about 50 m by 35 m, with roughly 3 people per square meter. About how many people are there?", "split": "test", "exact_value": 5250}
{"id": "fermi_000914", "topic": "fermi", "subtopic": "crowd_density", "prompt": "A plaza is about 60 m by 35 m, with roughly 3 people per square meter. About how many people are there?", "split": "test", "exact_value": 6300}
{"id": "fermi_000915", "topic": "fermi", "subtopic": "crowd_density", "prompt": "A plaza is about 70 m by 30 m, with roughly 4 people per square meter. About how many people are there?", "split": "test", "exact_value": 8400}
{"id": "fermi_000916", "topic": "fermi", "subtopic": "crowd_density", "prompt": "A plaza is about 50 m by 35 m, with roughly 1 people per square meter. About how many people are there?", "split": "test", "exact_value": 1750}
{"id": "fermi_000917", "topic": "fermi", "subtopic": "crowd_density", "prompt": "A plaza is about 40 m by 25 m, with roughly 4 people per square meter. About how many people are there?", "split": "test", "exact_value": 4000}
{"id": "fermi_000918", "topic": "fermi", "subtopic": "crowd_density", "prompt": "A plaza is about 60 m by 30 m, with roughly 3 people per square meter. About how many people are there?", "split": "test", "exact_value": 5400}
{"id": "fermi_000919", "topic": "fermi", "subtopic": "crowd_density", "prompt": "A plaza is about 60 m by 20 m, with roughly 1 people per square meter. About how many people are there?", "split": "test", "exact_value": 1200}
{"id": "fermi_000920", "topic": "fermi", "subtopic": "crowd_density", "prompt": "A plaza is about 70 m by 25 m, with roughly 4 people per square meter. About how many people are there?", "split": "test", "exact_value": 7000}
{"id": "fermi_000921", "topic": "fermi", "subtopic": "crowd_density", "prompt": "A plaza is about 70 m by 30 m, with roughly 4 people per square meter. About how many people are there?", "split": "test", "exact_value": 8400}
{"id": "fermi_000922", "topic": "fermi", "subtopic": "crowd_density", "prompt": "A plaza is about 50 m by 25 m, with roughly 2 people per square meter. About how many people are there?", "split": "test", "exact_value": 2500}
{"id": "fermi_000923", "topic": "fermi", "subtopic": "crowd_density", "prompt": "A plaza is about 30 m by 20 m, with roughly 3 people per square meter. About how many people are there?", "split": "test", "exact_value": 1800}
{"id": "fermi_000924", "topic": "fermi", "subtopic": "crowd_density", "prompt": "A plaza is about 50 m by 25 m, with roughly 2 people per square meter. About how many people are there?", "split": "test", "exact_value": 2500}
{"id": "fermi_000925", "topic": "fermi", "subtopic": "crowd_density", "prompt": "A plaza is about 50 m by 25 m, with roughly 1 people per square meter. About how many people are there?", "split": "test", "exact_value": 1250}
{"id": "fermi_000926", "topic": "fermi", "subtopic": "crowd_density", "prompt": "A plaza is about 50 m by 25 m, with roughly 1 people per square meter. About how many people are there?", "split": "test", "exact_value": 1250}
{"id": "fermi_000927", "topic": "fermi", "subtopic": "crowd_density", "prompt": "A plaza is about 60 m by 20 m, with roughly 1 people per square meter. About how many people are there?", "split": "test", "exact_value": 1200}
{"id": "fermi_000928", "topic": "fermi", "subtopic": "crowd_density", "prompt": "A plaza is about 30 m by 25 m, with roughly 4 people per square meter. About how many people are there?", "split": "test", "exact_value": 3000}
{"id": "fermi_000929", "topic": "fermi", "subtopic": "crowd_density", "prompt": "A plaza is about 60 m by 30 m, with roughly 3 people per square meter. About how many people are there?", "split": "test", "exact_value": 5400}
{"id": "fermi_000930", "topic": "fermi", "subtopic": "crowd_density", "prompt": "A plaza is about 50 m by 35 m, with roughly 3 people per square meter. About how many people are there?", "split": "test", "exact_value": 5250}
{"id": "fermi_000931", "topic": "fermi", "subtopic": "crowd_density", "prompt": "A plaza is about 40 m by 35 m, with roughly 3 people per square meter. About how many people are there?", "split": "test", "exact_value": 4200}
{"id": "fermi_000932", "topic": "fermi", "subtopic": "crowd_density", "prompt": "A plaza is about 30 m by 35 m, with roughly 2 people per square meter. About how many people are there?", "split": "test", "exact_value": 2100}
{"id": "fermi_000933", "topic": "fermi", "subtopic": "crowd_density", "prompt": "A plaza is about 70 m by 25 m, with roughly 3 people per square meter. About how many people are there?", "split": "test", "exact_value": 5250}
{"id": "fermi_000934", "topic": "fermi", "subtopic": "crowd_density", "prompt": "A plaza is about 30 m by 20 m, with roughly 4 people per square meter. About how many people are there?", "split": "test", "exact_value": 2400}
{"id": "fermi_000935", "topic": "fermi", "subtopic": "crowd_density", "prompt": "A plaza is about 40 m by 25 m, with roughly 1 people per square meter. About how many people are there?", "split": "test", "exact_value": 1000}
{"id": "fermi_000936", "topic": "fermi", "subtopic": "crowd_density", "prompt": "A plaza is about 40 m by 30 m, with roughly 2 people per square meter. About how many people are there?", "split": "test", "exact_value": 2400}
{"id": "fermi_000937", "topic": "fermi", "subtopic": "crowd_density", "prompt": "A plaza is about 30 m by 35 m, with roughly 2 people per square meter. About how many people are there?", "split": "test", "exact_value": 2100}
{"id": "fermi_000938", "topic": "fermi", "subtopic": "crowd_density", "prompt": "A plaza is about 60 m by 25 m, with roughly 2 people per square meter. About how many people are there?", "split": "test", "exact_value": 3000}
{"id": "fermi_000939", "topic": "fermi", "subtopic": "crowd_density", "prompt": "A plaza is about 30 m by 20 m, with roughly 3 people per square meter. About how many people are there?", "split": "test", "exact_value": 1800}
{"id": "fermi_000940", "topic": "fermi", "subtopic": "crowd_density", "prompt": "A plaza is about 70 m by 20 m, with roughly 4 people per square meter. About how many people are there?", "split": "test", "exact_value": 5600}
{"id": "fermi_000941", "topic": "fermi", "subtopic": "crowd_density", "prompt": "A plaza is about 30 m by 20 m, with roughly 2 people per square meter. About how many people are there?", "split": "test", "exact_value": 1200}
{"id": "fermi_000942", "topic": "fermi", "subtopic": "crowd_density", "prompt": "A plaza is about 50 m by 20 m, with roughly 3 people per square meter. About how many people are there?", "split": "test", "exact_value": 3000}
{"id": "fermi_000943", "topic": "fermi", "subtopic": "crowd_density", "prompt": "A plaza is about 50 m by 25 m, with roughly 1 people per square meter. About how many people are there?", "split": "test", "exact_value": 1250}
{"id": "fermi_000944", "topic": "fermi", "subtopic": "crowd_density", "prompt": "A plaza is about 60 m by 30 m, with roughly 4 people per square meter. About how many people are there?", "split": "test", "exact_value": 7200}
{"id": "fermi_000945", "topic": "fermi", "subtopic": "crowd_density", "prompt": "A plaza is about 60 m by 25 m, with roughly 1 people per square meter. About how many people are there?", "split": "test", "exact_value": 1500}
{"id": "fermi_000946", "topic": "fermi", "subtopic": "crowd_density", "prompt": "A plaza is about 30 m by 25 m, with roughly 4 people per square meter. About how many people are there?", "split": "test", "exact_value": 3000}
{"id": "fermi_000947", "topic": "fermi", "subtopic": "crowd_density", "prompt": "A plaza is about 30 m by 35 m, with roughly 1 people per square meter. About how many people are there?", "split": "test", "exact_value": 1050}
{"id": "fermi_000948", "topic": "fermi", "subtopic": "crowd_density", "prompt": "A plaza is about 30 m by 20 m, with roughly 4 people per square meter. About how many people are there?", "split": "test", "exact_value": 2400}
{"id": "fermi_000949", "topic": "fermi", "subtopic": "crowd_density", "prompt": "A plaza is about 60 m by 35 m, with roughly 2 people per square meter. About how many people are there?", "split": "test", "exact_value": 4200}
{"id": "fermi_000950", "topic": "fermi", "subtopic": "crowd_density", "prompt": "A plaza is about 50 m by 25 m, with roughly 1 people per square meter. About how many people are there?", "split": "test", "exact_value": 1250}
{"id": "fermi_000951", "topic": "fermi", "subtopic": "crowd_density", "prompt": "A plaza is about 50 m by 25 m, with roughly 4 people per square meter. About how many people are there?", "split": "test", "exact_value": 5000}
{"id": "fermi_000952", "topic": "fermi", "subtopic": "crowd_density", "prompt": "A plaza is about 60 m by 25 m, with roughly 4 people per square meter. About how many people are there?", "split": "test", "exact_value": 6000}
{"id": "fermi_000953", "topic": "fermi", "subtopic": "crowd_density", "prompt": "A plaza is about 30 m by 20 m, with roughly 1 people per square meter. About how many people are there?", "split": "test", "exact_value": 600}
{"id": "fermi_000954", "topic": "fermi", "subtopic": "crowd_density", "prompt": "A plaza is about 60 m by 20 m, with roughly 4 people per square meter. About how many people are there?", "split": "test", "exact_value": 4800}
{"id": "fermi_000955", "topic": "fermi", "subtopic": "crowd_density", "prompt": "A plaza is about 70 m by 35 m, with roughly 4 people per square meter. About how many people are there?", "split": "test", "exact_value": 9800}
{"id": "fermi_000956", "topic": "fermi", "subtopic": "crowd_density", "prompt": "A plaza is about 50 m by 35 m, with roughly 3 people per square meter. About how many people are there?", "split": "test", "exact_value": 5250}
{"id": "fermi_000957", "topic": "fermi", "subtopic": "crowd_density", "prompt": "A plaza is about 30 m by 30 m, with roughly 4 people per square meter. About how many people are there?", "split": "test", "exact_value": 3600}
{"id": "fermi_000958", "topic": "fermi", "subtopic": "crowd_density", "prompt": "A plaza is about 40 m by 30 m, with roughly 3 people per square meter. About how many people are there?", "split": "test", "exact_value": 3600}
{"id": "fermi_000959", "topic": "fermi", "subtopic": "crowd_density", "prompt": "A plaza is about 60 m by 30 m, with roughly 2 people per square meter. About how many people are there?", "split": "test", "exact_value": 3600}
{"id": "fermi_000960", "topic": "fermi", "subtopic": "crowd_density", "prompt": "A plaza is about 60 m by 30 m, with roughly 2 people per square meter. About how many people are there?", "split": "test", "exact_value": 3600}
{"id": "fermi_000961", "topic": "fermi", "subtopic": "crowd_density", "prompt": "A plaza is about 50 m by 25 m, with roughly 3 people per square meter. About how many people are there?", "split": "test", "exact_value": 3750}
{"id": "fermi_000962", "topic": "fermi", "subtopic": "crowd_density", "prompt": "A plaza is about 60 m by 35 m, with roughly 4 people per square meter. About how many people are there?", "split": "test", "exact_value": 8400}
{"id": "fermi_000963", "topic": "fermi", "subtopic": "crowd_density", "prompt": "A plaza is about 70 m by 35 m, with roughly 4 people per square meter. About how many people are there?", "split": "test", "exact_value": 9800}
{"id": "fermi_000964", "topic": "fermi", "subtopic": "crowd_density", "prompt": "A plaza is about 40 m by 30 m, with roughly 1 people per square meter. About how many people are there?", "split": "test", "exact_value": 1200}
{"id": "fermi_000965", "topic": "fermi", "subtopic": "crowd_density", "prompt": "A plaza is about 60 m by 35 m, with roughly 1 people per square meter. About how many people are there?", "split": "test", "exact_value": 2100}
{"id": "fermi_000966", "topic": "fermi", "subtopic": "crowd_density", "prompt": "A plaza is about 40 m by 25 m, with roughly 2 people per square meter. About how many people are there?", "split": "test", "exact_value": 2000}
{"id": "fermi_000967", "topic": "fermi", "subtopic": "crowd_density", "prompt": "A plaza is about 60 m by 20 m, with roughly 1 people per square meter. About how many people are there?", "split": "test", "exact_value": 1200}
{"id": "fermi_000968", "topic": "fermi", "subtopic": "crowd_density", "prompt": "A plaza is about 50 m by 20 m, with roughly 3 people per square meter. About how many people are there?", "split": "test", "exact_value": 3000}
{"id": "fermi_000969", "topic": "fermi", "subtopic": "crowd_density", "prompt": "A plaza is about 30 m by 35 m, with roughly 1 people per square meter. About how many people are there?", "split": "test", "exact_value": 1050}
{"id": "fermi_000970", "topic": "fermi", "subtopic": "crowd_density", "prompt": "A plaza is about 50 m by 20 m, with roughly 4 people per square meter. About how many people are there?", "split": "test", "exact_value": 4000}
{"id": "fermi_000971", "topic": "fermi", "subtopic": "crowd_density", "prompt": "A plaza is about 40 m by 25 m, with roughly 2 people per square meter. About how many people are there?", "split": "test", "exact_value": 2000}
{"id": "fermi_000972", "topic": "fermi", "subtopic": "crowd_density", "prompt": "A plaza is about 30 m by 30 m, with roughly 4 people per square meter. About how many people are there?", "split": "test", "exact_value": 3600}
{"id": "fermi_000973", "topic": "fermi", "subtopic": "crowd_density", "prompt": "A plaza is about 60 m by 25 m, with roughly 3 people per square meter. About how many people are there?", "split": "test", "exact_value": 4500}
{"id": "fermi_000974", "topic": "fermi", "subtopic": "crowd_density", "prompt": "A plaza is about 70 m by 35 m, with roughly 1 people per square meter. About how many people are there?", "split": "test", "exact_value": 2450}
{"id": "fermi_000975", "topic": "fermi", "subtopic": "crowd_density", "prompt": "A plaza is about 30 m by 30 m, with roughly 3 people per square meter. About how many people are there?", "split": "test", "exact_value": 2700}
{"id": "fermi_000976", "topic": "fermi", "subtopic": "crowd_density", "prompt": "A plaza is about 40 m by 25 m, with roughly 3 people per square meter. About how many people are there?", "split": "test", "exact_value": 3000}
{"id": "fermi_000977", "topic": "fermi", "subtopic": "crowd_density", "prompt": "A plaza is about 30 m by 35 m, with roughly 2 people per square meter. About how many people are there?", "split": "test", "exact_value": 2100}
{"id": "fermi_000978", "topic": "fermi", "subtopic": "crowd_density", "prompt": "A plaza is about 70 m by 20 m, with roughly 4 people per square meter. About how many people are there?", "split": "test", "exact_value": 5600}
{"id": "fermi_000979", "topic": "fermi", "subtopic": "crowd_density", "prompt": "A plaza is about 40 m by 20 m, with roughly 3 people per square meter. About how many people are there?", "split": "test", "exact_value": 2400}
{"id": "fermi_000980", "topic": "fermi", "subtopic": "crowd_density", "prompt": "A plaza is about 60 m by 35 m, with roughly 1 people per square meter. About how many people are there?", "split": "test", "exact_value": 2100}
{"id": "fermi_000981", "topic": "fermi", "subtopic": "crowd_density", "prompt": "A plaza is about 40 m by 20 m, with roughly 1 people per square meter. About how many people are there?", "split": "test", "exact_value": 800}
{"id": "fermi_000982", "topic": "fermi", "subtopic": "crowd_density", "prompt": "A plaza is about 50 m by 20 m, with roughly 2 people per square meter. About how many people are there?", "split": "test", "exact_value": 2000}
{"id": "fermi_000983", "topic": "fermi", "subtopic": "crowd_density", "prompt": "A plaza is about 50 m by 25 m, with roughly 3 people per square meter. About how many people are there?", "split": "test", "exact_value": 3750}
{"id": "fermi_000984", "topic": "fermi", "subtopic": "crowd_density", "prompt": "A plaza is about 70 m by 25 m, with roughly 4 people per square meter. About how many people are there?", "split": "test", "exact_value": 7000}
{"id": "fermi_000985", "topic": "fermi", "subtopic": "crowd_density", "prompt": "A plaza is about 40 m by 30 m, with roughly 4 people per square meter. About how many people are there?", "split": "test", "exact_value": 4800}
{"id": "fermi_000986", "topic": "fermi", "subtopic": "crowd_density", "prompt": "A plaza is about 70 m by 20 m, with roughly 4 people per square meter. About how many people are there?", "split": "test", "exact_value": 5600}
{"id": "fermi_000987", "topic": "fermi", "subtopic": "crowd_density", "prompt": "A plaza is about 60 m by 25 m, with roughly 3 people per square meter. About how many people are there?", "split": "test", "exact_value": 4500}
{"id": "fermi_000988", "topic": "fermi", "subtopic": "crowd_density", "prompt": "A plaza is about 60 m by 25 m, with roughly 3 people per square meter. About how many people are there?", "split": "test", "exact_value": 4500}
{"id": "fermi_000989", "topic": "fermi", "subtopic": "crowd_density", "prompt": "A plaza is about 50 m by 20 m, with roughly 4 people per square meter. About how many people are there?", "split": "test", "exact_value": 4000}
{"id": "fermi_000990", "topic": "fermi", "subtopic": "crowd_density", "prompt": "A plaza is about 60 m by 35 m, with roughly 2 people per square meter. About how many people are there?", "split": "test", "exact_value": 4200}
{"id": "fermi_000991", "topic": "fermi", "subtopic": "crowd_density", "prompt": "A plaza is about 30 m by 35 m, with roughly 3 people per square meter. About how many people are there?", "split": "test", "exact_value": 3150}
{"id": "fermi_000992", "topic": "fermi", "subtopic": "crowd_density", "prompt": "A plaza is about 40 m by 20 m, with roughly 4 people per square meter. About how many people are there?", "split": "test", "exact_value": 3200}
{"id": "fermi_000993", "topic": "fermi", "subtopic": "crowd_density", "prompt": "A plaza is about 50 m by 35 m, with roughly 3 people per square meter. About how many people are there?", "split": "test", "exact_value": 5250}
{"id": "fermi_000994", "topic": "fermi", "subtopic": "crowd_density", "prompt": "A plaza is about 40 m by 25 m, with roughly 2 people per square meter. About how many people are there?", "split": "test", "exact_value": 2000}
{"id": "fermi_000995", "topic": "fermi", "subtopic": "crowd_density", "prompt": "A plaza is about 60 m by 25 m, with roughly 3 people per square meter. About how many people are there?", "split": "test", "exact_value": 4500}
{"id": "fermi_000996", "topic": "fermi", "subtopic": "crowd_density", "prompt": "A plaza is about 70 m by 35 m, with roughly 1 people per square meter. About how many people are there?", "split": "test", "exact_value": 2450}
{"id": "fermi_000997", "topic": "fermi", "subtopic": "crowd_density", "prompt": "A plaza is about 70 m by 25 m, with roughly 3 people per square meter. About how many people are there?", "split": "test", "exact_value": 5250}
{"id": "fermi_000998", "topic": "fermi", "subtopic": "crowd_density", "prompt": "A plaza is about 30 m by 35 m, with roughly 2 people per square meter. About how many people are there?", "split": "test", "exact_value": 2100}
{"id": "fermi_000999", "topic": "fermi", "subtopic": "crowd_density", "prompt": "A plaza is about 70 m by 20 m, with roughly 3 people per square meter. About how many people are there?", "split": "test", "exact_value": 4200}
{"id": "fermi_001000", "topic": "fermi", "subtopic": "crowd_density", "prompt": "A plaza is about 50 m by 30 m, with roughly 2 people per square meter. About how many people are there?", "split": "test", "exact_value": 3000}
{"id": "fermi_001001", "topic": "fermi", "subtopic": "crowd_density", "prompt": "A plaza is about 60 m by 25 m, with roughly 4 people per square meter. About how many people are there?", "split": "test", "exact_value": 6000}
{"id": "fermi_001002", "topic": "fermi", "subtopic": "crowd_density", "prompt": "A plaza is about 60 m by 25 m, with roughly 2 people per square meter. About how many people are there?", "split": "test", "exact_value": 3000}
{"id": "fermi_001003", "topic": "fermi", "subtopic": "crowd_density", "prompt": "A plaza is about 30 m by 25 m, with roughly 3 people per square meter. About how many people are there?", "split": "test", "exact_value": 2250}
{"id": "fermi_001004", "topic": "fermi", "subtopic": "crowd_density", "prompt": "A plaza is about 70 m by 20 m, with roughly 2 people per square meter. About how many people are there?", "split": "test", "exact_value": 2800}
{"id": "fermi_001005", "topic": "fermi", "subtopic": "crowd_density", "prompt": "A plaza is about 70 m by 35 m, with roughly 4 people per square meter. About how many people are there?", "split": "test", "exact_value": 9800}
{"id": "fermi_001006", "topic": "fermi", "subtopic": "crowd_density", "prompt": "A plaza is about 60 m by 25 m, with roughly 3 people per square meter. About how many people are there?", "split": "test", "exact_value": 4500}
{"id": "fermi_001007", "topic": "fermi", "subtopic": "crowd_density", "prompt": "A plaza is about 30 m by 30 m, with roughly 1 people per square meter. About how many people are there?", "split": "test", "exact_value": 900}
{"id": "fermi_001008", "topic": "fermi", "subtopic": "crowd_density", "prompt": "A plaza is about 70 m by 35 m, with roughly 3 people per square meter. About how many people are there?", "split": "test", "exact_value": 7350}
{"id": "fermi_001009", "topic": "fermi", "subtopic": "crowd_density", "prompt": "A plaza is about 50 m by 35 m, with roughly 4 people per square meter. About how many people are there?", "split": "test", "exact_value": 7000}
{"id": "fermi_001010", "topic": "fermi", "subtopic": "crowd_density", "prompt": "A plaza is about 50 m by 25 m, with roughly 2 people per square meter. About how many people are there?", "split": "test", "exact_value": 2500}
{"id": "fermi_001011", "topic": "fermi", "subtopic": "crowd_density", "prompt": "A plaza is about 50 m by 35 m, with roughly 4 people per square meter. About how many people are there?", "split": "test", "exact_value": 7000}
{"id": "fermi_001012", "topic": "fermi", "subtopic": "crowd_density", "prompt": "A plaza is about 70 m by 30 m, with roughly 1 people per square meter. About how many people are there?", "split": "test", "exact_value": 2100}
{"id": "fermi_001013", "topic": "fermi", "subtopic": "crowd_density", "prompt": "A plaza is about 60 m by 25 m, with roughly 1 people per square meter. About how many people are there?", "split": "test", "exact_value": 1500}
{"id": "fermi_001014", "topic": "fermi", "subtopic": "crowd_density", "prompt": "A plaza is about 60 m by 30 m, with roughly 1 people per square meter. About how many people are there?", "split": "test", "exact_value": 1800}
{"id": "fermi_001015", "topic": "fermi", "subtopic": "crowd_density", "prompt": "A plaza is about 60 m by 20 m, with roughly 2 people per square meter. About how many people are there?", "split": "test", "exact_value": 2400}
{"id": "fermi_001016", "topic": "fermi", "subtopic": "crowd_density", "prompt": "A plaza is about 50 m by 25 m, with roughly 3 people per square meter. About how many people are there?", "split": "test", "exact_value": 3750}
{"id": "fermi_001017", "topic": "fermi", "subtopic": "crowd_density", "prompt": "A plaza is about 50 m by 30 m, with roughly 4 people per square meter. About how many people are there?", "split": "test", "exact_value": 6000}
{"id": "fermi_001018", "topic": "fermi", "subtopic": "crowd_density", "prompt": "A plaza is about 30 m by 30 m, with roughly 1 people per square meter. About how many people are there?", "split": "test", "exact_value": 900}
{"id": "fermi_001019", "topic": "fermi", "subtopic": "crowd_density", "prompt": "A plaza is about 30 m by 30 m, with roughly 4 people per square meter. About how many people are there?", "split": "test", "exact_value": 3600}
{"id": "fermi_001020", "topic": "fermi", "subtopic": "crowd_density", "prompt": "A plaza is about 50 m by 30 m, with roughly 1 people per square meter. About how many people are there?", "split": "test", "exact_value": 1500}
{"id": "fermi_001021", "topic": "fermi", "subtopic": "crowd_density", "prompt": "A plaza is about 60 m by 35 m, with roughly 4 people per square meter. About how many people are there?", "split": "test", "exact_value": 8400}
{"id": "fermi_001022", "topic": "fermi", "subtopic": "crowd_density", "prompt": "A plaza is about 50 m by 35 m, with roughly 3 people per square meter. About how many people are there?", "split": "test", "exact_value": 5250}
{"id": "fermi_001023", "topic": "fermi", "subtopic": "crowd_density", "prompt": "A plaza is about 30 m by 25 m, with roughly 2 people per square meter. About how many people are there?", "split": "test", "exact_value": 1500}
{"id": "fermi_001024", "topic": "fermi", "subtopic": "crowd_density", "prompt": "A plaza is about 30 m by 25 m, with roughly 4 people per square meter. About how many people are there?", "split": "test", "exact_value": 3000}
{"id": "fermi_001025", "topic": "fermi", "subtopic": "crowd_density", "prompt": "A plaza is about 60 m by 20 m, with roughly 4 people per square meter. About how many people are there?", "split": "test", "exact_value": 4800}
{"id": "fermi_001026", "topic": "fermi", "subtopic": "crowd_density", "prompt": "A plaza is about 70 m by 25 m, with roughly 2 people per square meter. About how many people are there?", "split": "test", "exact_value": 3500}
{"id": "fermi_001027", "topic": "fermi", "subtopic": "crowd_density", "prompt": "A plaza is about 50 m by 30 m, with roughly 2 people per square meter. About how many people are there?", "split": "test", "exact_value": 3000}
{"id": "fermi_001028", "topic": "fermi", "subtopic": "crowd_density", "prompt": "A plaza is about 40 m by 30 m, with roughly 3 people per square meter. About how many people are there?", "split": "test", "exact_value": 3600}
{"id": "fermi_001029", "topic": "fermi", "subtopic": "crowd_density", "prompt": "A plaza is about 40 m by 30 m, with roughly 1 people per square meter. About how many people are there?", "split": "test", "exact_value": 1200}
{"id": "fermi_001030", "topic": "fermi", "subtopic": "crowd_density", "prompt": "A plaza is about 60 m by 20 m, with roughly 2 people per square meter. About how many people are there?", "split": "test", "exact_value": 2400}
{"id": "fermi_001031", "topic": "fermi", "subtopic": "crowd_density", "prompt": "A plaza is about 50 m by 25 m, with roughly 3 people per square meter. About how many people are there?", "split": "test", "exact_value": 3750}
{"id": "fermi_001032", "topic": "fermi", "subtopic": "crowd_density", "prompt": "A plaza is about 30 m by 35 m, with roughly 4 people per square meter. About how many people are there?", "split": "test", "exact_value": 4200}
{"id": "fermi_001033", "topic": "fermi", "subtopic": "crowd_density", "prompt": "A plaza is about 50 m by 30 m, with roughly 4 people per square meter. About how many people are there?", "split": "test", "exact_value": 6000}
{"id": "fermi_001034", "topic": "fermi", "subtopic": "crowd_density", "prompt": "A plaza is about 30 m by 30 m, with roughly 1 people per square meter. About how many people are there?", "split": "test", "exact_value": 900}
{"id": "fermi_001035", "topic": "fermi", "subtopic": "crowd_density", "prompt": "A plaza is about 30 m by 20 m, with roughly 1 people per square meter. About how many people are there?", "split": "test", "exact_value": 600}
{"id": "fermi_001036", "topic": "fermi", "subtopic": "crowd_density", "prompt": "A plaza is about 30 m by 30 m, with roughly 4 people per square meter. About how many people are there?", "split": "test", "exact_value": 3600}
{"id": "fermi_001037", "topic": "fermi", "subtopic": "crowd_density", "prompt": "A plaza is about 40 m by 20 m, with roughly 2 people per square meter. About how many people are there?", "split": "test", "exact_value": 1600}
{"id": "fermi_001038", "topic": "fermi", "subtopic": "crowd_density", "prompt": "A plaza is about 70 m by 25 m, with roughly 3 people per square meter. About how many people are there?", "split": "test", "exact_value": 5250}
{"id": "fermi_001039", "topic": "fermi", "subtopic": "crowd_density", "prompt": "A plaza is about 70 m by 30 m, with roughly 3 people per square meter. About how many people are there?", "split": "test", "exact_value": 6300}
{"id": "fermi_001040", "topic": "fermi", "subtopic": "crowd_density", "prompt": "A plaza is about 70 m by 20 m, with roughly 1 people per square meter. About how many people are there?", "split": "test", "exact_value": 1400}
{"id": "fermi_001041", "topic": "fermi", "subtopic": "crowd_density", "prompt": "A plaza is about 40 m by 35 m, with roughly 4 people per square meter. About how many people are there?", "split": "test", "exact_value": 5600}
{"id": "fermi_001042", "topic": "fermi", "subtopic": "crowd_density", "prompt": "A plaza is about 30 m by 25 m, with roughly 4 people per square meter. About how many people are there?", "split": "test", "exact_value": 3000}
{"id": "fermi_001043", "topic": "fermi", "subtopic": "crowd_density", "prompt": "A plaza is about 60 m by 20 m, with roughly 3 people per square meter. About how many people are there?", "split": "test", "exact_value": 3600}
{"id": "fermi_001044", "topic": "fermi", "subtopic": "crowd_density", "prompt": "A plaza is about 60 m by 30 m, with roughly 2 people per square meter. About how many people are there?", "split": "test", "exact_value": 3600}
{"id": "fermi_001045", "topic": "fermi", "subtopic": "crowd_density", "prompt": "A plaza is about 70 m by 20 m, with roughly 1 people per square meter. About how many people are there?", "split": "test", "exact_value": 1400}
{"id": "fermi_001046", "topic": "fermi", "subtopic": "crowd_density", "prompt": "A plaza is about 60 m by 30 m, with roughly 3 people per square meter. About how many people are there?", "split": "test", "exact_value": 5400}
{"id": "fermi_001047", "topic": "fermi", "subtopic": "crowd_density", "prompt": "A plaza is about 60 m by 30 m, with roughly 1 people per square meter. About how many people are there?", "split": "test", "exact_value": 1800}
{"id": "fermi_001048", "topic": "fermi", "subtopic": "crowd_density", "prompt": "A plaza is about 70 m by 20 m, with roughly 2 people per square meter. About how many people are there?", "split": "test", "exact_value": 2800}
{"id": "fermi_001049", "topic": "fermi", "subtopic": "crowd_density", "prompt": "A plaza is about 30 m by 25 m, with roughly 2 people per square meter. About how many people are there?", "split": "test", "exact_value": 1500}
{"id": "fermi_001050", "topic": "fermi", "subtopic": "crowd_density", "prompt": "A plaza is about 70 m by 20 m, with roughly 4 people per square meter. About how many people are there?", "split": "test", "exact_value": 5600}
{"id": "fermi_001051", "topic": "fermi", "subtopic": "crowd_density", "prompt": "A plaza is about 50 m by 20 m, with roughly 4 people per square meter. About how many people are there?", "split": "test", "exact_value": 4000}
{"id": "fermi_001052", "topic": "fermi", "subtopic": "crowd_density", "prompt": "A plaza is about 50 m by 30 m, with roughly 1 people per square meter. About how many people are there?", "split": "test", "exact_value": 1500}
{"id": "fermi_001053", "topic": "fermi", "subtopic": "crowd_density", "prompt": "A plaza is about 40 m by 25 m, with roughly 4 people per square meter. About how many people are there?", "split": "test", "exact_value": 4000}
{"id": "fermi_001054", "topic": "fermi", "subtopic": "crowd_density", "prompt": "A plaza is about 60 m by 30 m, with roughly 3 people per square meter. About how many people are there?", "split": "test", "exact_value": 5400}
{"id": "fermi_001055", "topic": "fermi", "subtopic": "crowd_density", "prompt": "A plaza is about 40 m by 35 m, with roughly 3 people per square meter. About how many people are there?", "split": "test", "exact_value": 4200}
{"id": "fermi_001056", "topic": "fermi", "subtopic": "crowd_density", "prompt": "A plaza is about 70 m by 35 m, with roughly 2 people per square meter. About how many people are there?", "split": "test", "exact_value": 4900}
{"id": "fermi_001057", "topic": "fermi", "subtopic": "crowd_density", "prompt": "A plaza is about 70 m by 20 m, with roughly 2 people per square meter. About how many people are there?", "split": "test", "exact_value": 2800}
{"id": "fermi_001058", "topic": "fermi", "subtopic": "crowd_density", "prompt": "A plaza is about 40 m by 35 m, with roughly 3 people per square meter. About how many people are there?", "split": "test", "exact_value": 4200}
{"id": "fermi_001059", "topic": "fermi", "subtopic": "crowd_density", "prompt": "A plaza is about 60 m by 25 m, with roughly 4 people per square meter. About how many people are there?", "split": "test", "exact_value": 6000}
{"id": "fermi_001060", "topic": "fermi", "subtopic": "crowd_density", "prompt": "A plaza is about 30 m by 20 m, with roughly 1 people per square meter. About how many people are there?", "split": "test", "exact_value": 600}
{"id": "fermi_001061", "topic": "fermi", "subtopic": "crowd_density", "prompt": "A plaza is about 50 m by 20 m, with roughly 1 people per square meter. About how many people are there?", "split": "test", "exact_value": 1000}
{"id": "fermi_001062", "topic": "fermi", "subtopic": "crowd_density", "prompt": "A plaza is about 70 m by 20 m, with roughly 1 people per square meter. About how many people are there?", "split": "test", "exact_value": 1400}
{"id": "fermi_001063", "topic": "fermi", "subtopic": "crowd_density", "prompt": "A plaza is about 40 m by 20 m, with roughly 1 people per square meter. About how many people are there?", "split": "test", "exact_value": 800}
{"id": "fermi_001064", "topic": "fermi", "subtopic": "crowd_density", "prompt": "A plaza is about 50 m by 25 m, with roughly 4 people per square meter. About how many people are there?", "split": "test", "exact_value": 5000}
{"id": "fermi_001065", "topic": "fermi", "subtopic": "crowd_density", "prompt": "A plaza is about 70 m by 25 m, with roughly 4 people per square meter. About how many people are there?", "split": "test", "exact_value": 7000}
{"id": "fermi_001066", "topic": "fermi", "subtopic": "crowd_density", "prompt": "A plaza is about 70 m by 35 m, with roughly 2 people per square meter. About how many people are there?", "split": "test", "exact_value": 4900}
{"id": "fermi_001067", "topic": "fermi", "subtopic": "crowd_density", "prompt": "A plaza is about 40 m by 20 m, with roughly 2 people per square meter. About how many people are there?", "split": "test", "exact_value": 1600}
{"id": "fermi_001068", "topic": "fermi", "subtopic": "crowd_density", "prompt": "A plaza is about 30 m by 35 m, with roughly 1 people per square meter. About how many people are there?", "split": "test", "exact_value": 1050}
{"id": "fermi_001069", "topic": "fermi", "subtopic": "crowd_density", "prompt": "A plaza is about 30 m by 20 m, with roughly 4 people per square meter. About how many people are there?", "split": "test", "exact_value": 2400}
{"id": "fermi_001070", "topic": "fermi", "subtopic": "crowd_density", "prompt": "A plaza is about 70 m by 25 m, with roughly 2 people per square meter. About how many people are there?", "split": "test", "exact_value": 3500}
{"id": "fermi_001071", "topic": "fermi", "subtopic": "crowd_density", "prompt": "A plaza is about 40 m by 35 m, with roughly 4 people per square meter. About how many people are there?", "split": "test", "exact_value": 5600}
{"id": "travel_time_000097", "topic": "travel_time", "subtopic": "drive_time", "prompt": "You need to travel about 227 miles at around 55 mph. About how many hours will it take?", "split": "test", "exact_value": 4.127272727272727}
{"id": "travel_time_000098", "topic": "travel_time", "subtopic": "drive_time", "prompt": "You need to travel about 44 miles at around 45 mph. About how many hours will it take?", "split": "test", "exact_value": 0.9844444444444443}
{"id": "travel_time_000099", "topic": "travel_time", "subtopic": "drive_time", "prompt": "You need to travel about 68 miles at around 45 mph. About how many hours will it take?", "split": "test", "exact_value": 1.5155555555555555}
{"id": "travel_time_000100", "topic": "travel_time", "subtopic": "drive_time", "prompt": "You need to travel about 205 miles at around 25 mph. About how many hours will it take?", "split": "test", "exact_value": 8.2}
{"id": "travel_time_000101", "topic": "travel_time", "subtopic": "drive_time", "prompt": "You need to travel about 234 miles at around 65 mph. About how many hours will it take?", "split": "test", "exact_value": 3.6046153846153848}
{"id": "travel_time_000102", "topic": "travel_time", "subtopic": "drive_time", "prompt": "You need to travel about 19 miles at around 25 mph. About how many hours will it take?", "split": "test", "exact_value": 0.76}
{"id": "travel_time_000103", "topic": "travel_time", "subtopic": "drive_time", "prompt": "You need to travel about 202 miles at around 35 mph. About how many hours will it take?", "split": "test", "exact_value": 5.771428571428571}
{"id": "travel_time_000104", "topic": "travel_time", "subtopic": "drive_time", "prompt": "You need to travel about 112 miles at around 35 mph. About how many hours will it take?", "split": "test", "exact_value": 3.1942857142857144}
{"id": "travel_time_000105", "topic": "travel_time", "subtopic": "drive_time", "prompt": "You need to travel about 151 miles at around 35 mph. About how many hours will it take?", "split": "test", "exact_value": 4.3028571428571425}
{"id": "travel_time_000106", "topic": "travel_time", "subtopic": "drive_time", "prompt": "You need to travel about 200 miles at around 65 mph. About how many hours will it take?", "split": "test", "exact_value": 3.0846153846153848}
{"id": "travel_time_000107", "topic": "travel_time", "subtopic": "drive_time", "prompt": "You need to travel about 77 miles at around 35 mph. About how many hours will it take?", "split": "test", "exact_value": 2.2114285714285717}
{"id": "travel_time_000108", "topic": "travel_time", "subtopic": "drive_time", "prompt": "You need to travel about 161 miles at around 55 mph. About how many hours will it take?", "split": "test", "exact_value": 2.92}
{"id": "travel_time_000109", "topic": "travel_time", "subtopic": "drive_time", "prompt": "You need to travel about 56 miles at around 65 mph. About how many hours will it take?", "split": "test", "exact_value": 0.86}
{"id": "travel_time_000110", "topic": "travel_time", "subtopic": "drive_time", "prompt": "You need to travel about 186 miles at around 35 mph. About how many hours will it take?", "split": "test", "exact_value": 5.305714285714285}
{"id": "travel_time_000111", "topic": "travel_time", "subtopic": "drive_time", "prompt": "You need to travel about 77 miles at around 35 mph. About how many hours will it take?", "split": "test", "exact_value": 2.2}
{"id": "travel_time_000112", "topic": "travel_time", "subtopic": "drive_time", "prompt": "You need to travel about 170 miles at around 55 mph. About how many hours will it take?", "split": "test", "exact_value": 3.0963636363636367}
{"id": "travel_time_000113", "topic": "travel_time", "subtopic": "drive_time", "prompt": "You need to travel about 52 miles at around 65 mph. About how many hours will it take?", "split": "test", "exact_value": 0.8015384615384615}
{"id": "travel_time_000114", "topic": "travel_time", "subtopic": "drive_time", "prompt": "You need to travel about 186 miles at around 65 mph. About how many hours will it take?", "split": "test", "exact_value": 2.8661538461538463}
{"id": "travel_time_000115", "topic": "travel_time", "subtopic": "drive_time", "prompt": "You need to travel about 120 miles at around 45 mph. About how many hours will it take?", "split": "test", "exact_value": 2.6555555555555554}
{"id": "travel_time_000116", "topic": "travel_time", "subtopic": "drive_time", "prompt": "You need to travel about 150 miles at around 45 mph. About how many hours will it take?", "split": "test", "exact_value": 3.326666666666666}
{"id": "travel_time_000117", "topic": "travel_time", "subtopic": "drive_time", "prompt": "You need to travel about 148 miles at around 25 mph. About how many hours will it take?", "split": "test", "exact_value": 5.9239999999999995}
{"id": "travel_time_000118", "topic": "travel_time", "subtopic": "drive_time", "prompt": "You need to travel about 148 miles at around 35 mph. About how many hours will it take?", "split": "test", "exact_value": 4.234285714285714}
{"id": "travel_time_000119", "topic": "travel_time", "subtopic": "drive_time", "prompt": "You need to travel about 226 miles at around 45 mph. About how many hours will it take?", "split": "test", "exact_value": 5.0200000000000005}
{"id": "travel_time_000120", "topic": "travel_time", "subtopic": "drive_time", "prompt": "You need to travel about 90 miles at around 65 mph. About how many hours will it take?", "split": "test", "exact_value": 1.3907692307692308}
{"id": "travel_time_000121", "topic": "travel_time", "subtopic": "drive_time", "prompt": "You need to travel about 124 miles at around 55 mph. About how many hours will it take?", "split": "test", "exact_value": 2.2454545454545456}
{"id": "travel_time_000122", "topic": "travel_time", "subtopic": "drive_time", "prompt": "You need to travel about 204 miles at around 35 mph. About how many hours will it take?", "split": "test", "exact_value": 5.817142857142857}
{"id": "travel_time_000123", "topic": "travel_time", "subtopic": "drive_time", "prompt": "You need to travel about 215 miles at around 35 mph. About how many hours will it take?", "split": "test", "exact_value": 6.134285714285714}
{"id": "travel_time_000124", "topic": "travel_time", "subtopic": "drive_time", "prompt": "You need to travel about 67 miles at around 35 mph. About how many hours will it take?", "split": "test", "exact_value": 1.9057142857142857}
{"id": "travel_time_000125", "topic": "travel_time", "subtopic": "drive_time", "prompt": "You need to travel about 157 miles at around 65 mph. About how many hours will it take?", "split": "test", "exact_value": 2.418461538461538}
{"id": "travel_time_000126", "topic": "travel_time", "subtopic": "drive_time", "prompt": "You need to travel about 28 miles at around 55 mph. About how many hours will it take?", "split": "test", "exact_value": 0.5072727272727272}
{"id": "travel_time_000127", "topic": "travel_time", "subtopic": "drive_time", "prompt": "You need to travel about 24 miles at around 65 mph. About how many hours will it take?", "split": "test", "exact_value": 0.3723076923076923}
{"id": "travel_time_000128", "topic": "travel_time", "subtopic": "drive_time", "prompt": "You need to travel about 11 miles at around 45 mph. About how many hours will it take?", "split": "test", "exact_value": 0.2511111111111111}
{"id": "travel_time_000129", "topic": "travel_time", "subtopic": "drive_time", "prompt": "You need to travel about 231 miles at around 65 mph. About how many hours will it take?", "split": "test", "exact_value": 3.5476923076923077}
{"id": "travel_time_000130", "topic": "travel_time", "subtopic": "drive_time", "prompt": "You need to travel about 120 miles at around 35 mph. About how many hours will it take?", "split": "test", "exact_value": 3.42}
{"id": "travel_time_000131", "topic": "travel_time", "subtopic": "drive_time", "prompt": "You need to travel about 9 miles at around 35 mph. About how many hours will it take?", "split": "test", "exact_value": 0.26857142857142857}
{"id": "travel_time_000132", "topic": "travel_time", "subtopic": "drive_time", "prompt": "You need to travel about 143 miles at around 25 mph. About how many hours will it take?", "split": "test", "exact_value": 5.716}
{"id": "travel_time_000133", "topic": "travel_time", "subtopic": "drive_time", "prompt": "You need to travel about 69 miles at around 65 mph. About how many hours will it take?", "split": "test", "exact_value": 1.06}
{"id": "travel_time_000134", "topic": "travel_time", "subtopic": "drive_time", "prompt": "You need to travel about 146 miles at around 25 mph. About how many hours will it take?", "split": "test", "exact_value": 5.852}
{"id": "travel_time_000135", "topic": "travel_time", "subtopic": "drive_time", "prompt": "You need to travel about 236 miles at around 65 mph. About how many hours will it take?", "split": "test", "exact_value": 3.623076923076923}
{"id": "travel_time_000136", "topic": "travel_time", "subtopic": "drive_time", "prompt": "You need to travel about 75 miles at around 55 mph. About how many hours will it take?", "split": "test", "exact_value": 1.3618181818181818}
{"id": "travel_time_000137", "topic": "travel_time", "subtopic": "drive_time", "prompt": "You need to travel about 115 miles at around 45 mph. About how many hours will it take?", "split": "test", "exact_value": 2.5555555555555554}
{"id": "travel_time_000138", "topic": "travel_time", "subtopic": "drive_time", "prompt": "You need to travel about 152 miles at around 35 mph. About how many hours will it take?", "split": "test", "exact_value": 4.354285714285714}
{"id": "travel_time_000139", "topic": "travel_time", "subtopic": "drive_time", "prompt": "You need to travel about 158 miles at around 35 mph. About how many hours will it take?", "split": "test", "exact_value": 4.52}
{"id": "travel_time_000140", "topic": "travel_time", "subtopic": "drive_time", "prompt": "You need to travel about 114 miles at around 65 mph. About how many hours will it take?", "split": "test", "exact_value": 1.7553846153846153}
{"id": "travel_time_000141", "topic": "travel_time", "subtopic": "drive_time", "prompt": "You need to travel about 150 miles at around 25 mph. About how many hours will it take?", "split": "test", "exact_value": 5.984}
{"id": "travel_time_000142", "topic": "travel_time", "subtopic": "drive_time", "prompt": "You need to travel about 70 miles at around 45 mph. About how many hours will it take?", "split": "test", "exact_value": 1.5466666666666666}
{"id": "travel_time_000143", "topic": "travel_time", "subtopic": "drive_time", "prompt": "You need to travel about 222 miles at around 25 mph. About how many hours will it take?", "split": "test", "exact_value": 8.868}
{"id": "travel_time_000144", "topic": "travel_time", "subtopic": "drive_time", "prompt": "You need to travel about 195 miles at around 65 mph. About how many hours will it take?", "split": "test", "exact_value": 3.0046153846153847}
{"id": "travel_time_000145", "topic": "travel_time", "subtopic": "drive_time", "prompt": "You need to travel about 229 miles at around 25 mph. About how many hours will it take?", "split": "test", "exact_value": 9.152000000000001}
{"id": "travel_time_000146", "topic": "travel_time", "subtopic": "drive_time", "prompt": "You need to travel about 116 miles at around 35 mph. About how many hours will it take?", "split": "test", "exact_value": 3.3200000000000003}
{"id": "travel_time_000147", "topic": "travel_time", "subtopic": "drive_time", "prompt": "You need to travel about 126 miles at around 45 mph. About how many hours will it take?", "split": "test", "exact_value": 2.791111111111111}
{"id": "travel_time_000148", "topic": "travel_time", "subtopic": "drive_time", "prompt": "You need to travel about 189 miles at around 45 mph. About how many hours will it take?", "split": "test", "exact_value": 4.202222222222222}
{"id": "travel_time_000149", "topic": "travel_time", "subtopic": "drive_time", "prompt": "You need to travel about 131 miles at around 55 mph. About how many hours will it take?", "split": "test", "exact_value": 2.381818181818182}
{"id": "travel_time_000150", "topic": "travel_time", "subtopic": "drive_time", "prompt": "You need to travel about 69 miles at around 45 mph. About how many hours will it take?", "split": "test", "exact_value": 1.5244444444444443}
{"id": "travel_time_000151", "topic": "travel_time", "subtopic": "drive_time", "prompt": "You need to travel about 15 miles at around 25 mph. About how many hours will it take?", "split": "test", "exact_value": 0.604}
{"id": "travel_time_000152", "topic": "travel_time", "subtopic": "drive_time", "prompt": "You need to travel about 140 miles at around 35 mph. About how many hours will it take?", "split": "test", "exact_value": 4.011428571428572}
{"id": "travel_time_000153", "topic": "travel_time", "subtopic": "drive_time", "prompt": "You need to travel about 104 miles at around 65 mph. About how many hours will it take?", "split": "test", "exact_value": 1.5984615384615386}
{"id": "travel_time_000154", "topic": "travel_time", "subtopic": "drive_time", "prompt": "You need to travel about 219 miles at around 65 mph. About how many hours will it take?", "split": "test", "exact_value": 3.3723076923076922}
{"id": "travel_time_000155", "topic": "travel_time", "subtopic": "drive_time", "prompt": "You need to travel about 233 miles at around 45 mph. About how many hours will it take?", "split": "test", "exact_value": 5.177777777777778}
{"id": "travel_time_000156", "topic": "travel_time", "subtopic": "drive_time", "prompt": "You need to travel about 178 miles at around 25 mph. About how many hours will it take?", "split": "test", "exact_value": 7.108}
{"id": "travel_time_000157", "topic": "travel_time", "subtopic": "drive_time", "prompt": "You need to travel about 235 miles at around 55 mph. About how many hours will it take?", "split": "test", "exact_value": 4.278181818181818}
{"id": "travel_time_000158", "topic": "travel_time", "subtopic": "drive_time", "prompt": "You need to travel about 159 miles at around 25 mph. About how many hours will it take?", "split": "test", "exact_value": 6.372000000000001}
{"id": "travel_time_000159", "topic": "travel_time", "subtopic": "drive_time", "prompt": "You need to travel about 200 miles at around 65 mph. About how many hours will it take?", "split": "test", "exact_value": 3.0707692307692307}
{"id": "travel_time_000160", "topic": "travel_time", "subtopic": "drive_time", "prompt": "You need to travel about 155 miles at around 25 mph. About how many hours will it take?", "split": "test", "exact_value": 6.196000000000001}
{"id": "travel_time_000161", "topic": "travel_time", "subtopic": "drive_time", "prompt": "You need to travel about 88 miles at around 25 mph. About how many hours will it take?", "split": "test", "exact_value": 3.54}
{"id": "travel_time_000162", "topic": "travel_time", "subtopic": "drive_time", "prompt": "You need to travel about 24 miles at around 55 mph. About how many hours will it take?", "split": "test", "exact_value": 0.4345454545454545}
{"id": "travel_time_000163", "topic": "travel_time", "subtopic": "drive_time", "prompt": "You need to travel about 72 miles at around 35 mph. About how many hours will it take?", "split": "test", "exact_value": 2.057142857142857}
{"id": "travel_time_000164", "topic": "travel_time", "subtopic": "drive_time", "prompt": "You need to travel about 232 miles at around 45 mph. About how many hours will it take?", "split": "test", "exact_value": 5.1466666666666665}
{"id": "travel_time_000165", "topic": "travel_time", "subtopic": "drive_time", "prompt": "You need to travel about 110 miles at around 35 mph. About how many hours will it take?", "split": "test", "exact_value": 3.14}
{"id": "travel_time_000166", "topic": "travel_time", "subtopic": "drive_time", "prompt": "You need to travel about 160 miles at around 65 mph. About how many hours will it take?", "split": "test", "exact_value": 2.453846153846154}
{"id": "travel_time_000167", "topic": "travel_time", "subtopic": "drive_time", "prompt": "You need to travel about 35 miles at around 45 mph. About how many hours will it take?", "split": "test", "exact_value": 0.7844444444444444}
{"id": "travel_time_000168", "topic": "travel_time", "subtopic": "drive_time", "prompt": "You need to travel about 239 miles at around 45 mph. About how many hours will it take?", "split": "test", "exact_value": 5.304444444444444}
{"id": "travel_time_000169", "topic": "travel_time", "subtopic": "drive_time", "prompt": "You need to travel about 210 miles at around 55 mph. About how many hours will it take?", "split": "test", "exact_value": 3.821818181818182}
{"id": "travel_time_000170", "topic": "travel_time", "subtopic": "drive_time", "prompt": "You need to travel about 123 miles at around 65 mph. About how many hours will it take?", "split": "test", "exact_value": 1.886153846153846}
{"id": "travel_time_000171", "topic": "travel_time", "subtopic": "drive_time", "prompt": "You need to travel about 68 miles at around 65 mph. About how many hours will it take?", "split": "test", "exact_value": 1.0476923076923077}
{"id": "travel_time_000172", "topic": "travel_time", "subtopic": "drive_time", "prompt": "You need to travel about 176 miles at around 25 mph. About how many hours will it take?", "split": "test", "exact_value": 7.0520000000000005}
{"id": "travel_time_000173", "topic": "travel_time", "subtopic": "drive_time", "prompt": "You need to travel about 29 miles at around 65 mph. About how many hours will it take?", "split": "test", "exact_value": 0.4523076923076923}
{"id": "travel_time_000174", "topic": "travel_time", "subtopic": "drive_time", "prompt": "You need to travel about 31 miles at around 35 mph. About how many hours will it take?", "split": "test", "exact_value": 0.8885714285714286}
{"id": "travel_time_000175", "topic": "travel_time", "subtopic": "drive_time", "prompt": "You need to travel about 94 miles at around 35 mph. About how many hours will it take?", "split": "test", "exact_value": 2.6942857142857144}
{"id": "travel_time_000176", "topic": "travel_time", "subtopic": "drive_time", "prompt": "You need to travel about 69 miles at around 35 mph. About how many hours will it take?", "split": "test", "exact_value": 1.9771428571428573}
{"id": "travel_time_000177", "topic": "travel_time", "subtopic": "drive_time", "prompt": "You need to travel about 74 miles at around 45 mph. About how many hours will it take?", "split": "test", "exact_value": 1.6422222222222222}
{"id": "travel_time_000178", "topic": "travel_time", "subtopic": "drive_time", "prompt": "You need to travel about 189 miles at around 25 mph. About how many hours will it take?", "split": "test", "exact_value": 7.5760000000000005}
{"id": "travel_time_000179", "topic": "travel_time", "subtopic": "drive_time", "prompt": "You need to travel about 6 miles at around 45 mph. About how many hours will it take?", "split": "test", "exact_value": 0.13555555555555554}
{"id": "travel_time_000180", "topic": "travel_time", "subtopic": "drive_time", "prompt": "You need to travel about 32 miles at around 25 mph. About how many hours will it take?", "split": "test", "exact_value": 1.2919999999999998}
{"id": "travel_time_000181", "topic": "travel_time", "subtopic": "drive_time", "prompt": "You need to travel about 97 miles at around 55 mph. About how many hours will it take?", "split": "test", "exact_value": 1.770909090909091}
{"id": "travel_time_000182", "topic": "travel_time", "subtopic": "drive_time", "prompt": "You need to travel about 218 miles at around 45 mph. About how many hours will it take?", "split": "test", "exact_value": 4.833333333333333}
{"id": "travel_time_000183", "topic": "travel_time", "subtopic": "drive_time", "prompt": "You need to travel about 168 miles at around 55 mph. About how many hours will it take?", "split": "test", "exact_value": 3.058181818181818}
{"id": "travel_time_000184", "topic": "travel_time", "subtopic": "drive_time", "prompt": "You need to travel about 17 miles at around 45 mph. About how many hours will it take?", "split": "test", "exact_value": 0.37555555555555553}
{"id": "travel_time_000185", "topic": "travel_time", "subtopic": "drive_time", "prompt": "You need to travel about 195 miles at around 55 mph. About how many hours will it take?", "split": "test", "exact_value": 3.5472727272727274}
{"id": "travel_time_000186", "topic": "travel_time", "subtopic": "drive_time", "prompt": "You need to travel about 167 miles at around 35 mph. About how many hours will it take?", "split": "test", "exact_value": 4.768571428571429}
{"id": "travel_time_000187", "topic": "travel_time", "subtopic": "drive_time", "prompt": "You need to travel about 202 miles at around 65 mph. About how many hours will it take?", "split": "test", "exact_value": 3.1046153846153848}
{"id": "travel_time_000188", "topic": "travel_time", "subtopic": "drive_time", "prompt": "You need to travel about 118 miles at around 45 mph. About how many hours will it take?", "split": "test", "exact_value": 2.6133333333333333}
{"id": "travel_time_000189", "topic": "travel_time", "subtopic": "drive_time", "prompt": "You need to travel about 113 miles at around 35 mph. About how many hours will it take?", "split": "test", "exact_value": 3.217142857142857}
{"id": "travel_time_000190", "topic": "travel_time", "subtopic": "drive_time", "prompt": "You need to travel about 229 miles at around 25 mph. About how many hours will it take?", "split": "test", "exact_value": 9.156}
{"id": "travel_time_000191", "topic": "travel_time", "subtopic": "drive_time", "prompt": "You need to travel about 227 miles at around 65 mph. About how many hours will it take?", "split": "test", "exact_value": 3.4892307692307694}
{"id": "travel_time_000192", "topic": "travel_time", "subtopic": "drive_time", "prompt": "You need to travel about 55 miles at around 55 mph. About how many hours will it take?", "split": "test", "exact_value": 1.0}
{"id": "travel_time_000193", "topic": "travel_time", "subtopic": "drive_time", "prompt": "You need to travel about 36 miles at around 65 mph. About how many hours will it take?", "split": "test", "exact_value": 0.5538461538461539}
{"id": "travel_time_000194", "topic": "travel_time", "subtopic": "drive_time", "prompt": "You need to travel about 147 miles at around 65 mph. About how many hours will it take?", "split": "test", "exact_value": 2.2584615384615385}
{"id": "travel_time_000195", "topic": "travel_time", "subtopic": "drive_time", "prompt": "You need to travel about 27 miles at around 25 mph. About how many hours will it take?", "split": "test", "exact_value": 1.088}
{"id": "travel_time_000196", "topic": "travel_time", "subtopic": "drive_time", "prompt": "You need to travel about 14 miles at around 55 mph. About how many hours will it take?", "split": "test", "exact_value": 0.24909090909090909}
{"id": "travel_time_000197", "topic": "travel_time", "subtopic": "drive_time", "prompt": "You need to travel about 64 miles at around 55 mph. About how many hours will it take?", "split": "test", "exact_value": 1.1581818181818182}
{"id": "travel_time_000198", "topic": "travel_time", "subtopic": "drive_time", "prompt": "You need to travel about 77 miles at around 25 mph. About how many hours will it take?", "split": "test", "exact_value": 3.088}
{"id": "travel_time_000199", "topic": "travel_time", "subtopic": "drive_time", "prompt": "You need to travel about 124 miles at around 45 mph. About how many hours will it take?", "split": "test", "exact_value": 2.7466666666666666}
{"id": "travel_time_000200", "topic": "travel_time", "subtopic": "drive_time", "prompt": "You need to travel about 214 miles at around 35 mph. About how many hours will it take?", "split": "test", "exact_value": 6.114285714285714}
{"id": "travel_time_000201", "topic": "travel_time", "subtopic": "drive_time", "prompt": "You need to travel about 16 miles at around 35 mph. About how many hours will it take?", "split": "test", "exact_value": 0.44857142857142857}
{"id": "travel_time_000202", "topic": "travel_time", "subtopic": "drive_time", "prompt": "You need to travel about 42 miles at around 25 mph. About how many hours will it take?", "split": "test", "exact_value": 1.676}
{"id": "travel_time_000203", "topic": "travel_time", "subtopic": "drive_time", "prompt": "You need to travel about 79 miles at around 65 mph. About how many hours will it take?", "split": "test", "exact_value": 1.22}
{"id": "travel_time_000204", "topic": "travel_time", "subtopic": "drive_time", "prompt": "You need to travel about 117 miles at around 45 mph. About how many hours will it take?", "split": "test", "exact_value": 2.6}
{"id": "travel_time_000205", "topic": "travel_time", "subtopic": "drive_time", "prompt": "You need to travel about 112 miles at around 35 mph. About how many hours will it take?", "split": "test", "exact_value": 3.2085714285714286}
{"id": "travel_time_000206", "topic": "travel_time", "subtopic": "drive_time", "prompt": "You need to travel about 236 miles at around 55 mph. About how many hours will it take?", "split": "test", "exact_value": 4.296363636363637}
{"id": "travel_time_000207", "topic": "travel_time", "subtopic": "drive_time", "prompt": "You need to travel about 238 miles at around 35 mph. About how many hours will it take?", "split": "test", "exact_value": 6.808571428571429}
{"id": "travel_time_000208", "topic": "travel_time", "subtopic": "drive_time", "prompt": "You need to travel about 224 miles at around 55 mph. About how many hours will it take?", "split": "test", "exact_value": 4.067272727272727}
{"id": "travel_time_000209", "topic": "travel_time", "subtopic": "drive_time", "prompt": "You need to travel about 94 miles at around 55 mph. About how many hours will it take?", "split": "test", "exact_value": 1.7072727272727273}
{"id": "travel_time_000210", "topic": "travel_time", "subtopic": "drive_time", "prompt": "You need to travel about 90 miles at around 45 mph. About how many hours will it take?", "split": "test", "exact_value": 1.991111111111111}
{"id": "travel_time_000211", "topic": "travel_time", "subtopic": "drive_time", "prompt": "You need to travel about 87 miles at around 45 mph. About how many hours will it take?", "split": "test", "exact_value": 1.9244444444444444}
{"id": "travel_time_000212", "topic": "travel_time", "subtopic": "drive_time", "prompt": "You need to travel about 125 miles at around 65 mph. About how many hours will it take?", "split": "test", "exact_value": 1.9169230769230767}
{"id": "travel_time_000213", "topic": "travel_time", "subtopic": "drive_time", "prompt": "You need to travel about 81 miles at around 55 mph. About how many hours will it take?", "split": "test", "exact_value": 1.4745454545454544}
{"id": "travel_time_000214", "topic": "travel_time", "subtopic": "drive_time", "prompt": "You need to travel about 211 miles at around 45 mph. About how many hours will it take?", "split": "test", "exact_value": 4.688888888888889}
{"id": "travel_time_000215", "topic": "travel_time", "subtopic": "drive_time", "prompt": "You need to travel about 11 miles at around 55 mph. About how many hours will it take?", "split": "test", "exact_value": 0.19636363636363638}
{"id": "travel_time_000216", "topic": "travel_time", "subtopic": "drive_time", "prompt": "You need to travel about 184 miles at around 45 mph. About how many hours will it take?", "split": "test", "exact_value": 4.091111111111111}
{"id": "travel_time_000217", "topic": "travel_time", "subtopic": "drive_time", "prompt": "You need to travel about 237 miles at around 65 mph. About how many hours will it take?", "split": "test", "exact_value": 3.6415384615384614}
{"id": "travel_time_000218", "topic": "travel_time", "subtopic": "drive_time", "prompt": "You need to travel about 117 miles at around 35 mph. About how many hours will it take?", "split": "test", "exact_value": 3.3457142857142856}
{"id": "travel_time_000219", "topic": "travel_time", "subtopic": "drive_time", "prompt": "You need to travel about 160 miles at around 45 mph. About how many hours will it take?", "split": "test", "exact_value": 3.5466666666666664}
{"id": "travel_time_000220", "topic": "travel_time", "subtopic": "drive_time", "prompt": "You need to travel about 211 miles at around 65 mph. About how many hours will it take?", "split": "test", "exact_value": 3.2399999999999998}
{"id": "travel_time_000221", "topic": "travel_time", "subtopic": "drive_time", "prompt": "You need to travel about 116 miles at around 35 mph. About how many hours will it take?", "split": "test", "exact_value": 3.317142857142857}
{"id": "travel_time_000222", "topic": "travel_time", "subtopic": "drive_time", "prompt": "You need to travel about 16 miles at around 25 mph. About how many hours will it take?", "split": "test", "exact_value": 0.624}
{"id": "travel_time_000223", "topic": "travel_time", "subtopic": "drive_time", "prompt": "You need to travel about 46 miles at around 45 mph. About how many hours will it take?", "split": "test", "exact_value": 1.0288888888888887}
{"id": "travel_time_000224", "topic": "travel_time", "subtopic": "drive_time", "prompt": "You need to travel about 66 miles at around 45 mph. About how many hours will it take?", "split": "test", "exact_value": 1.4755555555555557}
{"id": "travel_time_000225", "topic": "travel_time", "subtopic": "drive_time", "prompt": "You need to travel about 85 miles at around 35 mph. About how many hours will it take?", "split": "test", "exact_value": 2.4285714285714284}
{"id": "travel_time_000226", "topic": "travel_time", "subtopic": "drive_time", "prompt": "You need to travel about 61 miles at around 55 mph. About how many hours will it take?", "split": "test", "exact_value": 1.1109090909090908}
{"id": "travel_time_000227", "topic": "travel_time", "subtopic": "drive_time", "prompt": "You need to travel about 151 miles at around 45 mph. About how many hours will it take?", "split": "test", "exact_value": 3.3577777777777778}
{"id": "travel_time_000228", "topic": "travel_time", "subtopic": "drive_time", "prompt": "You need to travel about 37 miles at around 45 mph. About how many hours will it take?", "split": "test", "exact_value": 0.8222222222222222}
{"id": "travel_time_000229", "topic": "travel_time", "subtopic": "drive_time", "prompt": "You need to travel about 154 miles at around 65 mph. About how many hours will it take?", "split": "test", "exact_value": 2.373846153846154}
{"id": "travel_time_000230", "topic": "travel_time", "subtopic": "drive_time", "prompt": "You need to travel about 72 miles at around 55 mph. About how many hours will it take?", "split": "test", "exact_value": 1.3127272727272727}
{"id": "travel_time_000231", "topic": "travel_time", "subtopic": "drive_time", "prompt": "You need to travel about 6 miles at around 25 mph. About how many hours will it take?", "split": "test", "exact_value": 0.256}
{"id": "travel_time_000232", "topic": "travel_time", "subtopic": "drive_time", "prompt": "You need to travel about 167 miles at around 45 mph. About how many hours will it take?", "split": "test", "exact_value": 3.7111111111111112}
{"id": "travel_time_000233", "topic": "travel_time", "subtopic": "drive_time", "prompt": "You need to travel about 92 miles at around 45 mph. About how many hours will it take?", "split": "test", "exact_value": 2.0533333333333337}
{"id": "travel_time_000234", "topic": "travel_time", "subtopic": "drive_time", "prompt": "You need to travel about 162 miles at around 55 mph. About how many hours will it take?", "split": "test", "exact_value": 2.938181818181818}
{"id": "travel_time_000235", "topic": "travel_time", "subtopic": "drive_time", "prompt": "You need to travel about 55 miles at around 35 mph. About how many hours will it take?", "split": "test", "exact_value": 1.5657142857142856}
{"id": "travel_time_000236", "topic": "travel_time", "subtopic": "drive_time", "prompt": "You need to travel about 118 miles at around 55 mph. About how many hours will it take?", "split": "test", "exact_value": 2.152727272727273}
{"id": "travel_time_000237", "topic": "travel_time", "subtopic": "drive_time", "prompt": "You need to travel about 147 miles at around 45 mph. About how many hours will it take?", "split": "test", "exact_value": 3.2622222222222224}
{"id": "travel_time_000238", "topic": "travel_time", "subtopic": "drive_time", "prompt": "You need to travel about 158 miles at around 25 mph. About how many hours will it take?", "split": "test", "exact_value": 6.3}
{"id": "travel_time_000239", "topic": "travel_time", "subtopic": "drive_time", "prompt": "You need to travel about 128 miles at around 65 mph. About how many hours will it take?", "split": "test", "exact_value": 1.9661538461538461}
{"id": "travel_time_000240", "topic": "travel_time", "subtopic": "drive_time", "prompt": "You need to travel about 98 miles at around 25 mph. About how many hours will it take?", "split": "test", "exact_value": 3.904}
{"id": "travel_time_000241", "topic": "travel_time", "subtopic": "drive_time", "prompt": "You need to travel about 52 miles at around 55 mph. About how many hours will it take?", "split": "test", "exact_value": 0.9363636363636364}
{"id": "travel_time_000242", "topic": "travel_time", "subtopic": "drive_time", "prompt": "You need to travel about 206 miles at around 45 mph. About how many hours will it take?", "split": "test", "exact_value": 4.5777777777777775}
{"id": "travel_time_000243", "topic": "travel_time", "subtopic": "drive_time", "prompt": "You need to travel about 159 miles at around 45 mph. About how many hours will it take?", "split": "test", "exact_value": 3.531111111111111}
{"id": "travel_time_000244", "topic": "travel_time", "subtopic": "drive_time", "prompt": "You need to travel about 82 miles at around 45 mph. About how many hours will it take?", "split": "test", "exact_value": 1.8111111111111111}
{"id": "travel_time_000245", "topic": "travel_time", "subtopic": "drive_time", "prompt": "You need to travel about 43 miles at around 65 mph. About how many hours will it take?", "split": "test", "exact_value": 0.6676923076923077}
{"id": "travel_time_000246", "topic": "travel_time", "subtopic": "drive_time", "prompt": "You need to travel about 128 miles at around 25 mph. About how many hours will it take?", "split": "test", "exact_value": 5.132000000000001}
{"id": "travel_time_000247", "topic": "travel_time", "subtopic": "drive_time", "prompt": "You need to travel about 161 miles at around 35 mph. About how many hours will it take?", "split": "test", "exact_value": 4.6085714285714285}
{"id": "travel_time_000248", "topic": "travel_time", "subtopic": "drive_time", "prompt": "You need to travel about 213 miles at around 35 mph. About how many hours will it take?", "split": "test", "exact_value": 6.082857142857143}
{"id": "travel_time_000249", "topic": "travel_time", "subtopic": "drive_time", "prompt": "You need to travel about 73 miles at around 65 mph. About how many hours will it take?", "split": "test", "exact_value": 1.1215384615384616}
{"id": "travel_time_000250", "topic": "travel_time", "subtopic": "drive_time", "prompt": "You need to travel about 162 miles at around 55 mph. About how many hours will it take?", "split": "test", "exact_value": 2.943636363636364}
{"id": "travel_time_000251", "topic": "travel_time", "subtopic": "drive_time", "prompt": "You need to travel about 204 miles at around 55 mph. About how many hours will it take?", "split": "test", "exact_value": 3.710909090909091}
{"id": "travel_time_000252", "topic": "travel_time", "subtopic": "drive_time", "prompt": "You need to travel about 174 miles at around 25 mph. About how many hours will it take?", "split": "test", "exact_value": 6.956}
{"id": "travel_time_000253", "topic": "travel_time", "subtopic": "drive_time", "prompt": "You need to travel about 127 miles at around 25 mph. About how many hours will it take?", "split": "test", "exact_value": 5.088}
{"id": "travel_time_000254", "topic": "travel_time", "subtopic": "drive_time", "prompt": "You need to travel about 173 miles at around 55 mph. About how many hours will it take?", "split": "test", "exact_value": 3.1399999999999997}
{"id": "travel_time_000255", "topic": "travel_time", "subtopic": "drive_time", "prompt": "You need to travel about 109 miles at around 55 mph. About how many hours will it take?", "split": "test", "exact_value": 1.9763636363636363}
{"id": "travel_time_000256", "topic": "travel_time", "subtopic": "drive_time", "prompt": "You need to travel about 74 miles at around 35 mph. About how many hours will it take?", "split": "test", "exact_value": 2.12}
{"id": "travel_time_000257", "topic": "travel_time", "subtopic": "drive_time", "prompt": "You need to travel about 94 miles at around 45 mph. About how many hours will it take?", "split": "test", "exact_value": 2.091111111111111}
{"id": "travel_time_000258", "topic": "travel_time", "subtopic": "drive_time", "prompt": "You need to travel about 133 miles at around 25 mph. About how many hours will it take?", "split": "test", "exact_value": 5.327999999999999}
{"id": "travel_time_000259", "topic": "travel_time", "subtopic": "drive_time", "prompt": "You need to travel about 208 miles at around 65 mph. About how many hours will it take?", "split": "test", "exact_value": 3.207692307692308}
{"id": "travel_time_000260", "topic": "travel_time", "subtopic": "drive_time", "prompt": "You need to travel about 83 miles at around 35 mph. About how many hours will it take?", "split": "test", "exact_value": 2.3714285714285714}
{"id": "travel_time_000261", "topic": "travel_time", "subtopic": "drive_time", "prompt": "You need to travel about 108 miles at around 45 mph. About how many hours will it take?", "split": "test", "exact_value": 2.4}
{"id": "travel_time_000262", "topic": "travel_time", "subtopic": "drive_time", "prompt": "You need to travel about 58 miles at around 55 mph. About how many hours will it take?", "split": "test", "exact_value": 1.0454545454545454}
{"id": "travel_time_000263", "topic": "travel_time", "subtopic": "drive_time", "prompt": "You need to travel about 140 miles at around 45 mph. About how many hours will it take?", "split": "test", "exact_value": 3.106666666666667}
{"id": "travel_time_000264", "topic": "travel_time", "subtopic": "drive_time", "prompt": "You need to travel about 116 miles at around 65 mph. About how many hours will it take?", "split": "test", "exact_value": 1.7769230769230768}
{"id": "travel_time_000265", "topic": "travel_time", "subtopic": "drive_time", "prompt": "You need to travel about 53 miles at around 45 mph. About how many hours will it take?", "split": "test", "exact_value": 1.1844444444444444}
{"id": "travel_time_000266", "topic": "travel_time", "subtopic": "drive_time", "prompt": "You need to travel about 187 miles at around 55 mph. About how many hours will it take?", "split": "test", "exact_value": 3.4054545454545457}
{"id": "travel_time_000267", "topic": "travel_time", "subtopic": "drive_time", "prompt": "You need to travel about 169 miles at around 65 mph. About how many hours will it take?", "split": "test", "exact_value": 2.5984615384615384}
{"id": "travel_time_000268", "topic": "travel_time", "subtopic": "drive_time", "prompt": "You need to travel about 130 miles at around 35 mph. About how many hours will it take?", "split": "test", "exact_value": 3.7228571428571433}
{"id": "travel_time_000269", "topic": "travel_time", "subtopic": "drive_time", "prompt": "You need to travel about 173 miles at around 55 mph. About how many hours will it take?", "split": "test", "exact_value": 3.147272727272727}
{"id": "travel_time_000270", "topic": "travel_time", "subtopic": "drive_time", "prompt": "You need to travel about 24 miles at around 25 mph. About how many hours will it take?", "split": "test", "exact_value": 0.968}
{"id": "travel_time_000271", "topic": "travel_time", "subtopic": "drive_time", "prompt": "You need to travel about 170 miles at around 65 mph. About how many hours will it take?", "split": "test", "exact_value": 2.609230769230769}
{"id": "travel_time_000272", "topic": "travel_time", "subtopic": "drive_time", "prompt": "You need to travel about 161 miles at around 55 mph. About how many hours will it take?", "split": "test", "exact_value": 2.932727272727273}
{"id": "travel_time_000273", "topic": "travel_time", "subtopic": "drive_time", "prompt": "You need to travel about 95 miles at around 45 mph. About how many hours will it take?", "split": "test", "exact_value": 2.111111111111111}
{"id": "travel_time_000274", "topic": "travel_time", "subtopic": "drive_time", "prompt": "You need to travel about 128 miles at around 25 mph. About how many hours will it take?", "split": "test", "exact_value": 5.12}
{"id": "travel_time_000275", "topic": "travel_time", "subtopic": "drive_time", "prompt": "You need to travel about 132 miles at around 35 mph. About how many hours will it take?", "split": "test", "exact_value": 3.765714285714286}
{"id": "travel_time_000276", "topic": "travel_time", "subtopic": "drive_time", "prompt": "You need to travel about 24 miles at around 65 mph. About how many hours will it take?", "split": "test", "exact_value": 0.3707692307692308}
{"id": "travel_time_000277", "topic": "travel_time", "subtopic": "drive_time", "prompt": "You need to travel about 102 miles at around 45 mph. About how many hours will it take?", "split": "test", "exact_value": 2.2755555555555556}
{"id": "travel_time_000278", "topic": "travel_time", "subtopic": "drive_time", "prompt": "You need to travel about 43 miles at around 25 mph. About how many hours will it take?", "split": "test", "exact_value": 1.7280000000000002}
{"id": "travel_time_000279", "topic": "travel_time", "subtopic": "drive_time", "prompt": "You need to travel about 218 miles at around 55 mph. About how many hours will it take?", "split": "test", "exact_value": 3.958181818181818}
{"id": "travel_time_000280", "topic": "travel_time", "subtopic": "drive_time", "prompt": "You need to travel about 202 miles at around 25 mph. About how many hours will it take?", "split": "test", "exact_value": 8.068}
{"id": "travel_time_000281", "topic": "travel_time", "subtopic": "drive_time", "prompt": "You need to travel about 155 miles at around 25 mph. About how many hours will it take?", "split": "test", "exact_value": 6.216}
{"id": "travel_time_000282", "topic": "travel_time", "subtopic": "drive_time", "prompt": "You need to travel about 207 miles at around 35 mph. About how many hours will it take?", "split": "test", "exact_value": 5.914285714285715}
{"id": "travel_time_000283", "topic": "travel_time", "subtopic": "drive_time", "prompt": "You need to travel about 161 miles at around 35 mph. About how many hours will it take?", "split": "test", "exact_value": 4.597142857142857}
{"id": "travel_time_000284", "topic": "travel_time", "subtopic": "drive_time", "prompt": "You need to travel about 238 miles at around 25 mph. About how many hours will it take?", "split": "test", "exact_value": 9.532}
{"id": "travel_time_000285", "topic": "travel_time", "subtopic": "drive_time", "prompt": "You need to travel about 92 miles at around 55 mph. About how many hours will it take?", "split": "test", "exact_value": 1.6745454545454543}
{"id": "travel_time_000286", "topic": "travel_time", "subtopic": "drive_time", "prompt": "You need to travel about 75 miles at around 35 mph. About how many hours will it take?", "split": "test", "exact_value": 2.1514285714285712}
{"id": "travel_time_000287", "topic": "travel_time", "subtopic": "drive_time", "prompt": "You need to travel about 218 miles at around 65 mph. About how many hours will it take?", "split": "test", "exact_value": 3.355384615384615}
{"id": "travel_time_000288", "topic": "travel_time", "subtopic": "drive_time", "prompt": "You need to travel about 182 miles at around 45 mph. About how many hours will it take?", "split": "test", "exact_value": 4.04}
{"id": "travel_time_000289", "topic": "travel_time", "subtopic": "drive_time", "prompt": "You need to travel about 223 miles at around 65 mph. About how many hours will it take?", "split": "test", "exact_value": 3.426153846153846}
{"id": "travel_time_000290", "topic": "travel_time", "subtopic": "drive_time", "prompt": "You need to travel about 91 miles at around 55 mph. About how many hours will it take?", "split": "test", "exact_value": 1.66}
{"id": "travel_time_000291", "topic": "travel_time", "subtopic": "drive_time", "prompt": "You need to travel about 104 miles at around 45 mph. About how many hours will it take?", "split": "test", "exact_value": 2.3222222222222224}
{"id": "travel_time_000292", "topic": "travel_time", "subtopic": "drive_time", "prompt": "You need to travel about 93 miles at around 25 mph. About how many hours will it take?", "split": "test", "exact_value": 3.72}
{"id": "travel_time_000293", "topic": "travel_time", "subtopic": "drive_time", "prompt": "You need to travel about 156 miles at around 55 mph. About how many hours will it take?", "split": "test", "exact_value": 2.827272727272727}
{"id": "travel_time_000294", "topic": "travel_time", "subtopic": "drive_time", "prompt": "You need to travel about 126 miles at around 35 mph. About how many hours will it take?", "split": "test", "exact_value": 3.605714285714286}
{"id": "travel_time_000295", "topic": "travel_time", "subtopic": "drive_time", "prompt": "You need to travel about 13 miles at around 65 mph. About how many hours will it take?", "split": "test", "exact_value": 0.20307692307692307}
{"id": "travel_time_000296", "topic": "travel_time", "subtopic": "drive_time", "prompt": "You need to travel about 62 miles at around 35 mph. About how many hours will it take?", "split": "test", "exact_value": 1.7657142857142856}
{"id": "travel_time_000297", "topic": "travel_time", "subtopic": "drive_time", "prompt": "You need to travel about 31 miles at around 65 mph. About how many hours will it take?", "split": "test", "exact_value": 0.4723076923076923}
{"id": "travel_time_000298", "topic": "travel_time", "subtopic": "drive_time", "prompt": "You need to travel about 168 miles at around 35 mph. About how many hours will it take?", "split": "test", "exact_value": 4.808571428571429}
{"id": "travel_time_000299", "topic": "travel_time", "subtopic": "drive_time", "prompt": "You need to travel about 87 miles at around 45 mph. About how many hours will it take?", "split": "test", "exact_value": 1.9311111111111112}
{"id": "travel_time_000300", "topic": "travel_time", "subtopic": "drive_time", "prompt": "You need to travel about 31 miles at around 35 mph. About how many hours will it take?", "split": "test", "exact_value": 0.8742857142857143}
{"id": "travel_time_000301", "topic": "travel_time", "subtopic": "drive_time", "prompt": "You need to travel about 185 miles at around 45 mph. About how many hours will it take?", "split": "test", "exact_value": 4.106666666666667}
{"id": "travel_time_000302", "topic": "travel_time", "subtopic": "drive_time", "prompt": "You need to travel about 82 miles at around 35 mph. About how many hours will it take?", "split": "test", "exact_value": 2.342857142857143}
{"id": "travel_time_000303", "topic": "travel_time", "subtopic": "drive_time", "prompt": "You need to travel about 52 miles at around 45 mph. About how many hours will it take?", "split": "test", "exact_value": 1.1644444444444444}
{"id": "travel_time_000304", "topic": "travel_time", "subtopic": "drive_time", "prompt": "You need to travel about 168 miles at around 25 mph. About how many hours will it take?", "split": "test", "exact_value": 6.716}
{"id": "travel_time_000305", "topic": "travel_time", "subtopic": "drive_time", "prompt": "You need to travel about 232 miles at around 35 mph. About how many hours will it take?", "split": "test", "exact_value": 6.62}
{"id": "travel_time_000306", "topic": "travel_time", "subtopic": "drive_time", "prompt": "You need to travel about 73 miles at around 45 mph. About how many hours will it take?", "split": "test", "exact_value": 1.62}
{"id": "travel_time_000307", "topic": "travel_time", "subtopic": "drive_time", "prompt": "You need to travel about 202 miles at around 25 mph. About how many hours will it take?", "split": "test", "exact_value": 8.064}
{"id": "travel_time_000308", "topic": "travel_time", "subtopic": "drive_time", "prompt": "You need to travel about 220 miles at around 55 mph. About how many hours will it take?", "split": "test", "exact_value": 4.009090909090909}
{"id": "travel_time_000309", "topic": "travel_time", "subtopic": "drive_time", "prompt": "You need to travel about 238 miles at around 55 mph. About how many hours will it take?", "split": "test", "exact_value": 4.336363636363636}
{"id": "travel_time_000310", "topic": "travel_time", "subtopic": "drive_time", "prompt": "You need to travel about 68 miles at around 35 mph. About how many hours will it take?", "split": "test", "exact_value": 1.9542857142857144}
{"id": "travel_time_000311", "topic": "travel_time", "subtopic": "drive_time", "prompt": "You need to travel about 83 miles at around 45 mph. About how many hours will it take?", "split": "test", "exact_value": 1.848888888888889}
{"id": "travel_time_000312", "topic": "travel_time", "subtopic": "drive_time", "prompt": "You need to travel about 145 miles at around 65 mph. About how many hours will it take?", "split": "test", "exact_value": 2.2353846153846155}
{"id": "travel_time_000313", "topic": "travel_time", "subtopic": "drive_time", "prompt": "You need to travel about 198 miles at around 35 mph. About how many hours will it take?", "split": "test", "exact_value": 5.66}
{"id": "travel_time_000314", "topic": "travel_time", "subtopic": "drive_time", "prompt": "You need to travel about 36 miles at around 25 mph. About how many hours will it take?", "split": "test", "exact_value": 1.456}
{"id": "travel_time_000315", "topic": "travel_time", "subtopic": "drive_time", "prompt": "You need to travel about 41 miles at around 25 mph. About how many hours will it take?", "split": "test", "exact_value": 1.6480000000000001}
{"id": "travel_time_000316", "topic": "travel_time", "subtopic": "drive_time", "prompt": "You need to travel about 114 miles at around 25 mph. About how many hours will it take?", "split": "test", "exact_value": 4.5680000000000005}
{"id": "travel_time_000317", "topic": "travel_time", "subtopic": "drive_time", "prompt": "You need to travel about 36 miles at around 25 mph. About how many hours will it take?", "split": "test", "exact_value": 1.42}
{"id": "travel_time_000318", "topic": "travel_time", "subtopic": "drive_time", "prompt": "You need to travel about 16 miles at around 55 mph. About how many hours will it take?", "split": "test", "exact_value": 0.2818181818181818}
{"id": "travel_time_000319", "topic": "travel_time", "subtopic": "drive_time", "prompt": "You need to travel about 6 miles at around 55 mph. About how many hours will it take?", "split": "test", "exact_value": 0.10363636363636364}
{"id": "travel_time_000320", "topic": "travel_time", "subtopic": "drive_time", "prompt": "You need to travel about 96 miles at around 45 mph. About how many hours will it take?", "split": "test", "exact_value": 2.1355555555555554}
{"id": "travel_time_000321", "topic": "travel_time", "subtopic": "drive_time", "prompt": "You need to travel about 69 miles at around 35 mph. About how many hours will it take?", "split": "test", "exact_value": 1.98}
{"id": "travel_time_000322", "topic": "travel_time", "subtopic": "drive_time", "prompt": "You need to travel about 71 miles at around 55 mph. About how many hours will it take?", "split": "test", "exact_value": 1.2872727272727271}
{"id": "travel_time_000323", "topic": "travel_time", "subtopic": "drive_time", "prompt": "You need to travel about 6 miles at around 55 mph. About how many hours will it take?", "split": "test", "exact_value": 0.1}
{"id": "travel_time_000324", "topic": "travel_time", "subtopic": "drive_time", "prompt": "You need to travel about 233 miles at around 35 mph. About how many hours will it take?", "split": "test", "exact_value": 6.66}
{"id": "travel_time_000325", "topic": "travel_time", "subtopic": "drive_time", "prompt": "You need to travel about 63 miles at around 45 mph. About how many hours will it take?", "split": "test", "exact_value": 1.3933333333333333}
{"id": "travel_time_000326", "topic": "travel_time", "subtopic": "drive_time", "prompt": "You need to travel about 98 miles at around 25 mph. About how many hours will it take?", "split": "test", "exact_value": 3.94}
{"id": "travel_time_000327", "topic": "travel_time", "subtopic": "drive_time", "prompt": "You need to travel about 172 miles at around 35 mph. About how many hours will it take?", "split": "test", "exact_value": 4.911428571428572}
{"id": "travel_time_000328", "topic": "travel_time", "subtopic": "drive_time", "prompt": "You need to travel about 144 miles at around 65 mph. About how many hours will it take?", "split": "test", "exact_value": 2.2184615384615385}
{"id": "travel_time_000329", "topic": "travel_time", "subtopic": "drive_time", "prompt": "You need to travel about 161 miles at around 55 mph. About how many hours will it take?", "split": "test", "exact_value": 2.9272727272727272}
{"id": "travel_time_000330", "topic": "travel_time", "subtopic": "drive_time", "prompt": "You need to travel about 14 miles at around 35 mph. About how many hours will it take?", "split": "test", "exact_value": 0.39714285714285713}
{"id": "travel_time_000331", "topic": "travel_time", "subtopic": "drive_time", "prompt": "You need to travel about 83 miles at around 25 mph. About how many hours will it take?", "split": "test", "exact_value": 3.3080000000000003}
{"id": "travel_time_000332", "topic": "travel_time", "subtopic": "drive_time", "prompt": "You need to travel about 90 miles at around 25 mph. About how many hours will it take?", "split": "test", "exact_value": 3.5839999999999996}
{"id": "travel_time_000333", "topic": "travel_time", "subtopic": "drive_time", "prompt": "You need to travel about 68 miles at around 35 mph. About how many hours will it take?", "split": "test", "exact_value": 1.9485714285714286}
{"id": "travel_time_000334", "topic": "travel_time", "subtopic": "drive_time", "prompt": "You need to travel about 228 miles at around 25 mph. About how many hours will it take?", "split": "test", "exact_value": 9.104}
{"id": "travel_time_000335", "topic": "travel_time", "subtopic": "drive_time", "prompt": "You need to travel about 117 miles at around 35 mph. About how many hours will it take?", "split": "test", "exact_value": 3.3314285714285714}
{"id": "travel_time_000336", "topic": "travel_time", "subtopic": "drive_time", "prompt": "You need to travel about 162 miles at around 65 mph. About how many hours will it take?", "split": "test", "exact_value": 2.4938461538461536}
{"id": "travel_time_000337", "topic": "travel_time", "subtopic": "drive_time", "prompt": "You need to travel about 91 miles at around 45 mph. About how many hours will it take?", "split": "test", "exact_value": 2.022222222222222}
{"id": "travel_time_000338", "topic": "travel_time", "subtopic": "drive_time", "prompt": "You need to travel about 177 miles at around 45 mph. About how many hours will it take?", "split": "test", "exact_value": 3.924444444444444}
{"id": "travel_time_000339", "topic": "travel_time", "subtopic": "drive_time", "prompt": "You need to travel about 131 miles at around 35 mph. About how many hours will it take?", "split": "test", "exact_value": 3.742857142857143}
{"id": "travel_time_000340", "topic": "travel_time", "subtopic": "drive_time", "prompt": "You need to travel about 96 miles at around 35 mph. About how many hours will it take?", "split": "test", "exact_value": 2.7514285714285713}
{"id": "travel_time_000341", "topic": "travel_time", "subtopic": "drive_time", "prompt": "You need to travel about 198 miles at around 35 mph. About how many hours will it take?", "split": "test", "exact_value": 5.662857142857143}
{"id": "travel_time_000342", "topic": "travel_time", "subtopic": "drive_time", "prompt": "You need to travel about 83 miles at around 55 mph. About how many hours will it take?", "split": "test", "exact_value": 1.5163636363636364}
{"id": "travel_time_000343", "topic": "travel_time", "subtopic": "drive_time", "prompt": "You need to travel about 41 miles at around 35 mph. About how many hours will it take?", "split": "test", "exact_value": 1.1742857142857144}
{"id": "travel_time_000344", "topic": "travel_time", "subtopic": "drive_time", "prompt": "You need to travel about 65 miles at around 45 mph. About how many hours will it take?", "split": "test", "exact_value": 1.451111111111111}
{"id": "travel_time_000345", "topic": "travel_time", "subtopic": "drive_time", "prompt": "You need to travel about 223 miles at around 45 mph. About how many hours will it take?", "split": "test", "exact_value": 4.955555555555556}
{"id": "travel_time_000346", "topic": "travel_time", "subtopic": "drive_time", "prompt": "You need to travel about 194 miles at around 35 mph. About how many hours will it take?", "split": "test", "exact_value": 5.534285714285714}
{"id": "travel_time_000347", "topic": "travel_time", "subtopic": "drive_time", "prompt": "You need to travel about 16 miles at around 55 mph. About how many hours will it take?", "split": "test", "exact_value": 0.28545454545454546}
{"id": "travel_time_000348", "topic": "travel_time", "subtopic": "drive_time", "prompt": "You need to travel about 215 miles at around 25 mph. About how many hours will it take?", "split": "test", "exact_value": 8.612}
{"id": "travel_time_000349", "topic": "travel_time", "subtopic": "drive_time", "prompt": "You need to travel about 238 miles at around 65 mph. About how many hours will it take?", "split": "test", "exact_value": 3.669230769230769}
{"id": "travel_time_000350", "topic": "travel_time", "subtopic": "drive_time", "prompt": "You need to travel about 9 miles at around 45 mph. About how many hours will it take?", "split": "test", "exact_value": 0.2}
{"id": "travel_time_000351", "topic": "travel_time", "subtopic": "drive_time", "prompt": "You need to travel about 91 miles at around 65 mph. About how many hours will it take?", "split": "test", "exact_value": 1.3984615384615386}
{"id": "travel_time_000352", "topic": "travel_time", "subtopic": "drive_time", "prompt": "You need to travel about 220 miles at around 35 mph. About how many hours will it take?", "split": "test", "exact_value": 6.271428571428571}
{"id": "travel_time_000353", "topic": "travel_time", "subtopic": "drive_time", "prompt": "You need to travel about 116 miles at around 35 mph. About how many hours will it take?", "split": "test", "exact_value": 3.3200000000000003}
{"id": "travel_time_000354", "topic": "travel_time", "subtopic": "drive_time", "prompt": "You need to travel about 51 miles at around 25 mph. About how many hours will it take?", "split": "test", "exact_value": 2.044}
{"id": "travel_time_000355", "topic": "travel_time", "subtopic": "drive_time", "prompt": "You need to travel about 124 miles at around 25 mph. About how many hours will it take?", "split": "test", "exact_value": 4.96}
{"id": "travel_time_000356", "topic": "travel_time", "subtopic": "drive_time", "prompt": "You need to travel about 182 miles at around 55 mph. About how many hours will it take?", "split": "test", "exact_value": 3.3036363636363633}
{"id": "travel_time_000357", "topic": "travel_time", "subtopic": "drive_time", "prompt": "You need to travel about 137 miles at around 35 mph. About how many hours will it take?", "split": "test", "exact_value": 3.9199999999999995}
{"id": "travel_time_000358", "topic": "travel_time", "subtopic": "drive_time", "prompt": "You need to travel about 56 miles at around 45 mph. About how many hours will it take?", "split": "test", "exact_value": 1.2533333333333334}
{"id": "travel_time_000359", "topic": "travel_time", "subtopic": "drive_time", "prompt": "You need to travel about 228 miles at around 55 mph. About how many hours will it take?", "split": "test", "exact_value": 4.150909090909091}
{"id": "travel_time_000360", "topic": "travel_time", "subtopic": "drive_time", "prompt": "You need to travel about 61 miles at around 45 mph. About how many hours will it take?", "split": "test", "exact_value": 1.3644444444444443}
{"id": "travel_time_000361", "topic": "travel_time", "subtopic": "drive_time", "prompt": "You need to travel about 144 miles at around 25 mph. About how many hours will it take?", "split": "test", "exact_value": 5.747999999999999}
{"id": "travel_time_000362", "topic": "travel_time", "subtopic": "drive_time", "prompt": "You need to travel about 129 miles at around 35 mph. About how many hours will it take?", "split": "test", "exact_value": 3.674285714285714}
{"id": "travel_time_000363", "topic": "travel_time", "subtopic": "drive_time", "prompt": "You need to travel about 136 miles at around 35 mph. About how many hours will it take?", "split": "test", "exact_value": 3.8800000000000003}
{"id": "travel_time_000364", "topic": "travel_time", "subtopic": "drive_time", "prompt": "You need to travel about 149 miles at around 55 mph. About how many hours will it take?", "split": "test", "exact_value": 2.7072727272727275}
{"id": "travel_time_000365", "topic": "travel_time", "subtopic": "drive_time", "prompt": "You need to travel about 75 miles at around 55 mph. About how many hours will it take?", "split": "test", "exact_value": 1.3599999999999999}
{"id": "travel_time_000366", "topic": "travel_time", "subtopic": "drive_time", "prompt": "You need to travel about 141 miles at around 25 mph. About how many hours will it take?", "split": "test", "exact_value": 5.652}
{"id": "travel_time_000367", "topic": "travel_time", "subtopic": "drive_time", "prompt": "You need to travel about 15 miles at around 45 mph. About how many hours will it take?", "split": "test", "exact_value": 0.34}
{"id": "travel_time_000368", "topic": "travel_time", "subtopic": "drive_time", "prompt": "You need to travel about 173 miles at around 55 mph. About how many hours will it take?", "split": "test", "exact_value": 3.152727272727273}
{"id": "travel_time_000369", "topic": "travel_time", "subtopic": "drive_time", "prompt": "You need to travel about 172 miles at around 35 mph. About how many hours will it take?", "split": "test", "exact_value": 4.92}
{"id": "travel_time_000370", "topic": "travel_time", "subtopic": "drive_time", "prompt": "You need to travel about 199 miles at around 35 mph. About how many hours will it take?", "split": "test", "exact_value": 5.685714285714286}
{"id": "travel_time_000371", "topic": "travel_time", "subtopic": "drive_time", "prompt": "You need to travel about 218 miles at around 25 mph. About how many hours will it take?", "split": "test", "exact_value": 8.728}
{"id": "travel_time_000372", "topic": "travel_time", "subtopic": "drive_time", "prompt": "You need to travel about 113 miles at around 35 mph. About how many hours will it take?", "split": "test", "exact_value": 3.237142857142857}
{"id": "travel_time_000373", "topic": "travel_time", "subtopic": "drive_time", "prompt": "You need to travel about 100 miles at around 55 mph. About how many hours will it take?", "split": "test", "exact_value": 1.8254545454545457}
{"id": "travel_time_000374", "topic": "travel_time", "subtopic": "drive_time", "prompt": "You need to travel about 5 miles at around 45 mph. About how many hours will it take?", "split": "test", "exact_value": 0.11555555555555556}
{"id": "travel_time_000375", "topic": "travel_time", "subtopic": "drive_time", "prompt": "You need to travel about 7 miles at around 45 mph. About how many hours will it take?", "split": "test", "exact_value": 0.16444444444444445}
{"id": "travel_time_000376", "topic": "travel_time", "subtopic": "drive_time", "prompt": "You need to travel about 112 miles at around 45 mph. About how many hours will it take?", "split": "test", "exact_value": 2.491111111111111}
{"id": "travel_time_000377", "topic": "travel_time", "subtopic": "drive_time", "prompt": "You need to travel about 11 miles at around 55 mph. About how many hours will it take?", "split": "test", "exact_value": 0.20363636363636362}
{"id": "travel_time_000378", "topic": "travel_time", "subtopic": "drive_time", "prompt": "You need to travel about 195 miles at around 25 mph. About how many hours will it take?", "split": "test", "exact_value": 7.787999999999999}
{"id": "travel_time_000379", "topic": "travel_time", "subtopic": "drive_time", "prompt": "You need to travel about 83 miles at around 55 mph. About how many hours will it take?", "split": "test", "exact_value": 1.5145454545454544}
{"id": "travel_time_000380", "topic": "travel_time", "subtopic": "drive_time", "prompt": "You need to travel about 86 miles at around 45 mph. About how many hours will it take?", "split": "test", "exact_value": 1.9222222222222223}
{"id": "travel_time_000381", "topic": "travel_time", "subtopic": "drive_time", "prompt": "You need to travel about 126 miles at around 65 mph. About how many hours will it take?", "split": "test", "exact_value": 1.9415384615384617}
{"id": "travel_time_000382", "topic": "travel_time", "subtopic": "drive_time", "prompt": "You need to travel about 154 miles at around 25 mph. About how many hours will it take?", "split": "test", "exact_value": 6.16}
{"id": "travel_time_000383", "topic": "travel_time", "subtopic": "drive_time", "prompt": "You need to travel about 157 miles at around 45 mph. About how many hours will it take?", "split": "test", "exact_value": 3.482222222222222}
{"id": "travel_time_000384", "topic": "travel_time", "subtopic": "drive_time", "prompt": "You need to travel about 131 miles at around 55 mph. About how many hours will it take?", "split": "test", "exact_value": 2.376363636363636}
{"id": "travel_time_000385", "topic": "travel_time", "subtopic": "drive_time", "prompt": "You need to travel about 209 miles at around 55 mph. About how many hours will it take?", "split": "test", "exact_value": 3.7981818181818183}
{"id": "travel_time_000386", "topic": "travel_time", "subtopic": "drive_time", "prompt": "You need to travel about 208 miles at around 35 mph. About how many hours will it take?", "split": "test", "exact_value": 5.954285714285715}
{"id": "travel_time_000387", "topic": "travel_time", "subtopic": "drive_time", "prompt": "You need to travel about 44 miles at around 35 mph. About how many hours will it take?", "split": "test", "exact_value": 1.2428571428571429}
{"id": "travel_time_000388", "topic": "travel_time", "subtopic": "drive_time", "prompt": "You need to travel about 73 miles at around 25 mph. About how many hours will it take?", "split": "test", "exact_value": 2.92}
{"id": "travel_time_000389", "topic": "travel_time", "subtopic": "drive_time", "prompt": "You need to travel about 64 miles at around 25 mph. About how many hours will it take?", "split": "test", "exact_value": 2.568}
{"id": "travel_time_000390", "topic": "travel_time", "subtopic": "drive_time", "prompt": "You need to travel about 19 miles at around 35 mph. About how many hours will it take?", "split": "test", "exact_value": 0.5542857142857143}
{"id": "travel_time_000391", "topic": "travel_time", "subtopic": "drive_time", "prompt": "You need to travel about 167 miles at around 65 mph. About how many hours will it take?", "split": "test", "exact_value": 2.572307692307692}
{"id": "travel_time_000392", "topic": "travel_time", "subtopic": "drive_time", "prompt": "You need to travel about 30 miles at around 25 mph. About how many hours will it take?", "split": "test", "exact_value": 1.188}
{"id": "travel_time_000393", "topic": "travel_time", "subtopic": "drive_time", "prompt": "You need to travel about 199 miles at around 65 mph. About how many hours will it take?", "split": "test", "exact_value": 3.0661538461538465}
{"id": "travel_time_000394", "topic": "travel_time", "subtopic": "drive_time", "prompt": "You need to travel about 115 miles at around 25 mph. About how many hours will it take?", "split": "test", "exact_value": 4.612}
{"id": "travel_time_000395", "topic": "travel_time", "subtopic": "drive_time", "prompt": "You need to travel about 179 miles at around 35 mph. About how many hours will it take?", "split": "test", "exact_value": 5.105714285714285}
{"id": "travel_time_000396", "topic": "travel_time", "subtopic": "drive_time", "prompt": "You need to travel about 95 miles at around 35 mph. About how many hours will it take?", "split": "test", "exact_value": 2.705714285714286}
{"id": "travel_time_000397", "topic": "travel_time", "subtopic": "drive_time", "prompt": "You need to travel about 85 miles at around 25 mph. About how many hours will it take?", "split": "test", "exact_value": 3.3960000000000004}
{"id": "travel_time_000398", "topic": "travel_time", "subtopic": "drive_time", "prompt": "You need to travel about 184 miles at around 25 mph. About how many hours will it take?", "split": "test", "exact_value": 7.36}
{"id": "travel_time_000399", "topic": "travel_time", "subtopic": "drive_time", "prompt": "You need to travel about 204 miles at around 35 mph. About how many hours will it take?", "split": "test", "exact_value": 5.817142857142857}
{"id": "travel_time_000400", "topic": "travel_time", "subtopic": "drive_time", "prompt": "You need to travel about 201 miles at around 35 mph. About how many hours will it take?", "split": "test", "exact_value": 5.7371428571428575}
{"id": "travel_time_000401", "topic": "travel_time", "subtopic": "drive_time", "prompt": "You need to travel about 134 miles at around 25 mph. About how many hours will it take?", "split": "test", "exact_value": 5.348}
{"id": "travel_time_000402", "topic": "travel_time", "subtopic": "drive_time", "prompt": "You need to travel about 36 miles at around 35 mph. About how many hours will it take?", "split": "test", "exact_value": 1.04}
{"id": "travel_time_000403", "topic": "travel_time", "subtopic": "drive_time", "prompt": "You need to travel about 56 miles at around 65 mph. About how many hours will it take?", "split": "test", "exact_value": 0.8584615384615384}
{"id": "travel_time_000404", "topic": "travel_time", "subtopic": "drive_time", "prompt": "You need to travel about 102 miles at around 25 mph. About how many hours will it take?", "split": "test", "exact_value": 4.064}
{"id": "travel_time_000405", "topic": "travel_time", "subtopic": "drive_time", "prompt": "You need to travel about 68 miles at around 35 mph. About how many hours will it take?", "split": "test", "exact_value": 1.9514285714285713}
{"id": "travel_time_000406", "topic": "travel_time", "subtopic": "drive_time", "prompt": "You need to travel about 154 miles at around 45 mph. About how many hours will it take?", "split": "test", "exact_value": 3.433333333333333}
{"id": "travel_time_000407", "topic": "travel_time", "subtopic": "drive_time", "prompt": "You need to travel about 75 miles at around 35 mph. About how many hours will it take?", "split": "test", "exact_value": 2.142857142857143}
{"id": "travel_time_000408", "topic": "travel_time", "subtopic": "drive_time", "prompt": "You need to travel about 66 miles at around 65 mph. About how many hours will it take?", "split": "test", "exact_value": 1.0215384615384617}
{"id": "travel_time_000409", "topic": "travel_time", "subtopic": "drive_time", "prompt": "You need to travel about 42 miles at around 45 mph. About how many hours will it take?", "split": "test", "exact_value": 0.9266666666666667}
{"id": "travel_time_000410", "topic": "travel_time", "subtopic": "drive_time", "prompt": "You need to travel about 61 miles at around 35 mph. About how many hours will it take?", "split": "test", "exact_value": 1.7542857142857142}
{"id": "travel_time_000411", "topic": "travel_time", "subtopic": "drive_time", "prompt": "You need to travel about 59 miles at around 35 mph. About how many hours will it take?", "split": "test", "exact_value": 1.697142857142857}
{"id": "travel_time_000412", "topic": "travel_time", "subtopic": "drive_time", "prompt": "You need to travel about 187 miles at around 25 mph. About how many hours will it take?", "split": "test", "exact_value": 7.476}
{"id": "travel_time_000413", "topic": "travel_time", "subtopic": "drive_time", "prompt": "You need to travel about 8 miles at around 25 mph. About how many hours will it take?", "split": "test", "exact_value": 0.34}
{"id": "travel_time_000414", "topic": "travel_time", "subtopic": "drive_time", "prompt": "You need to travel about 50 miles at around 55 mph. About how many hours will it take?", "split": "test", "exact_value": 0.9054545454545454}
{"id": "travel_time_000415", "topic": "travel_time", "subtopic": "drive_time", "prompt": "You need to travel about 129 miles at around 65 mph. About how many hours will it take?", "split": "test", "exact_value": 1.9799999999999998}
{"id": "travel_time_000416", "topic": "travel_time", "subtopic": "drive_time", "prompt": "You need to travel about 45 miles at around 35 mph. About how many hours will it take?", "split": "test", "exact_value": 1.2942857142857143}
{"id": "travel_time_000417", "topic": "travel_time", "subtopic": "drive_time", "prompt": "You need to travel about 67 miles at around 35 mph. About how many hours will it take?", "split": "test", "exact_value": 1.9200000000000002}
{"id": "travel_time_000418", "topic": "travel_time", "subtopic": "drive_time", "prompt": "You need to travel about 83 miles at around 65 mph. About how many hours will it take?", "split": "test", "exact_value": 1.28}
{"id": "travel_time_000419", "topic": "travel_time", "subtopic": "drive_time", "prompt": "You need to travel about 202 miles at around 65 mph. About how many hours will it take?", "split": "test", "exact_value": 3.1}
{"id": "travel_time_000420", "topic": "travel_time", "subtopic": "drive_time", "prompt": "You need to travel about 28 miles at around 35 mph. About how many hours will it take?", "split": "test", "exact_value": 0.7857142857142857}
{"id": "travel_time_000421", "topic": "travel_time", "subtopic": "drive_time", "prompt": "You need to travel about 84 miles at around 35 mph. About how many hours will it take?", "split": "test", "exact_value": 2.3971428571428572}
{"id": "travel_time_000422", "topic": "travel_time", "subtopic": "drive_time", "prompt": "You need to travel about 147 miles at around 55 mph. About how many hours will it take?", "split": "test", "exact_value": 2.672727272727273}
{"id": "travel_time_000423", "topic": "travel_time", "subtopic": "drive_time", "prompt": "You need to travel about 32 miles at around 55 mph. About how many hours will it take?", "split": "test", "exact_value": 0.5890909090909091}
{"id": "travel_time_000424", "topic": "travel_time", "subtopic": "drive_time", "prompt": "You need to travel about 239 miles at around 35 mph. About how many hours will it take?", "split": "test", "exact_value": 6.84}
{"id": "travel_time_000425", "topic": "travel_time", "subtopic": "drive_time", "prompt": "You need to travel about 143 miles at around 65 mph. About how many hours will it take?", "split": "test", "exact_value": 2.204615384615385}
{"id": "travel_time_000426", "topic": "travel_time", "subtopic": "drive_time", "prompt": "You need to travel about 70 miles at around 55 mph. About how many hours will it take?", "split": "test", "exact_value": 1.2654545454545454}
{"id": "travel_time_000427", "topic": "travel_time", "subtopic": "drive_time", "prompt": "You need to travel about 193 miles at around 45 mph. About how many hours will it take?", "split": "test", "exact_value": 4.288888888888889}
{"id": "travel_time_000428", "topic": "travel_time", "subtopic": "drive_time", "prompt": "You need to travel about 18 miles at around 65 mph. About how many hours will it take?", "split": "test", "exact_value": 0.27999999999999997}
{"id": "travel_time_000429", "topic": "travel_time", "subtopic": "drive_time", "prompt": "You need to travel about 182 miles at around 65 mph. About how many hours will it take?", "split": "test", "exact_value": 2.8015384615384615}
{"id": "travel_time_000430", "topic": "travel_time", "subtopic": "drive_time", "prompt": "You need to travel about 209 miles at around 55 mph. About how many hours will it take?", "split": "test", "exact_value": 3.8}
{"id": "travel_time_000431", "topic": "travel_time", "subtopic": "drive_time", "prompt": "You need to travel about 141 miles at around 45 mph. About how many hours will it take?", "split": "test", "exact_value": 3.14}
{"id": "travel_time_000432", "topic": "travel_time", "subtopic": "drive_time", "prompt": "You need to travel about 56 miles at around 25 mph. About how many hours will it take?", "split": "test", "exact_value": 2.224}
{"id": "travel_time_000433", "topic": "travel_time", "subtopic": "drive_time", "prompt": "You need to travel about 218 miles at around 25 mph. About how many hours will it take?", "split": "test", "exact_value": 8.708}
{"id": "travel_time_000434", "topic": "travel_time", "subtopic": "drive_time", "prompt": "You need to travel about 135 miles at around 25 mph. About how many hours will it take?", "split": "test", "exact_value": 5.388}
{"id": "travel_time_000435", "topic": "travel_time", "subtopic": "drive_time", "prompt": "You need to travel about 156 miles at around 25 mph. About how many hours will it take?", "split": "test", "exact_value": 6.236000000000001}
{"id": "travel_time_000436", "topic": "travel_time", "subtopic": "drive_time", "prompt": "You need to travel about 145 miles at around 55 mph. About how many hours will it take?", "split": "test", "exact_value": 2.6436363636363636}
{"id": "travel_time_000437", "topic": "travel_time", "subtopic": "drive_time", "prompt": "You need to travel about 63 miles at around 35 mph. About how many hours will it take?", "split": "test", "exact_value": 1.7942857142857143}
{"id": "travel_time_000438", "topic": "travel_time", "subtopic": "drive_time", "prompt": "You need to travel about 94 miles at around 35 mph. About how many hours will it take?", "split": "test", "exact_value": 2.6714285714285713}
{"id": "travel_time_000439", "topic": "travel_time", "subtopic": "drive_time", "prompt": "You need to travel about 119 miles at around 35 mph. About how many hours will it take?", "split": "test", "exact_value": 3.4}
{"id": "travel_time_000440", "topic": "travel_time", "subtopic": "drive_time", "prompt": "You need to travel about 219 miles at around 45 mph. About how many hours will it take?", "split": "test", "exact_value": 4.862222222222223}
{"id": "travel_time_000441", "topic": "travel_time", "subtopic": "drive_time", "prompt": "You need to travel about 104 miles at around 35 mph. About how many hours will it take?", "split": "test", "exact_value": 2.982857142857143}
{"id": "travel_time_000442", "topic": "travel_time", "subtopic": "drive_time", "prompt": "You need to travel about 104 miles at around 55 mph. About how many hours will it take?", "split": "test", "exact_value": 1.8909090909090909}
{"id": "travel_time_000443", "topic": "travel_time", "subtopic": "drive_time", "prompt": "You need to travel about 180 miles at around 35 mph. About how many hours will it take?", "split": "test", "exact_value": 5.151428571428572}
{"id": "travel_time_000444", "topic": "travel_time", "subtopic": "drive_time", "prompt": "You need to travel about 106 miles at around 65 mph. About how many hours will it take?", "split": "test", "exact_value": 1.6292307692307693}
{"id": "travel_time_000445", "topic": "travel_time", "subtopic": "drive_time", "prompt": "You need to travel about 39 miles at around 45 mph. About how many hours will it take?", "split": "test", "exact_value": 0.8711111111111112}
{"id": "travel_time_000446", "topic": "travel_time", "subtopic": "drive_time", "prompt": "You need to travel about 196 miles at around 65 mph. About how many hours will it take?", "split": "test", "exact_value": 3.0107692307692306}
{"id": "travel_time_000447", "topic": "travel_time", "subtopic": "drive_time", "prompt": "You need to travel about 140 miles at around 55 mph. About how many hours will it take?", "split": "test", "exact_value": 2.536363636363636}
{"id": "travel_time_000448", "topic": "travel_time", "subtopic": "drive_time", "prompt": "You need to travel about 208 miles at around 35 mph. About how many hours will it take?", "split": "test", "exact_value": 5.951428571428572}
{"id": "travel_time_000449", "topic": "travel_time", "subtopic": "drive_time", "prompt": "You need to travel about 133 miles at around 35 mph. About how many hours will it take?", "split": "test", "exact_value": 3.7942857142857145}
{"id": "travel_time_000450", "topic": "travel_time", "subtopic": "drive_time", "prompt": "You need to travel about 167 miles at around 35 mph. About how many hours will it take?", "split": "test", "exact_value": 4.782857142857143}
{"id": "travel_time_000451", "topic": "travel_time", "subtopic": "drive_time", "prompt": "You need to travel about 227 miles at around 35 mph. About how many hours will it take?", "split": "test", "exact_value": 6.497142857142857}
{"id": "travel_time_000452", "topic": "travel_time", "subtopic": "drive_time", "prompt": "You need to travel about 20 miles at around 55 mph. About how many hours will it take?", "split": "test", "exact_value": 0.36363636363636365}
{"id": "travel_time_000453", "topic": "travel_time", "subtopic": "drive_time", "prompt": "You need to travel about 44 miles at around 35 mph. About how many hours will it take?", "split": "test", "exact_value": 1.26}
{"id": "travel_time_000454", "topic": "travel_time", "subtopic": "drive_time", "prompt": "You need to travel about 44 miles at around 35 mph. About how many hours will it take?", "split": "test", "exact_value": 1.2571428571428571}
{"id": "travel_time_000455", "topic": "travel_time", "subtopic": "drive_time", "prompt": "You need to travel about 227 miles at around 35 mph. About how many hours will it take?", "split": "test", "exact_value": 6.494285714285715}
{"id": "travel_time_000456", "topic": "travel_time", "subtopic": "drive_time", "prompt": "You need to travel about 51 miles at around 25 mph. About how many hours will it take?", "split": "test", "exact_value": 2.048}
{"id": "travel_time_000457", "topic": "travel_time", "subtopic": "drive_time", "prompt": "You need to travel about 51 miles at around 45 mph. About how many hours will it take?", "split": "test", "exact_value": 1.14}
{"id": "travel_time_000458", "topic": "travel_time", "subtopic": "drive_time", "prompt": "You need to travel about 46 miles at around 35 mph. About how many hours will it take?", "split": "test", "exact_value": 1.3285714285714285}
{"id": "travel_time_000459", "topic": "travel_time", "subtopic": "drive_time", "prompt": "You need to travel about 56 miles at around 65 mph. About how many hours will it take?", "split": "test", "exact_value": 0.8630769230769231}
{"id": "travel_time_000460", "topic": "travel_time", "subtopic": "drive_time", "prompt": "You need to travel about 239 miles at around 55 mph. About how many hours will it take?", "split": "test", "exact_value": 4.34}
{"id": "travel_time_000461", "topic": "travel_time", "subtopic": "drive_time", "prompt": "You need to travel about 39 miles at around 25 mph. About how many hours will it take?", "split": "test", "exact_value": 1.56}
{"id": "travel_time_000462", "topic": "travel_time", "subtopic": "drive_time", "prompt": "You need to travel about 186 miles at around 45 mph. About how many hours will it take?", "split": "test", "exact_value": 4.140000000000001}
{"id": "travel_time_000463", "topic": "travel_time", "subtopic": "drive_time", "prompt": "You need to travel about 221 miles at around 25 mph. About how many hours will it take?", "split": "test", "exact_value": 8.844}
{"id": "travel_time_000464", "topic": "travel_time", "subtopic": "drive_time", "prompt": "You need to travel about 211 miles at around 25 mph. About how many hours will it take?", "split": "test", "exact_value": 8.448}
{"id": "travel_time_000465", "topic": "travel_time", "subtopic": "drive_time", "prompt": "You need to travel about 240 miles at around 45 mph. About how many hours will it take?", "split": "test", "exact_value": 5.326666666666666}
{"id": "travel_time_000466", "topic": "travel_time", "subtopic": "drive_time", "prompt": "You need to travel about 22 miles at around 45 mph. About how many hours will it take?", "split": "test", "exact_value": 0.5}
{"id": "travel_time_000467", "topic": "travel_time", "subtopic": "drive_time", "prompt": "You need to travel about 84 miles at around 35 mph. About how many hours will it take?", "split": "test", "exact_value": 2.414285714285714}
{"id": "travel_time_000468", "topic": "travel_time", "subtopic": "drive_time", "prompt": "You need to travel about 49 miles at around 35 mph. About how many hours will it take?", "split": "test", "exact_value": 1.3885714285714286}
{"id": "travel_time_000469", "topic": "travel_time", "subtopic": "drive_time", "prompt": "You need to travel about 64 miles at around 45 mph. About how many hours will it take?", "split": "test", "exact_value": 1.4244444444444444}
{"id": "travel_time_000470", "topic": "travel_time", "subtopic": "drive_time", "prompt": "You need to travel about 96 miles at around 25 mph. About how many hours will it take?", "split": "test", "exact_value": 3.844}
{"id": "travel_time_000471", "topic": "travel_time", "subtopic": "drive_time", "prompt": "You need to travel about 128 miles at around 65 mph. About how many hours will it take?", "split": "test", "exact_value": 1.9661538461538461}
{"id": "travel_time_000472", "topic": "travel_time", "subtopic": "drive_time", "prompt": "You need to travel about 57 miles at around 35 mph. About how many hours will it take?", "split": "test", "exact_value": 1.6228571428571428}
{"id": "travel_time_000473", "topic": "travel_time", "subtopic": "drive_time", "prompt": "You need to travel about 218 miles at around 45 mph. About how many hours will it take?", "split": "test", "exact_value": 4.837777777777777}
{"id": "travel_time_000474", "topic": "travel_time", "subtopic": "drive_time", "prompt": "You need to travel about 13 miles at around 55 mph. About how many hours will it take?", "split": "test", "exact_value": 0.2381818181818182}
{"id": "travel_time_000475", "topic": "travel_time", "subtopic": "drive_time", "prompt": "You need to travel about 219 miles at around 65 mph. About how many hours will it take?", "split": "test", "exact_value": 3.363076923076923}
{"id": "travel_time_000476", "topic": "travel_time", "subtopic": "drive_time", "prompt": "You need to travel about 168 miles at around 35 mph. About how many hours will it take?", "split": "test", "exact_value": 4.785714285714286}
{"id": "travel_time_000477", "topic": "travel_time", "subtopic": "drive_time", "prompt": "You need to travel about 156 miles at around 55 mph. About how many hours will it take?", "split": "test", "exact_value": 2.8363636363636364}
{"id": "travel_time_000478", "topic": "travel_time", "subtopic": "drive_time", "prompt": "You need to travel about 70 miles at around 45 mph. About how many hours will it take?", "split": "test", "exact_value": 1.5644444444444445}
{"id": "travel_time_000479", "topic": "travel_time", "subtopic": "drive_time", "prompt": "You need to travel about 222 miles at around 45 mph. About how many hours will it take?", "split": "test", "exact_value": 4.931111111111111}
{"id": "travel_time_000480", "topic": "travel_time", "subtopic": "drive_time", "prompt": "You need to travel about 135 miles at around 35 mph. About how many hours will it take?", "split": "test", "exact_value": 3.8542857142857145}
{"id": "travel_time_000481", "topic": "travel_time", "subtopic": "drive_time", "prompt": "You need to travel about 54 miles at around 65 mph. About how many hours will it take?", "split": "test", "exact_value": 0.8261538461538462}
{"id": "travel_time_000482", "topic": "travel_time", "subtopic": "drive_time", "prompt": "You need to travel about 110 miles at around 65 mph. About how many hours will it take?", "split": "test", "exact_value": 1.6923076923076923}
{"id": "travel_time_000483", "topic": "travel_time", "subtopic": "drive_time", "prompt": "You need to travel about 91 miles at around 65 mph. About how many hours will it take?", "split": "test", "exact_value": 1.396923076923077}
{"id": "travel_time_000484", "topic": "travel_time", "subtopic": "drive_time", "prompt": "You need to travel about 24 miles at around 65 mph. About how many hours will it take?", "split": "test", "exact_value": 0.3646153846153846}
{"id": "travel_time_000485", "topic": "travel_time", "subtopic": "drive_time", "prompt": "You need to travel about 10 miles at around 35 mph. About how many hours will it take?", "split": "test", "exact_value": 0.28857142857142853}
{"id": "travel_time_000486", "topic": "travel_time", "subtopic": "drive_time", "prompt": "You need to travel about 184 miles at around 65 mph. About how many hours will it take?", "split": "test", "exact_value": 2.8338461538461535}
{"id": "travel_time_000487", "topic": "travel_time", "subtopic": "drive_time", "prompt": "You need to travel about 155 miles at around 45 mph. About how many hours will it take?", "split": "test", "exact_value": 3.4488888888888884}
{"id": "travel_time_000488", "topic": "travel_time", "subtopic": "drive_time", "prompt": "You need to travel about 85 miles at around 55 mph. About how many hours will it take?", "split": "test", "exact_value": 1.5454545454545454}
{"id": "travel_time_000489", "topic": "travel_time", "subtopic": "drive_time", "prompt": "You need to travel about 90 miles at around 45 mph. About how many hours will it take?", "split": "test", "exact_value": 1.9977777777777779}
{"id": "travel_time_000490", "topic": "travel_time", "subtopic": "drive_time", "prompt": "You need to travel about 19 miles at around 35 mph. About how many hours will it take?", "split": "test", "exact_value": 0.5399999999999999}
{"id": "travel_time_000491", "topic": "travel_time", "subtopic": "drive_time", "prompt": "You need to travel about 86 miles at around 55 mph. About how many hours will it take?", "split": "test", "exact_value": 1.5672727272727274}
{"id": "travel_time_000492", "topic": "travel_time", "subtopic": "drive_time", "prompt": "You need to travel about 35 miles at around 35 mph. About how many hours will it take?", "split": "test", "exact_value": 1.0085714285714285}
{"id": "travel_time_000493", "topic": "travel_time", "subtopic": "drive_time", "prompt": "You need to travel about 179 miles at around 35 mph. About how many hours will it take?", "split": "test", "exact_value": 5.1171428571428565}
{"id": "travel_time_000494", "topic": "travel_time", "subtopic": "drive_time", "prompt": "You need to travel about 8 miles at around 55 mph. About how many hours will it take?", "split": "test", "exact_value": 0.1509090909090909}
{"id": "travel_time_000495", "topic": "travel_time", "subtopic": "drive_time", "prompt": "You need to travel about 6 miles at around 55 mph. About how many hours will it take?", "split": "test", "exact_value": 0.1109090909090909}
{"id": "travel_time_000496", "topic": "travel_time", "subtopic": "drive_time", "prompt": "You need to travel about 210 miles at around 25 mph. About how many hours will it take?", "split": "test", "exact_value": 8.416}
{"id": "travel_time_000497", "topic": "travel_time", "subtopic": "drive_time", "prompt": "You need to travel about 136 miles at around 65 mph. About how many hours will it take?", "split": "test", "exact_value": 2.0923076923076924}
{"id": "travel_time_000498", "topic": "travel_time", "subtopic": "drive_time", "prompt": "You need to travel about 196 miles at around 65 mph. About how many hours will it take?", "split": "test", "exact_value": 3.016923076923077}
{"id": "travel_time_000499", "topic": "travel_time", "subtopic": "drive_time", "prompt": "You need to travel about 199 miles at around 55 mph. About how many hours will it take?", "split": "test", "exact_value": 3.62}
{"id": "travel_time_000500", "topic": "travel_time", "subtopic": "drive_time", "prompt": "You need to travel about 165 miles at around 45 mph. About how many hours will it take?", "split": "test", "exact_value": 3.6688888888888886}
{"id": "travel_time_000501", "topic": "travel_time", "subtopic": "drive_time", "prompt": "You need to travel about 115 miles at around 45 mph. About how many hours will it take?", "split": "test", "exact_value": 2.5466666666666664}
{"id": "travel_time_000502", "topic": "travel_time", "subtopic": "drive_time", "prompt": "You need to travel about 44 miles at around 65 mph. About how many hours will it take?", "split": "test", "exact_value": 0.6846153846153846}
{"id": "travel_time_000503", "topic": "travel_time", "subtopic": "drive_time", "prompt": "You need to travel about 28 miles at around 65 mph. About how many hours will it take?", "split": "test", "exact_value": 0.4307692307692308}
{"id": "travel_time_000504", "topic": "travel_time", "subtopic": "drive_time", "prompt": "You need to travel about 64 miles at around 45 mph. About how many hours will it take?", "split": "test", "exact_value": 1.4155555555555557}
{"id": "travel_time_000505", "topic": "travel_time", "subtopic": "drive_time", "prompt": "You need to travel about 229 miles at around 55 mph. About how many hours will it take?", "split": "test", "exact_value": 4.167272727272727}
{"id": "travel_time_000506", "topic": "travel_time", "subtopic": "drive_time", "prompt": "You need to travel about 209 miles at around 25 mph. About how many hours will it take?", "split": "test", "exact_value": 8.372}
{"id": "travel_time_000507", "topic": "travel_time", "subtopic": "drive_time", "prompt": "You need to travel about 136 miles at around 55 mph. About how many hours will it take?", "split": "test", "exact_value": 2.4672727272727273}
{"id": "travel_time_000508", "topic": "travel_time", "subtopic": "drive_time", "prompt": "You need to travel about 139 miles at around 35 mph. About how many hours will it take?", "split": "test", "exact_value": 3.9800000000000004}
{"id": "travel_time_000509", "topic": "travel_time", "subtopic": "drive_time", "prompt": "You need to travel about 113 miles at around 25 mph. About how many hours will it take?", "split": "test", "exact_value": 4.504}
{"id": "travel_time_000510", "topic": "travel_time", "subtopic": "drive_time", "prompt": "You need to travel about 180 miles at around 45 mph. About how many hours will it take?", "split": "test", "exact_value": 4.008888888888889}
{"id": "travel_time_000511", "topic": "travel_time", "subtopic": "drive_time", "prompt": "You need to travel about 197 miles at around 45 mph. About how many hours will it take?", "split": "test", "exact_value": 4.386666666666667}
{"id": "travel_time_000512", "topic": "travel_time", "subtopic": "drive_time", "prompt": "You need to travel about 194 miles at around 45 mph. About how many hours will it take?", "split": "test", "exact_value": 4.304444444444444}
{"id": "travel_time_000513", "topic": "travel_time", "subtopic": "drive_time", "prompt": "You need to travel about 215 miles at around 25 mph. About how many hours will it take?", "split": "test", "exact_value": 8.588}
{"id": "travel_time_000514", "topic": "travel_time", "subtopic": "drive_time", "prompt": "You need to travel about 192 miles at around 25 mph. About how many hours will it take?", "split": "test", "exact_value": 7.684}
{"id": "travel_time_000515", "topic": "travel_time", "subtopic": "drive_time", "prompt": "You need to travel about 215 miles at around 45 mph. About how many hours will it take?", "split": "test", "exact_value": 4.771111111111111}
{"id": "travel_time_000516", "topic": "travel_time", "subtopic": "drive_time", "prompt": "You need to travel about 88 miles at around 55 mph. About how many hours will it take?", "split": "test", "exact_value": 1.6072727272727274}
{"id": "travel_time_000517", "topic": "travel_time", "subtopic": "drive_time", "prompt": "You need to travel about 47 miles at around 45 mph. About how many hours will it take?", "split": "test", "exact_value": 1.04}
{"id": "travel_time_000518", "topic": "travel_time", "subtopic": "drive_time", "prompt": "You need to travel about 235 miles at around 35 mph. About how many hours will it take?", "split": "test", "exact_value": 6.711428571428572}
{"id": "travel_time_000519", "topic": "travel_time", "subtopic": "drive_time", "prompt": "You need to travel about 104 miles at around 55 mph. About how many hours will it take?", "split": "test", "exact_value": 1.8981818181818182}
{"id": "travel_time_000520", "topic": "travel_time", "subtopic": "drive_time", "prompt": "You need to travel about 110 miles at around 65 mph. About how many hours will it take?", "split": "test", "exact_value": 1.6876923076923078}
{"id": "travel_time_000521", "topic": "travel_time", "subtopic": "drive_time", "prompt": "You need to travel about 11 miles at around 65 mph. About how many hours will it take?", "split": "test", "exact_value": 0.1723076923076923}
{"id": "travel_time_000522", "topic": "travel_time", "subtopic": "drive_time", "prompt": "You need to travel about 199 miles at around 25 mph. About how many hours will it take?", "split": "test", "exact_value": 7.976}
{"id": "travel_time_000523", "topic": "travel_time", "subtopic": "drive_time", "prompt": "You need to travel about 179 miles at around 65 mph. About how many hours will it take?", "split": "test", "exact_value": 2.749230769230769}
{"id": "travel_time_000524", "topic": "travel_time", "subtopic": "drive_time", "prompt": "You need to travel about 100 miles at around 55 mph. About how many hours will it take?", "split": "test", "exact_value": 1.809090909090909}
{"id": "travel_time_000525", "topic": "travel_time", "subtopic": "drive_time", "prompt": "You need to travel about 13 miles at around 35 mph. About how many hours will it take?", "split": "test", "exact_value": 0.38}
{"id": "travel_time_000526", "topic": "travel_time", "subtopic": "drive_time", "prompt": "You need to travel about 105 miles at around 45 mph. About how many hours will it take?", "split": "test", "exact_value": 2.3266666666666667}
{"id": "travel_time_000527", "topic": "travel_time", "subtopic": "drive_time", "prompt": "You need to travel about 45 miles at around 45 mph. About how many hours will it take?", "split": "test", "exact_value": 1.0022222222222223}
{"id": "travel_time_000528", "topic": "travel_time", "subtopic": "drive_time", "prompt": "You need to travel about 203 miles at around 45 mph. About how many hours will it take?", "split": "test", "exact_value": 4.511111111111111}
{"id": "travel_time_000529", "topic": "travel_time", "subtopic": "drive_time", "prompt": "You need to travel about 184 miles at around 35 mph. About how many hours will it take?", "split": "test", "exact_value": 5.242857142857143}
{"id": "travel_time_000530", "topic": "travel_time", "subtopic": "drive_time", "prompt": "You need to travel about 10 miles at around 45 mph. About how many hours will it take?", "split": "test", "exact_value": 0.23333333333333334}
{"id": "travel_time_000531", "topic": "travel_time", "subtopic": "drive_time", "prompt": "You need to travel about 69 miles at around 35 mph. About how many hours will it take?", "split": "test", "exact_value": 1.9599999999999997}
{"id": "travel_time_000532", "topic": "travel_time", "subtopic": "drive_time", "prompt": "You need to travel about 38 miles at around 55 mph. About how many hours will it take?", "split": "test", "exact_value": 0.6909090909090909}
{"id": "travel_time_000533", "topic": "travel_time", "subtopic": "drive_time", "prompt": "You need to travel about 154 miles at around 45 mph. About how many hours will it take?", "split": "test", "exact_value": 3.422222222222222}
{"id": "travel_time_000534", "topic": "travel_time", "subtopic": "drive_time", "prompt": "You need to travel about 237 miles at around 45 mph. About how many hours will it take?", "split": "test", "exact_value": 5.273333333333333}
{"id": "travel_time_000535", "topic": "travel_time", "subtopic": "drive_time", "prompt": "You need to travel about 209 miles at around 35 mph. About how many hours will it take?", "split": "test", "exact_value": 5.974285714285714}
{"id": "travel_time_000536", "topic": "travel_time", "subtopic": "drive_time", "prompt": "You need to travel about 117 miles at around 45 mph. About how many hours will it take?", "split": "test", "exact_value": 2.608888888888889}
{"id": "travel_time_000537", "topic": "travel_time", "subtopic": "drive_time", "prompt": "You need to travel about 40 miles at around 45 mph. About how many hours will it take?", "split": "test", "exact_value": 0.8911111111111112}
{"id": "travel_time_000538", "topic": "travel_time", "subtopic": "drive_time", "prompt": "You need to travel about 50 miles at around 25 mph. About how many hours will it take?", "split": "test", "exact_value": 1.9880000000000002}
{"id": "travel_time_000539", "topic": "travel_time", "subtopic": "drive_time", "prompt": "You need to travel about 15 miles at around 25 mph. About how many hours will it take?", "split": "test", "exact_value": 0.604}
{"id": "travel_time_000540", "topic": "travel_time", "subtopic": "drive_time", "prompt": "You need to travel about 84 miles at around 55 mph. About how many hours will it take?", "split": "test", "exact_value": 1.5236363636363637}
{"id": "travel_time_000541", "topic": "travel_time", "subtopic": "drive_time", "prompt": "You need to travel about 130 miles at around 25 mph. About how many hours will it take?", "split": "test", "exact_value": 5.216}
{"id": "travel_time_000542", "topic": "travel_time", "subtopic": "drive_time", "prompt": "You need to travel about 150 miles at around 45 mph. About how many hours will it take?", "split": "test", "exact_value": 3.3444444444444446}
{"id": "travel_time_000543", "topic": "travel_time", "subtopic": "drive_time", "prompt": "You need to travel about 62 miles at around 25 mph. About how many hours will it take?", "split": "test", "exact_value": 2.464}
{"id": "travel_time_000544", "topic": "travel_time", "subtopic": "drive_time", "prompt": "You need to travel about 181 miles at around 35 mph. About how many hours will it take?", "split": "test", "exact_value": 5.16}
{"id": "travel_time_000545", "topic": "travel_time", "subtopic": "drive_time", "prompt": "You need to travel about 43 miles at around 45 mph. About how many hours will it take?", "split": "test", "exact_value": 0.9644444444444444}
{"id": "travel_time_000546", "topic": "travel_time", "subtopic": "drive_time", "prompt": "You need to travel about 43 miles at around 55 mph. About how many hours will it take?", "split": "test", "exact_value": 0.7890909090909091}
{"id": "travel_time_000547", "topic": "travel_time", "subtopic": "drive_time", "prompt": "You need to travel about 70 miles at around 55 mph. About how many hours will it take?", "split": "test", "exact_value": 1.269090909090909}
{"id": "travel_time_000548", "topic": "travel_time", "subtopic": "drive_time", "prompt": "You need to travel about 71 miles at around 65 mph. About how many hours will it take?", "split": "test", "exact_value": 1.0953846153846154}
{"id": "travel_time_000549", "topic": "travel_time", "subtopic": "drive_time", "prompt": "You need to travel about 114 miles at around 55 mph. About how many hours will it take?", "split": "test", "exact_value": 2.070909090909091}
{"id": "travel_time_000550", "topic": "travel_time", "subtopic": "drive_time", "prompt": "You need to travel about 108 miles at around 55 mph. About how many hours will it take?", "split": "test", "exact_value": 1.9636363636363636}
{"id": "travel_time_000551", "topic": "travel_time", "subtopic": "drive_time", "prompt": "You need to travel about 73 miles at around 35 mph. About how many hours will it take?", "split": "test", "exact_value": 2.0942857142857143}
{"id": "travel_time_000552", "topic": "travel_time", "subtopic": "drive_time", "prompt": "You need to travel about 124 miles at around 35 mph. About how many hours will it take?", "split": "test", "exact_value": 3.5428571428571427}
{"id": "travel_time_000553", "topic": "travel_time", "subtopic": "drive_time", "prompt": "You need to travel about 14 miles at around 25 mph. About how many hours will it take?", "split": "test", "exact_value": 0.5479999999999999}
{"id": "travel_time_000554", "topic": "travel_time", "subtopic": "drive_time", "prompt": "You need to travel about 113 miles at around 25 mph. About how many hours will it take?", "split": "test", "exact_value": 4.524}
{"id": "travel_time_000555", "topic": "travel_time", "subtopic": "drive_time", "prompt": "You need to travel about 178 miles at around 25 mph. About how many hours will it take?", "split": "test", "exact_value": 7.104}
{"id": "travel_time_000556", "topic": "travel_time", "subtopic": "drive_time", "prompt": "You need to travel about 177 miles at around 25 mph. About how many hours will it take?", "split": "test", "exact_value": 7.0920000000000005}
{"id": "travel_time_000557", "topic": "travel_time", "subtopic": "drive_time", "prompt": "You need to travel about 37 miles at around 45 mph. About how many hours will it take?", "split": "test", "exact_value": 0.8177777777777777}
{"id": "travel_time_000558", "topic": "travel_time", "subtopic": "drive_time", "prompt": "You need to travel about 128 miles at around 25 mph. About how many hours will it take?", "split": "test", "exact_value": 5.124}
{"id": "travel_time_000559", "topic": "travel_time", "subtopic": "drive_time", "prompt": "You need to travel about 92 miles at around 65 mph. About how many hours will it take?", "split": "test", "exact_value": 1.4215384615384616}
{"id": "travel_time_000560", "topic": "travel_time", "subtopic": "drive_time", "prompt": "You need to travel about 155 miles at around 35 mph. About how many hours will it take?", "split": "test", "exact_value": 4.44}
{"id": "travel_time_000561", "topic": "travel_time", "subtopic": "drive_time", "prompt": "You need to travel about 30 miles at around 65 mph. About how many hours will it take?", "split": "test", "exact_value": 0.4553846153846154}
{"id": "travel_time_000562", "topic": "travel_time", "subtopic": "drive_time", "prompt": "You need to travel about 118 miles at around 65 mph. About how many hours will it take?", "split": "test", "exact_value": 1.8215384615384616}
{"id": "travel_time_000563", "topic": "travel_time", "subtopic": "drive_time", "prompt": "You need to travel about 158 miles at around 25 mph. About how many hours will it take?", "split": "test", "exact_value": 6.336}
{"id": "travel_time_000564", "topic": "travel_time", "subtopic": "drive_time", "prompt": "You need to travel about 71 miles at around 65 mph. About how many hours will it take?", "split": "test", "exact_value": 1.0876923076923077}
{"id": "travel_time_000565", "topic": "travel_time", "subtopic": "drive_time", "prompt": "You need to travel about 21 miles at around 25 mph. About how many hours will it take?", "split": "test", "exact_value": 0.856}
{"id": "travel_time_000566", "topic": "travel_time", "subtopic": "drive_time", "prompt": "You need to travel about 160 miles at around 25 mph. About how many hours will it take?", "split": "test", "exact_value": 6.3839999999999995}
{"id": "travel_time_000567", "topic": "travel_time", "subtopic": "drive_time", "prompt": "You need to travel about 108 miles at around 35 mph. About how many hours will it take?", "split": "test", "exact_value": 3.0914285714285716}
{"id": "travel_time_000568", "topic": "travel_time", "subtopic": "drive_time", "prompt": "You need to travel about 167 miles at around 45 mph. About how many hours will it take?", "split": "test", "exact_value": 3.7022222222222223}
{"id": "travel_time_000569", "topic": "travel_time", "subtopic": "drive_time", "prompt": "You need to travel about 221 miles at around 35 mph. About how many hours will it take?", "split": "test", "exact_value": 6.3028571428571425}
{"id": "travel_time_000570", "topic": "travel_time", "subtopic": "drive_time", "prompt": "You need to travel about 240 miles at around 45 mph. About how many hours will it take?", "split": "test", "exact_value": 5.328888888888889}
{"id": "travel_time_000571", "topic": "travel_time", "subtopic": "drive_time", "prompt": "You need to travel about 139 miles at around 35 mph. About how many hours will it take?", "split": "test", "exact_value": 3.96}
{"id": "travel_time_000572", "topic": "travel_time", "subtopic": "drive_time", "prompt": "You need to travel about 9 miles at around 55 mph. About how many hours will it take?", "split": "test", "exact_value": 0.16}
{"id": "travel_time_000573", "topic": "travel_time", "subtopic": "drive_time", "prompt": "You need to travel about 73 miles at around 45 mph. About how many hours will it take?", "split": "test", "exact_value": 1.6222222222222222}
{"id": "travel_time_000574", "topic": "travel_time", "subtopic": "drive_time", "prompt": "You need to travel about 25 miles at around 25 mph. About how many hours will it take?", "split": "test", "exact_value": 1.004}
{"id": "travel_time_000575", "topic": "travel_time", "subtopic": "drive_time", "prompt": "You need to travel about 19 miles at around 25 mph. About how many hours will it take?", "split": "test", "exact_value": 0.7559999999999999}
{"id": "travel_time_000576", "topic": "travel_time", "subtopic": "drive_time", "prompt": "You need to travel about 163 miles at around 45 mph. About how many hours will it take?", "split": "test", "exact_value": 3.6155555555555554}
{"id": "travel_time_000577", "topic": "travel_time", "subtopic": "drive_time", "prompt": "You need to travel about 166 miles at around 35 mph. About how many hours will it take?", "split": "test", "exact_value": 4.742857142857143}
{"id": "travel_time_000578", "topic": "travel_time", "subtopic": "drive_time", "prompt": "You need to travel about 23 miles at around 45 mph. About how many hours will it take?", "split": "test", "exact_value": 0.5022222222222222}
{"id": "travel_time_000579", "topic": "travel_time", "subtopic": "drive_time", "prompt": "You need to travel about 92 miles at around 25 mph. About how many hours will it take?", "split": "test", "exact_value": 3.6839999999999997}
{"id": "travel_time_000580", "topic": "travel_time", "subtopic": "drive_time", "prompt": "You need to travel about 56 miles at around 45 mph. About how many hours will it take?", "split": "test", "exact_value": 1.2444444444444445}
{"id": "travel_time_000581", "topic": "travel_time", "subtopic": "drive_time", "prompt": "You need to travel about 176 miles at around 65 mph. About how many hours will it take?", "split": "test", "exact_value": 2.709230769230769}
{"id": "travel_time_000582", "topic": "travel_time", "subtopic": "drive_time", "prompt": "You need to travel about 112 miles at around 45 mph. About how many hours will it take?", "split": "test", "exact_value": 2.491111111111111}
{"id": "travel_time_000583", "topic": "travel_time", "subtopic": "drive_time", "prompt": "You need to travel about 14 miles at around 55 mph. About how many hours will it take?", "split": "test", "exact_value": 0.25636363636363635}
{"id": "travel_time_000584", "topic": "travel_time", "subtopic": "drive_time", "prompt": "You need to travel about 9 miles at around 55 mph. About how many hours will it take?", "split": "test", "exact_value": 0.15636363636363634}
{"id": "travel_time_000585", "topic": "travel_time", "subtopic": "drive_time", "prompt": "You need to travel about 110 miles at around 45 mph. About how many hours will it take?", "split": "test", "exact_value": 2.433333333333333}
{"id": "travel_time_000586", "topic": "travel_time", "subtopic": "drive_time", "prompt": "You need to travel about 157 miles at around 45 mph. About how many hours will it take?", "split": "test", "exact_value": 3.493333333333333}
{"id": "travel_time_000587", "topic": "travel_time", "subtopic": "drive_time", "prompt": "You need to travel about 32 miles at around 65 mph. About how many hours will it take?", "split": "test", "exact_value": 0.49692307692307686}
{"id": "travel_time_000588", "topic": "travel_time", "subtopic": "drive_time", "prompt": "You need to travel about 59 miles at around 25 mph. About how many hours will it take?", "split": "test", "exact_value": 2.344}
{"id": "travel_time_000589", "topic": "travel_time", "subtopic": "drive_time", "prompt": "You need to travel about 83 miles at around 25 mph. About how many hours will it take?", "split": "test", "exact_value": 3.324}
{"id": "travel_time_000590", "topic": "travel_time", "subtopic": "drive_time", "prompt": "You need to travel about 138 miles at around 25 mph. About how many hours will it take?", "split": "test", "exact_value": 5.528}
{"id": "travel_time_000591", "topic": "travel_time", "subtopic": "drive_time", "prompt": "You need to travel about 68 miles at around 35 mph. About how many hours will it take?", "split": "test", "exact_value": 1.9285714285714286}
{"id": "travel_time_000592", "topic": "travel_time", "subtopic": "drive_time", "prompt": "You need to travel about 224 miles at around 55 mph. About how many hours will it take?", "split": "test", "exact_value": 4.070909090909091}
{"id": "travel_time_000593", "topic": "travel_time", "subtopic": "drive_time", "prompt": "You need to travel about 17 miles at around 35 mph. About how many hours will it take?", "split": "test", "exact_value": 0.4914285714285714}
{"id": "travel_time_000594", "topic": "travel_time", "subtopic": "drive_time", "prompt": "You need to travel about 20 miles at around 35 mph. About how many hours will it take?", "split": "test", "exact_value": 0.5800000000000001}
{"id": "travel_time_000595", "topic": "travel_time", "subtopic": "drive_time", "prompt": "You need to travel about 132 miles at around 25 mph. About how many hours will it take?", "split": "test", "exact_value": 5.276}
{"id": "travel_time_000596", "topic": "travel_time", "subtopic": "drive_time", "prompt": "You need to travel about 30 miles at around 45 mph. About how many hours will it take?", "split": "test", "exact_value": 0.6577777777777778}
{"id": "travel_time_000597", "topic": "travel_time", "subtopic": "drive_time", "prompt": "You need to travel about 34 miles at around 25 mph. About how many hours will it take?", "split": "test", "exact_value": 1.348}
{"id": "travel_time_000598", "topic": "travel_time", "subtopic": "drive_time", "prompt": "You need to travel about 218 miles at around 55 mph. About how many hours will it take?", "split": "test", "exact_value": 3.9672727272727273}
{"id": "travel_time_000599", "topic": "travel_time", "subtopic": "drive_time", "prompt": "You need to travel about 46 miles at around 55 mph. About how many hours will it take?", "split": "test", "exact_value": 0.8345454545454545}
{"id": "travel_time_000600", "topic": "travel_time", "subtopic": "drive_time", "prompt": "You need to travel about 204 miles at around 45 mph. About how many hours will it take?", "split": "test", "exact_value": 4.528888888888889}
{"id": "travel_time_000601", "topic": "travel_time", "subtopic": "drive_time", "prompt": "You need to travel about 54 miles at around 45 mph. About how many hours will it take?", "split": "test", "exact_value": 1.1955555555555555}
{"id": "travel_time_000602", "topic": "travel_time", "subtopic": "drive_time", "prompt": "You need to travel about 150 miles at around 45 mph. About how many hours will it take?", "split": "test", "exact_value": 3.3288888888888892}
{"id": "travel_time_000603", "topic": "travel_time", "subtopic": "drive_time", "prompt": "You need to travel about 31 miles at around 55 mph. About how many hours will it take?", "split": "test", "exact_value": 0.5690909090909091}
{"id": "travel_time_000604", "topic": "travel_time", "subtopic": "drive_time", "prompt": "You need to travel about 30 miles at around 55 mph. About how many hours will it take?", "split": "test", "exact_value": 0.54}
{"id": "travel_time_000605", "topic": "travel_time", "subtopic": "drive_time", "prompt": "You need to travel about 231 miles at around 25 mph. About how many hours will it take?", "split": "test", "exact_value": 9.256}
{"id": "travel_time_000606", "topic": "travel_time", "subtopic": "drive_time", "prompt": "You need to travel about 154 miles at around 55 mph. About how many hours will it take?", "split": "test", "exact_value": 2.790909090909091}
{"id": "travel_time_000607", "topic": "travel_time", "subtopic": "drive_time", "prompt": "You need to travel about 49 miles at around 45 mph. About how many hours will it take?", "split": "test", "exact_value": 1.0866666666666667}
{"id": "travel_time_000608", "topic": "travel_time", "subtopic": "drive_time", "prompt": "You need to travel about 87 miles at around 25 mph. About how many hours will it take?", "split": "test", "exact_value": 3.468}
{"id": "travel_time_000609", "topic": "travel_time", "subtopic": "drive_time", "prompt": "You need to travel about 205 miles at around 25 mph. About how many hours will it take?", "split": "test", "exact_value": 8.184}
{"id": "travel_time_000610", "topic": "travel_time", "subtopic": "drive_time", "prompt": "You need to travel about 122 miles at around 55 mph. About how many hours will it take?", "split": "test", "exact_value": 2.212727272727273}
{"id": "travel_time_000611", "topic": "travel_time", "subtopic": "drive_time", "prompt": "You need to travel about 216 miles at around 35 mph. About how many hours will it take?", "split": "test", "exact_value": 6.162857142857143}
{"id": "travel_time_000612", "topic": "travel_time", "subtopic": "drive_time", "prompt": "You need to travel about 39 miles at around 55 mph. About how many hours will it take?", "split": "test", "exact_value": 0.7127272727272728}
{"id": "travel_time_000613", "topic": "travel_time", "subtopic": "drive_time", "prompt": "You need to travel about 39 miles at around 25 mph. About how many hours will it take?", "split": "test", "exact_value": 1.564}
{"id": "travel_time_000614", "topic": "travel_time", "subtopic": "drive_time", "prompt": "You need to travel about 133 miles at around 45 mph. About how many hours will it take?", "split": "test", "exact_value": 2.96}
{"id": "travel_time_000615", "topic": "travel_time", "subtopic": "drive_time", "prompt": "You need to travel about 80 miles at around 35 mph. About how many hours will it take?", "split": "test", "exact_value": 2.297142857142857}
{"id": "travel_time_000616", "topic": "travel_time", "subtopic": "drive_time", "prompt": "You need to travel about 76 miles at around 25 mph. About how many hours will it take?", "split": "test", "exact_value": 3.028}
{"id": "travel_time_000617", "topic": "travel_time", "subtopic": "drive_time", "prompt": "You need to travel about 134 miles at around 55 mph. About how many hours will it take?", "split": "test", "exact_value": 2.4363636363636365}
{"id": "travel_time_000618", "topic": "travel_time", "subtopic": "drive_time", "prompt": "You need to travel about 174 miles at around 25 mph. About how many hours will it take?", "split": "test", "exact_value": 6.96}
{"id": "travel_time_000619", "topic": "travel_time", "subtopic": "drive_time", "prompt": "You need to travel about 179 miles at around 55 mph. About how many hours will it take?", "split": "test", "exact_value": 3.250909090909091}
{"id": "travel_time_000620", "topic": "travel_time", "subtopic": "drive_time", "prompt": "You need to travel about 163 miles at around 35 mph. About how many hours will it take?", "split": "test", "exact_value": 4.668571428571429}
{"id": "travel_time_000621", "topic": "travel_time", "subtopic": "drive_time", "prompt": "You need to travel about 80 miles at around 35 mph. About how many hours will it take?", "split": "test", "exact_value": 2.274285714285714}
{"id": "travel_time_000622", "topic": "travel_time", "subtopic": "drive_time", "prompt": "You need to travel about 196 miles at around 55 mph. About how many hours will it take?", "split": "test", "exact_value": 3.5636363636363635}
{"id": "travel_time_000623", "topic": "travel_time", "subtopic": "drive_time", "prompt": "You need to travel about 14 miles at around 25 mph. About how many hours will it take?", "split": "test", "exact_value": 0.568}
{"id": "travel_time_000624", "topic": "travel_time", "subtopic": "drive_time", "prompt": "You need to travel about 222 miles at around 65 mph. About how many hours will it take?", "split": "test", "exact_value": 3.4123076923076923}
{"id": "travel_time_000625", "topic": "travel_time", "subtopic": "drive_time", "prompt": "You need to travel about 178 miles at around 65 mph. About how many hours will it take?", "split": "test", "exact_value": 2.7353846153846155}
{"id": "travel_time_000626", "topic": "travel_time", "subtopic": "drive_time", "prompt": "You need to travel about 140 miles at around 25 mph. About how many hours will it take?", "split": "test", "exact_value": 5.604}
{"id": "travel_time_000627", "topic": "travel_time", "subtopic": "drive_time", "prompt": "You need to travel about 201 miles at around 65 mph. About how many hours will it take?", "split": "test", "exact_value": 3.0892307692307694}
{"id": "travel_time_000628", "topic": "travel_time", "subtopic": "drive_time", "prompt": "You need to travel about 236 miles at around 45 mph. About how many hours will it take?", "split": "test", "exact_value": 5.2444444444444445}
{"id": "travel_time_000629", "topic": "travel_time", "subtopic": "drive_time", "prompt": "You need to travel about 187 miles at around 25 mph. About how many hours will it take?", "split": "test", "exact_value": 7.4639999999999995}
{"id": "travel_time_000630", "topic": "travel_time", "subtopic": "drive_time", "prompt": "You need to travel about 196 miles at around 65 mph. About how many hours will it take?", "split": "test", "exact_value": 3.0107692307692306}
{"id": "travel_time_000631", "topic": "travel_time", "subtopic": "drive_time", "prompt": "You need to travel about 166 miles at around 25 mph. About how many hours will it take?", "split": "test", "exact_value": 6.62}
{"id": "travel_time_000632", "topic": "travel_time", "subtopic": "drive_time", "prompt": "You need to travel about 44 miles at around 65 mph. About how many hours will it take?", "split": "test", "exact_value": 0.6723076923076924}
{"id": "travel_time_000633", "topic": "travel_time", "subtopic": "drive_time", "prompt": "You need to travel about 111 miles at around 25 mph. About how many hours will it take?", "split": "test", "exact_value": 4.444}
{"id": "travel_time_000634", "topic": "travel_time", "subtopic": "drive_time", "prompt": "You need to travel about 239 miles at around 65 mph. About how many hours will it take?", "split": "test", "exact_value": 3.670769230769231}
{"id": "travel_time_000635", "topic": "travel_time", "subtopic": "drive_time", "prompt": "You need to travel about 37 miles at around 35 mph. About how many hours will it take?", "split": "test", "exact_value": 1.0542857142857143}
{"id": "travel_time_000636", "topic": "travel_time", "subtopic": "drive_time", "prompt": "You need to travel about 126 miles at around 55 mph. About how many hours will it take?", "split": "test", "exact_value": 2.2963636363636364}
{"id": "travel_time_000637", "topic": "travel_time", "subtopic": "drive_time", "prompt": "You need to travel about 206 miles at around 45 mph. About how many hours will it take?", "split": "test", "exact_value": 4.588888888888889}
{"id": "travel_time_000638", "topic": "travel_time", "subtopic": "drive_time", "prompt": "You need to travel about 177 miles at around 45 mph. About how many hours will it take?", "split": "test", "exact_value": 3.9400000000000004}
{"id": "travel_time_000639", "topic": "travel_time", "subtopic": "drive_time", "prompt": "You need to travel about 172 miles at around 45 mph. About how many hours will it take?", "split": "test", "exact_value": 3.817777777777778}
{"id": "travel_time_000640", "topic": "travel_time", "subtopic": "drive_time", "prompt": "You need to travel about 151 miles at around 45 mph. About how many hours will it take?", "split": "test", "exact_value": 3.3622222222222224}
{"id": "travel_time_000641", "topic": "travel_time", "subtopic": "drive_time", "prompt": "You need to travel about 67 miles at around 35 mph. About how many hours will it take?", "split": "test", "exact_value": 1.9200000000000002}
{"id": "travel_time_000642", "topic": "travel_time", "subtopic": "drive_time", "prompt": "You need to travel about 75 miles at around 45 mph. About how many hours will it take?", "split": "test", "exact_value": 1.6666666666666667}
{"id": "travel_time_000643", "topic": "travel_time", "subtopic": "drive_time", "prompt": "You need to travel about 198 miles at around 35 mph. About how many hours will it take?", "split": "test", "exact_value": 5.654285714285715}
{"id": "travel_time_000644", "topic": "travel_time", "subtopic": "drive_time", "prompt": "You need to travel about 100 miles at around 45 mph. About how many hours will it take?", "split": "test", "exact_value": 2.2266666666666666}
{"id": "travel_time_000645", "topic": "travel_time", "subtopic": "drive_time", "prompt": "You need to travel about 156 miles at around 55 mph. About how many hours will it take?", "split": "test", "exact_value": 2.8454545454545452}
{"id": "travel_time_000646", "topic": "travel_time", "subtopic": "drive_time", "prompt": "You need to travel about 62 miles at around 55 mph. About how many hours will it take?", "split": "test", "exact_value": 1.1290909090909091}
{"id": "travel_time_000647", "topic": "travel_time", "subtopic": "drive_time", "prompt": "You need to travel about 152 miles at around 55 mph. About how many hours will it take?", "split": "test", "exact_value": 2.7636363636363637}
{"id": "travel_time_000648", "topic": "travel_time", "subtopic": "drive_time", "prompt": "You need to travel about 202 miles at around 45 mph. About how many hours will it take?", "split": "test", "exact_value": 4.497777777777778}
{"id": "travel_time_000649", "topic": "travel_time", "subtopic": "drive_time", "prompt": "You need to travel about 134 miles at around 25 mph. About how many hours will it take?", "split": "test", "exact_value": 5.356}
{"id": "travel_time_000650", "topic": "travel_time", "subtopic": "drive_time", "prompt": "You need to travel about 14 miles at around 25 mph. About how many hours will it take?", "split": "test", "exact_value": 0.552}
{"id": "travel_time_000651", "topic": "travel_time", "subtopic": "drive_time", "prompt": "You need to travel about 229 miles at around 35 mph. About how many hours will it take?", "split": "test", "exact_value": 6.537142857142857}
{"id": "travel_time_000652", "topic": "travel_time", "subtopic": "drive_time", "prompt": "You need to travel about 138 miles at around 35 mph. About how many hours will it take?", "split": "test", "exact_value": 3.94}
{"id": "travel_time_000653", "topic": "travel_time", "subtopic": "drive_time", "prompt": "You need to travel about 169 miles at around 55 mph. About how many hours will it take?", "split": "test", "exact_value": 3.076363636363636}
{"id": "travel_time_000654", "topic": "travel_time", "subtopic": "drive_time", "prompt": "You need to travel about 40 miles at around 45 mph. About how many hours will it take?", "split": "test", "exact_value": 0.8866666666666666}
{"id": "travel_time_000655", "topic": "travel_time", "subtopic": "drive_time", "prompt": "You need to travel about 49 miles at around 55 mph. About how many hours will it take?", "split": "test", "exact_value": 0.8981818181818182}
{"id": "travel_time_000656", "topic": "travel_time", "subtopic": "drive_time", "prompt": "You need to travel about 121 miles at around 55 mph. About how many hours will it take?", "split": "test", "exact_value": 2.1963636363636363}
{"id": "travel_time_000657", "topic": "travel_time", "subtopic": "drive_time", "prompt": "You need to travel about 150 miles at around 35 mph. About how many hours will it take?", "split": "test", "exact_value": 4.288571428571428}
{"id": "travel_time_000658", "topic": "travel_time", "subtopic": "drive_time", "prompt": "You need to travel about 161 miles at around 55 mph. About how many hours will it take?", "split": "test", "exact_value": 2.9254545454545458}
{"id": "travel_time_000659", "topic": "travel_time", "subtopic": "drive_time", "prompt": "You need to travel about 113 miles at around 25 mph. About how many hours will it take?", "split": "test", "exact_value": 4.512}
{"id": "travel_time_000660", "topic": "travel_time", "subtopic": "drive_time", "prompt": "You need to travel about 8 miles at around 25 mph. About how many hours will it take?", "split": "test", "exact_value": 0.308}
{"id": "travel_time_000661", "topic": "travel_time", "subtopic": "drive_time", "prompt": "You need to travel about 125 miles at around 35 mph. About how many hours will it take?", "split": "test", "exact_value": 3.5714285714285716}
{"id": "travel_time_000662", "topic": "travel_time", "subtopic": "drive_time", "prompt": "You need to travel about 64 miles at around 25 mph. About how many hours will it take?", "split": "test", "exact_value": 2.5639999999999996}
{"id": "travel_time_000663", "topic": "travel_time", "subtopic": "drive_time", "prompt": "You need to travel about 123 miles at around 35 mph. About how many hours will it take?", "split": "test", "exact_value": 3.5228571428571427}
{"id": "travel_time_000664", "topic": "travel_time", "subtopic": "drive_time", "prompt": "You need to travel about 154 miles at around 25 mph. About how many hours will it take?", "split": "test", "exact_value": 6.152}
{"id": "travel_time_000665", "topic": "travel_time", "subtopic": "drive_time", "prompt": "You need to travel about 173 miles at around 35 mph. About how many hours will it take?", "split": "test", "exact_value": 4.948571428571428}
{"id": "travel_time_000666", "topic": "travel_time", "subtopic": "drive_time", "prompt": "You need to travel about 50 miles at around 25 mph. About how many hours will it take?", "split": "test", "exact_value": 1.996}
{"id": "travel_time_000667", "topic": "travel_time", "subtopic": "drive_time", "prompt": "You need to travel about 238 miles at around 55 mph. About how many hours will it take?", "split": "test", "exact_value": 4.334545454545455}
{"id": "travel_time_000668", "topic": "travel_time", "subtopic": "drive_time", "prompt": "You need to travel about 140 miles at around 25 mph. About how many hours will it take?", "split": "test", "exact_value": 5.6160000000000005}
{"id": "travel_time_000669", "topic": "travel_time", "subtopic": "drive_time", "prompt": "You need to travel about 137 miles at around 35 mph. About how many hours will it take?", "split": "test", "exact_value": 3.917142857142857}
{"id": "travel_time_000670", "topic": "travel_time", "subtopic": "drive_time", "prompt": "You need to travel about 191 miles at around 55 mph. About how many hours will it take?", "split": "test", "exact_value": 3.4727272727272727}
{"id": "travel_time_000671", "topic": "travel_time", "subtopic": "drive_time", "prompt": "You need to travel about 25 miles at around 55 mph. About how many hours will it take?", "split": "test", "exact_value": 0.4490909090909091}
{"id": "travel_time_000672", "topic": "travel_time", "subtopic": "drive_time", "prompt": "You need to travel about 156 miles at around 25 mph. About how many hours will it take?", "split": "test", "exact_value": 6.244}
{"id": "travel_time_000673", "topic": "travel_time", "subtopic": "drive_time", "prompt": "You need to travel about 24 miles at around 35 mph. About how many hours will it take?", "split": "test", "exact_value": 0.6971428571428571}
{"id": "travel_time_000674", "topic": "travel_time", "subtopic": "drive_time", "prompt": "You need to travel about 144 miles at around 45 mph. About how many hours will it take?", "split": "test", "exact_value": 3.191111111111111}
{"id": "travel_time_000675", "topic": "travel_time", "subtopic": "drive_time", "prompt": "You need to travel about 177 miles at around 35 mph. About how many hours will it take?", "split": "test", "exact_value": 5.0685714285714285}
{"id": "travel_time_000676", "topic": "travel_time", "subtopic": "drive_time", "prompt": "You need to travel about 95 miles at around 55 mph. About how many hours will it take?", "split": "test", "exact_value": 1.72}
{"id": "travel_time_000677", "topic": "travel_time", "subtopic": "drive_time", "prompt": "You need to travel about 19 miles at around 65 mph. About how many hours will it take?", "split": "test", "exact_value": 0.2861538461538462}
{"id": "travel_time_000678", "topic": "travel_time", "subtopic": "drive_time", "prompt": "You need to travel about 220 miles at around 55 mph. About how many hours will it take?", "split": "test", "exact_value": 4.005454545454546}
{"id": "travel_time_000679", "topic": "travel_time", "subtopic": "drive_time", "prompt": "You need to travel about 228 miles at around 55 mph. About how many hours will it take?", "split": "test", "exact_value": 4.154545454545454}
{"id": "travel_time_000680", "topic": "travel_time", "subtopic": "drive_time", "prompt": "You need to travel about 187 miles at around 25 mph. About how many hours will it take?", "split": "test", "exact_value": 7.492000000000001}
{"id": "travel_time_000681", "topic": "travel_time", "subtopic": "drive_time", "prompt": "You need to travel about 205 miles at around 25 mph. About how many hours will it take?", "split": "test", "exact_value": 8.2}
{"id": "travel_time_000682", "topic": "travel_time", "subtopic": "drive_time", "prompt": "You need to travel about 135 miles at around 25 mph. About how many hours will it take?", "split": "test", "exact_value": 5.412000000000001}
{"id": "travel_time_000683", "topic": "travel_time", "subtopic": "drive_time", "prompt": "You need to travel about 163 miles at around 65 mph. About how many hours will it take?", "split": "test", "exact_value": 2.5123076923076924}
{"id": "travel_time_000684", "topic": "travel_time", "subtopic": "drive_time", "prompt": "You need to travel about 11 miles at around 65 mph. About how many hours will it take?", "split": "test", "exact_value": 0.17384615384615384}
{"id": "travel_time_000685", "topic": "travel_time", "subtopic": "drive_time", "prompt": "You need to travel about 47 miles at around 55 mph. About how many hours will it take?", "split": "test", "exact_value": 0.8618181818181818}
{"id": "travel_time_000686", "topic": "travel_time", "subtopic": "drive_time", "prompt": "You need to travel about 97 miles at around 55 mph. About how many hours will it take?", "split": "test", "exact_value": 1.761818181818182}
{"id": "travel_time_000687", "topic": "travel_time", "subtopic": "drive_time", "prompt": "You need to travel about 56 miles at around 55 mph. About how many hours will it take?", "split": "test", "exact_value": 1.0145454545454544}
{"id": "travel_time_000688", "topic": "travel_time", "subtopic": "drive_time", "prompt": "You need to travel about 10 miles at around 65 mph. About how many hours will it take?", "split": "test", "exact_value": 0.1523076923076923}
{"id": "travel_time_000689", "topic": "travel_time", "subtopic": "drive_time", "prompt": "You need to travel about 103 miles at around 35 mph. About how many hours will it take?", "split": "test", "exact_value": 2.9457142857142857}
{"id": "travel_time_000690", "topic": "travel_time", "subtopic": "drive_time", "prompt": "You need to travel about 56 miles at around 65 mph. About how many hours will it take?", "split": "test", "exact_value": 0.8676923076923077}
{"id": "travel_time_000691", "topic": "travel_time", "subtopic": "drive_time", "prompt": "You need to travel about 145 miles at around 45 mph. About how many hours will it take?", "split": "test", "exact_value": 3.22}
{"id": "travel_time_000692", "topic": "travel_time", "subtopic": "drive_time", "prompt": "You need to travel about 15 miles at around 55 mph. About how many hours will it take?", "split": "test", "exact_value": 0.28}
{"id": "travel_time_000693", "topic": "travel_time", "subtopic": "drive_time", "prompt": "You need to travel about 170 miles at around 55 mph. About how many hours will it take?", "split": "test", "exact_value": 3.090909090909091}
{"id": "travel_time_000694", "topic": "travel_time", "subtopic": "drive_time", "prompt": "You need to travel about 106 miles at around 45 mph. About how many hours will it take?", "split": "test", "exact_value": 2.3466666666666667}
{"id": "travel_time_000695", "topic": "travel_time", "subtopic": "drive_time", "prompt": "You need to travel about 88 miles at around 65 mph. About how many hours will it take?", "split": "test", "exact_value": 1.356923076923077}
{"id": "travel_time_000696", "topic": "travel_time", "subtopic": "drive_time", "prompt": "You need to travel about 157 miles at around 25 mph. About how many hours will it take?", "split": "test", "exact_value": 6.268}
{"id": "travel_time_000697", "topic": "travel_time", "subtopic": "drive_time", "prompt": "You need to travel about 85 miles at around 25 mph. About how many hours will it take?", "split": "test", "exact_value": 3.392}
{"id": "travel_time_000698", "topic": "travel_time", "subtopic": "drive_time", "prompt": "You need to travel about 164 miles at around 25 mph. About how many hours will it take?", "split": "test", "exact_value": 6.58}
{"id": "travel_time_000699", "topic": "travel_time", "subtopic": "drive_time", "prompt": "You need to travel about 134 miles at around 25 mph. About how many hours will it take?", "split": "test", "exact_value": 5.356}
{"id": "travel_time_000700", "topic": "travel_time", "subtopic": "drive_time", "prompt": "You need to travel about 103 miles at around 65 mph. About how many hours will it take?", "split": "test", "exact_value": 1.5815384615384616}
{"id": "travel_time_000701", "topic": "travel_time", "subtopic": "drive_time", "prompt": "You need to travel about 49 miles at around 25 mph. About how many hours will it take?", "split": "test", "exact_value": 1.956}
{"id": "travel_time_000702", "topic": "travel_time", "subtopic": "drive_time", "prompt": "You need to travel about 168 miles at around 65 mph. About how many hours will it take?", "split": "test", "exact_value": 2.5784615384615384}
{"id": "travel_time_000703", "topic": "travel_time", "subtopic": "drive_time", "prompt": "You need to travel about 184 miles at around 25 mph. About how many hours will it take?", "split": "test", "exact_value": 7.36}
{"id": "travel_time_000704", "topic": "travel_time", "subtopic": "drive_time", "prompt": "You need to travel about 88 miles at around 45 mph. About how many hours will it take?", "split": "test", "exact_value": 1.9466666666666665}
{"id": "travel_time_000705", "topic": "travel_time", "subtopic": "drive_time", "prompt": "You need to travel about 214 miles at around 45 mph. About how many hours will it take?", "split": "test", "exact_value": 4.764444444444445}
{"id": "travel_time_000706", "topic": "travel_time", "subtopic": "drive_time", "prompt": "You need to travel about 78 miles at around 25 mph. About how many hours will it take?", "split": "test", "exact_value": 3.128}
{"id": "travel_time_000707", "topic": "travel_time", "subtopic": "drive_time", "prompt": "You need to travel about 142 miles at around 45 mph. About how many hours will it take?", "split": "test", "exact_value": 3.1666666666666665}
{"id": "travel_time_000708", "topic": "travel_time", "subtopic": "drive_time", "prompt": "You need to travel about 187 miles at around 35 mph. About how many hours will it take?", "split": "test", "exact_value": 5.345714285714285}
{"id": "travel_time_000709", "topic": "travel_time", "subtopic": "drive_time", "prompt": "You need to travel about 66 miles at around 55 mph. About how many hours will it take?", "split": "test", "exact_value": 1.2072727272727273}
{"id": "travel_time_000710", "topic": "travel_time", "subtopic": "drive_time", "prompt": "You need to travel about 20 miles at around 25 mph. About how many hours will it take?", "split": "test", "exact_value": 0.82}
{"id": "travel_time_000711", "topic": "travel_time", "subtopic": "drive_time", "prompt": "You need to travel about 92 miles at around 35 mph. About how many hours will it take?", "split": "test", "exact_value": 2.64}
{"id": "travel_time_000712", "topic": "travel_time", "subtopic": "drive_time", "prompt": "You need to travel about 145 miles at around 65 mph. About how many hours will it take?", "split": "test", "exact_value": 2.232307692307692}
{"id": "travel_time_000713", "topic": "travel_time", "subtopic": "drive_time", "prompt": "You need to travel about 148 miles at around 25 mph. About how many hours will it take?", "split": "test", "exact_value": 5.936}
{"id": "travel_time_000714", "topic": "travel_time", "subtopic": "drive_time", "prompt": "You need to travel about 108 miles at around 25 mph. About how many hours will it take?", "split": "test", "exact_value": 4.34}
{"id": "travel_time_000715", "topic": "travel_time", "subtopic": "drive_time", "prompt": "You need to travel about 142 miles at around 65 mph. About how many hours will it take?", "split": "test", "exact_value": 2.1784615384615384}
{"id": "travel_time_000716", "topic": "travel_time", "subtopic": "drive_time", "prompt": "You need to travel about 31 miles at around 45 mph. About how many hours will it take?", "split": "test", "exact_value": 0.6822222222222222}
{"id": "travel_time_000717", "topic": "travel_time", "subtopic": "drive_time", "prompt": "You need to travel about 149 miles at around 65 mph. About how many hours will it take?", "split": "test", "exact_value": 2.2876923076923075}
{"id": "travel_time_000718", "topic": "travel_time", "subtopic": "drive_time", "prompt": "You need to travel about 54 miles at around 55 mph. About how many hours will it take?", "split": "test", "exact_value": 0.990909090909091}
{"id": "travel_time_000719", "topic": "travel_time", "subtopic": "drive_time", "prompt": "You need to travel about 128 miles at around 65 mph. About how many hours will it take?", "split": "test", "exact_value": 1.963076923076923}
{"id": "travel_time_000720", "topic": "travel_time", "subtopic": "drive_time", "prompt": "You need to travel about 8 miles at around 35 mph. About how many hours will it take?", "split": "test", "exact_value": 0.24000000000000002}
{"id": "travel_time_000721", "topic": "travel_time", "subtopic": "drive_time", "prompt": "You need to travel about 202 miles at around 25 mph. About how many hours will it take?", "split": "test", "exact_value": 8.072000000000001}
{"id": "travel_time_000722", "topic": "travel_time", "subtopic": "drive_time", "prompt": "You need to travel about 111 miles at around 45 mph. About how many hours will it take?", "split": "test", "exact_value": 2.46}
{"id": "travel_time_000723", "topic": "travel_time", "subtopic": "drive_time", "prompt": "You need to travel about 137 miles at around 25 mph. About how many hours will it take?", "split": "test", "exact_value": 5.496}
{"id": "travel_time_000724", "topic": "travel_time", "subtopic": "drive_time", "prompt": "You need to travel about 234 miles at around 55 mph. About how many hours will it take?", "split": "test", "exact_value": 4.252727272727273}
{"id": "travel_time_000725", "topic": "travel_time", "subtopic": "drive_time", "prompt": "You need to travel about 107 miles at around 45 mph. About how many hours will it take?", "split": "test", "exact_value": 2.3844444444444446}
{"id": "travel_time_000726", "topic": "travel_time", "subtopic": "drive_time", "prompt": "You need to travel about 92 miles at around 25 mph. About how many hours will it take?", "split": "test", "exact_value": 3.6919999999999997}
{"id": "travel_time_000727", "topic": "travel_time", "subtopic": "drive_time", "prompt": "You need to travel about 71 miles at around 55 mph. About how many hours will it take?", "split": "test", "exact_value": 1.2836363636363635}
{"id": "travel_time_000728", "topic": "travel_time", "subtopic": "drive_time", "prompt": "You need to travel about 85 miles at around 35 mph. About how many hours will it take?", "split": "test", "exact_value": 2.42}
{"id": "travel_time_000729", "topic": "travel_time", "subtopic": "drive_time", "prompt": "You need to travel about 178 miles at around 25 mph. About how many hours will it take?", "split": "test", "exact_value": 7.136}
{"id": "travel_time_000730", "topic": "travel_time", "subtopic": "drive_time", "prompt": "You need to travel about 83 miles at around 55 mph. About how many hours will it take?", "split": "test", "exact_value": 1.5109090909090908}
{"id": "travel_time_000731", "topic": "travel_time", "subtopic": "drive_time", "prompt": "You need to travel about 88 miles at around 35 mph. About how many hours will it take?", "split": "test", "exact_value": 2.5228571428571427}
{"id": "travel_time_000732", "topic": "travel_time", "subtopic": "drive_time", "prompt": "You need to travel about 215 miles at around 65 mph. About how many hours will it take?", "split": "test", "exact_value": 3.306153846153846}
{"id": "travel_time_000733", "topic": "travel_time", "subtopic": "drive_time", "prompt": "You need to travel about 81 miles at around 65 mph. About how many hours will it take?", "split": "test", "exact_value": 1.2415384615384615}
{"id": "travel_time_000734", "topic": "travel_time", "subtopic": "drive_time", "prompt": "You need to travel about 63 miles at around 65 mph. About how many hours will it take?", "split": "test", "exact_value": 0.9723076923076923}
{"id": "travel_time_000735", "topic": "travel_time", "subtopic": "drive_time", "prompt": "You need to travel about 98 miles at around 35 mph. About how many hours will it take?", "split": "test", "exact_value": 2.7857142857142856}
{"id": "travel_time_000736", "topic": "travel_time", "subtopic": "drive_time", "prompt": "You need to travel about 228 miles at around 25 mph. About how many hours will it take?", "split": "test", "exact_value": 9.1}
{"id": "travel_time_000737", "topic": "travel_time", "subtopic": "drive_time", "prompt": "You need to travel about 55 miles at around 55 mph. About how many hours will it take?", "split": "test", "exact_value": 1.0}
{"id": "travel_time_000738", "topic": "travel_time", "subtopic": "drive_time", "prompt": "You need to travel about 73 miles at around 55 mph. About how many hours will it take?", "split": "test", "exact_value": 1.3345454545454547}
{"id": "travel_time_000739", "topic": "travel_time", "subtopic": "drive_time", "prompt": "You need to travel about 109 miles at around 45 mph. About how many hours will it take?", "split": "test", "exact_value": 2.42}
{"id": "travel_time_000740", "topic": "travel_time", "subtopic": "drive_time", "prompt": "You need to travel about 212 miles at around 55 mph. About how many hours will it take?", "split": "test", "exact_value": 3.861818181818182}
{"id": "travel_time_000741", "topic": "travel_time", "subtopic": "drive_time", "prompt": "You need to travel about 229 miles at around 35 mph. About how many hours will it take?", "split": "test", "exact_value": 6.531428571428571}
{"id": "travel_time_000742", "topic": "travel_time", "subtopic": "drive_time", "prompt": "You need to travel about 186 miles at around 45 mph. About how many hours will it take?", "split": "test", "exact_value": 4.142222222222222}
{"id": "travel_time_000743", "topic": "travel_time", "subtopic": "drive_time", "prompt": "You need to travel about 226 miles at around 45 mph. About how many hours will it take?", "split": "test", "exact_value": 5.033333333333333}
{"id": "travel_time_000744", "topic": "travel_time", "subtopic": "drive_time", "prompt": "You need to travel about 63 miles at around 55 mph. About how many hours will it take?", "split": "test", "exact_value": 1.1527272727272726}
{"id": "travel_time_000745", "topic": "travel_time", "subtopic": "drive_time", "prompt": "You need to travel about 72 miles at around 65 mph. About how many hours will it take?", "split": "test", "exact_value": 1.1046153846153846}
{"id": "travel_time_000746", "topic": "travel_time", "subtopic": "drive_time", "prompt": "You need to travel about 224 miles at around 55 mph. About how many hours will it take?", "split": "test", "exact_value": 4.081818181818182}
{"id": "travel_time_000747", "topic": "travel_time", "subtopic": "drive_time", "prompt": "You need to travel about 5 miles at around 25 mph. About how many hours will it take?", "split": "test", "exact_value": 0.20800000000000002}
{"id": "travel_time_000748", "topic": "travel_time", "subtopic": "drive_time", "prompt": "You need to travel about 45 miles at around 55 mph. About how many hours will it take?", "split": "test", "exact_value": 0.8200000000000001}
{"id": "travel_time_000749", "topic": "travel_time", "subtopic": "drive_time", "prompt": "You need to travel about 133 miles at around 25 mph. About how many hours will it take?", "split": "test", "exact_value": 5.327999999999999}
{"id": "travel_time_000750", "topic": "travel_time", "subtopic": "drive_time", "prompt": "You need to travel about 54 miles at around 65 mph. About how many hours will it take?", "split": "test", "exact_value": 0.8276923076923076}
{"id": "travel_time_000751", "topic": "travel_time", "subtopic": "drive_time", "prompt": "You need to travel about 26 miles at around 25 mph. About how many hours will it take?", "split": "test", "exact_value": 1.036}
{"id": "travel_time_000752", "topic": "travel_time", "subtopic": "drive_time", "prompt": "You need to travel about 32 miles at around 35 mph. About how many hours will it take?", "split": "test", "exact_value": 0.92}
{"id": "travel_time_000753", "topic": "travel_time", "subtopic": "drive_time", "prompt": "You need to travel about 154 miles at around 25 mph. About how many hours will it take?", "split": "test", "exact_value": 6.16}
{"id": "travel_time_000754", "topic": "travel_time", "subtopic": "drive_time", "prompt": "You need to travel about 123 miles at around 35 mph. About how many hours will it take?", "split": "test", "exact_value": 3.52}
{"id": "travel_time_000755", "topic": "travel_time", "subtopic": "drive_time", "prompt": "You need to travel about 65 miles at around 25 mph. About how many hours will it take?", "split": "test", "exact_value": 2.616}
{"id": "travel_time_000756", "topic": "travel_time", "subtopic": "drive_time", "prompt": "You need to travel about 196 miles at around 55 mph. About how many hours will it take?", "split": "test", "exact_value": 3.5636363636363635}
{"id": "travel_time_000757", "topic": "travel_time", "subtopic": "drive_time", "prompt": "You need to travel about 7 miles at around 65 mph. About how many hours will it take?", "split": "test", "exact_value": 0.1123076923076923}
{"id": "travel_time_000758", "topic": "travel_time", "subtopic": "drive_time", "prompt": "You need to travel about 11 miles at around 55 mph. About how many hours will it take?", "split": "test", "exact_value": 0.19636363636363638}
{"id": "travel_time_000759", "topic": "travel_time", "subtopic": "drive_time", "prompt": "You need to travel about 87 miles at around 65 mph. About how many hours will it take?", "split": "test", "exact_value": 1.333846153846154}
{"id": "travel_time_000760", "topic": "travel_time", "subtopic": "drive_time", "prompt": "You need to travel about 131 miles at around 45 mph. About how many hours will it take?", "split": "test", "exact_value": 2.904444444444444}
{"id": "travel_time_000761", "topic": "travel_time", "subtopic": "drive_time", "prompt": "You need to travel about 32 miles at around 55 mph. About how many hours will it take?", "split": "test", "exact_value": 0.5763636363636363}
{"id": "travel_time_000762", "topic": "travel_time", "subtopic": "drive_time", "prompt": "You need to travel about 99 miles at around 65 mph. About how many hours will it take?", "split": "test", "exact_value": 1.5184615384615385}
{"id": "travel_time_000763", "topic": "travel_time", "subtopic": "drive_time", "prompt": "You need to travel about 9 miles at around 55 mph. About how many hours will it take?", "split": "test", "exact_value": 0.1690909090909091}
{"id": "travel_time_000764", "topic": "travel_time", "subtopic": "drive_time", "prompt": "You need to travel about 66 miles at around 45 mph. About how many hours will it take?", "split": "test", "exact_value": 1.4733333333333332}
{"id": "travel_time_000765", "topic": "travel_time", "subtopic": "drive_time", "prompt": "You need to travel about 216 miles at around 25 mph. About how many hours will it take?", "split": "test", "exact_value": 8.62}
{"id": "travel_time_000766", "topic": "travel_time", "subtopic": "drive_time", "prompt": "You need to travel about 71 miles at around 65 mph. About how many hours will it take?", "split": "test", "exact_value": 1.0923076923076922}
{"id": "travel_time_000767", "topic": "travel_time", "subtopic": "drive_time", "prompt": "You need to travel about 73 miles at around 55 mph. About how many hours will it take?", "split": "test", "exact_value": 1.3254545454545457}
{"id": "travel_time_000768", "topic": "travel_time", "subtopic": "drive_time", "prompt": "You need to travel about 174 miles at around 55 mph. About how many hours will it take?", "split": "test", "exact_value": 3.1563636363636363}
{"id": "travel_time_000769", "topic": "travel_time", "subtopic": "drive_time", "prompt": "You need to travel about 230 miles at around 35 mph. About how many hours will it take?", "split": "test", "exact_value": 6.58}
{"id": "travel_time_000770", "topic": "travel_time", "subtopic": "drive_time", "prompt": "You need to travel about 34 miles at around 35 mph. About how many hours will it take?", "split": "test", "exact_value": 0.9828571428571428}
{"id": "travel_time_000771", "topic": "travel_time", "subtopic": "drive_time", "prompt": "You need to travel about 236 miles at around 55 mph. About how many hours will it take?", "split": "test", "exact_value": 4.3}
{"id": "travel_time_000772", "topic": "travel_time", "subtopic": "drive_time", "prompt": "You need to travel about 36 miles at around 25 mph. About how many hours will it take?", "split": "test", "exact_value": 1.444}
{"id": "travel_time_000773", "topic": "travel_time", "subtopic": "drive_time", "prompt": "You need to travel about 9 miles at around 45 mph. About how many hours will it take?", "split": "test", "exact_value": 0.2088888888888889}
{"id": "travel_time_000774", "topic": "travel_time", "subtopic": "drive_time", "prompt": "You need to travel about 188 miles at around 25 mph. About how many hours will it take?", "split": "test", "exact_value": 7.5360000000000005}
{"id": "travel_time_000775", "topic": "travel_time", "subtopic": "drive_time", "prompt": "You need to travel about 45 miles at around 55 mph. About how many hours will it take?", "split": "test", "exact_value": 0.8145454545454545}
{"id": "travel_time_000776", "topic": "travel_time", "subtopic": "drive_time", "prompt": "You need to travel about 10 miles at around 35 mph. About how many hours will it take?", "split": "test", "exact_value": 0.2714285714285714}
{"id": "travel_time_000777", "topic": "travel_time", "subtopic": "drive_time", "prompt": "You need to travel about 128 miles at around 45 mph. About how many hours will it take?", "split": "test", "exact_value": 2.8444444444444446}
{"id": "travel_time_000778", "topic": "travel_time", "subtopic": "drive_time", "prompt": "You need to travel about 205 miles at around 55 mph. About how many hours will it take?", "split": "test", "exact_value": 3.729090909090909}
{"id": "travel_time_000779", "topic": "travel_time", "subtopic": "drive_time", "prompt": "You need to travel about 89 miles at around 45 mph. About how many hours will it take?", "split": "test", "exact_value": 1.9688888888888887}
{"id": "travel_time_000780", "topic": "travel_time", "subtopic": "drive_time", "prompt": "You need to travel about 142 miles at around 25 mph. About how many hours will it take?", "split": "test", "exact_value": 5.696000000000001}
{"id": "travel_time_000781", "topic": "travel_time", "subtopic": "drive_time", "prompt": "You need to travel about 171 miles at around 65 mph. About how many hours will it take?", "split": "test", "exact_value": 2.6338461538461537}
{"id": "travel_time_000782", "topic": "travel_time", "subtopic": "drive_time", "prompt": "You need to travel about 80 miles at around 65 mph. About how many hours will it take?", "split": "test", "exact_value": 1.2230769230769232}
{"id": "travel_time_000783", "topic": "travel_time", "subtopic": "drive_time", "prompt": "You need to travel about 124 miles at around 55 mph. About how many hours will it take?", "split": "test", "exact_value": 2.2581818181818183}
{"id": "travel_time_000784", "topic": "travel_time", "subtopic": "drive_time", "prompt": "You need to travel about 217 miles at around 65 mph. About how many hours will it take?", "split": "test", "exact_value": 3.3430769230769233}
{"id": "travel_time_000785", "topic": "travel_time", "subtopic": "drive_time", "prompt": "You need to travel about 140 miles at around 35 mph. About how many hours will it take?", "split": "test", "exact_value": 4.011428571428572}
{"id": "travel_time_000786", "topic": "travel_time", "subtopic": "drive_time", "prompt": "You need to travel about 205 miles at around 65 mph. About how many hours will it take?", "split": "test", "exact_value": 3.149230769230769}
{"id": "travel_time_000787", "topic": "travel_time", "subtopic": "drive_time", "prompt": "You need to travel about 111 miles at around 45 mph. About how many hours will it take?", "split": "test", "exact_value": 2.46}
{"id": "travel_time_000788", "topic": "travel_time", "subtopic": "drive_time", "prompt": "You need to travel about 88 miles at around 65 mph. About how many hours will it take?", "split": "test", "exact_value": 1.3507692307692307}
{"id": "travel_time_000789", "topic": "travel_time", "subtopic": "drive_time", "prompt": "You need to travel about 231 miles at around 65 mph. About how many hours will it take?", "split": "test", "exact_value": 3.56}
{"id": "travel_time_000790", "topic": "travel_time", "subtopic": "drive_time", "prompt": "You need to travel about 15 miles at around 35 mph. About how many hours will it take?", "split": "test", "exact_value": 0.42857142857142855}
{"id": "travel_time_000791", "topic": "travel_time", "subtopic": "drive_time", "prompt": "You need to travel about 132 miles at around 65 mph. About how many hours will it take?", "split": "test", "exact_value": 2.0338461538461536}
{"id": "travel_time_000792", "topic": "travel_time", "subtopic": "drive_time", "prompt": "You need to travel about 109 miles at around 25 mph. About how many hours will it take?", "split": "test", "exact_value": 4.343999999999999}
{"id": "travel_time_000793", "topic": "travel_time", "subtopic": "drive_time", "prompt": "You need to travel about 190 miles at around 45 mph. About how many hours will it take?", "split": "test", "exact_value": 4.211111111111111}
{"id": "travel_time_000794", "topic": "travel_time", "subtopic": "drive_time", "prompt": "You need to travel about 76 miles at around 35 mph. About how many hours will it take?", "split": "test", "exact_value": 2.182857142857143}
{"id": "travel_time_000795", "topic": "travel_time", "subtopic": "drive_time", "prompt": "You need to travel about 177 miles at around 35 mph. About how many hours will it take?", "split": "test", "exact_value": 5.057142857142857}
{"id": "travel_time_000796", "topic": "travel_time", "subtopic": "drive_time", "prompt": "You need to travel about 162 miles at around 55 mph. About how many hours will it take?", "split": "test", "exact_value": 2.9527272727272726}
{"id": "travel_time_000797", "topic": "travel_time", "subtopic": "drive_time", "prompt": "You need to travel about 217 miles at around 55 mph. About how many hours will it take?", "split": "test", "exact_value": 3.9527272727272726}
{"id": "travel_time_000798", "topic": "travel_time", "subtopic": "drive_time", "prompt": "You need to travel about 186 miles at around 25 mph. About how many hours will it take?", "split": "test", "exact_value": 7.4479999999999995}
{"id": "travel_time_000799", "topic": "travel_time", "subtopic": "drive_time", "prompt": "You need to travel about 151 miles at around 25 mph. About how many hours will it take?", "split": "test", "exact_value": 6.032}
{"id": "travel_time_000800", "topic": "travel_time", "subtopic": "drive_time", "prompt": "You need to travel about 125 miles at around 55 mph. About how many hours will it take?", "split": "test", "exact_value": 2.2781818181818183}
{"id": "travel_time_000801", "topic": "travel_time", "subtopic": "drive_time", "prompt": "You need to travel about 85 miles at around 55 mph. About how many hours will it take?", "split": "test", "exact_value": 1.5418181818181818}
{"id": "travel_time_000802", "topic": "travel_time", "subtopic": "drive_time", "prompt": "You need to travel about 147 miles at around 55 mph. About how many hours will it take?", "split": "test", "exact_value": 2.667272727272727}
{"id": "travel_time_000803", "topic": "travel_time", "subtopic": "drive_time", "prompt": "You need to travel about 97 miles at around 35 mph. About how many hours will it take?", "split": "test", "exact_value": 2.777142857142857}
{"id": "travel_time_000804", "topic": "travel_time", "subtopic": "drive_time", "prompt": "You need to travel about 30 miles at around 35 mph. About how many hours will it take?", "split": "test", "exact_value": 0.8457142857142858}
{"id": "travel_time_000805", "topic": "travel_time", "subtopic": "drive_time", "prompt": "You need to travel about 159 miles at around 35 mph. About how many hours will it take?", "split": "test", "exact_value": 4.534285714285714}
{"id": "travel_time_000806", "topic": "travel_time", "subtopic": "drive_time", "prompt": "You need to travel about 172 miles at around 25 mph. About how many hours will it take?", "split": "test", "exact_value": 6.88}
{"id": "travel_time_000807", "topic": "travel_time", "subtopic": "drive_time", "prompt": "You need to travel about 8 miles at around 45 mph. About how many hours will it take?", "split": "test", "exact_value": 0.18}
{"id": "travel_time_000808", "topic": "travel_time", "subtopic": "drive_time", "prompt": "You need to travel about 224 miles at around 35 mph. About how many hours will it take?", "split": "test", "exact_value": 6.402857142857143}
{"id": "travel_time_000809", "topic": "travel_time", "subtopic": "drive_time", "prompt": "You need to travel about 156 miles at around 65 mph. About how many hours will it take?", "split": "test", "exact_value": 2.3984615384615386}
{"id": "travel_time_000810", "topic": "travel_time", "subtopic": "drive_time", "prompt": "You need to travel about 225 miles at around 45 mph. About how many hours will it take?", "split": "test", "exact_value": 5.004444444444444}
{"id": "travel_time_000811", "topic": "travel_time", "subtopic": "drive_time", "prompt": "You need to travel about 42 miles at around 35 mph. About how many hours will it take?", "split": "test", "exact_value": 1.197142857142857}
{"id": "travel_time_000812", "topic": "travel_time", "subtopic": "drive_time", "prompt": "You need to travel about 74 miles at around 25 mph. About how many hours will it take?", "split": "test", "exact_value": 2.9760000000000004}
{"id": "travel_time_000813", "topic": "travel_time", "subtopic": "drive_time", "prompt": "You need to travel about 80 miles at around 35 mph. About how many hours will it take?", "split": "test", "exact_value": 2.274285714285714}
{"id": "travel_time_000814", "topic": "travel_time", "subtopic": "drive_time", "prompt": "You need to travel about 31 miles at around 55 mph. About how many hours will it take?", "split": "test", "exact_value": 0.5672727272727273}
{"id": "travel_time_000815", "topic": "travel_time", "subtopic": "drive_time", "prompt": "You need to travel about 121 miles at around 25 mph. About how many hours will it take?", "split": "test", "exact_value": 4.824}
{"id": "travel_time_000816", "topic": "travel_time", "subtopic": "drive_time", "prompt": "You need to travel about 198 miles at around 65 mph. About how many hours will it take?", "split": "test", "exact_value": 3.0430769230769235}
{"id": "travel_time_000817", "topic": "travel_time", "subtopic": "drive_time", "prompt": "You need to travel about 101 miles at around 25 mph. About how many hours will it take?", "split": "test", "exact_value": 4.044}
{"id": "travel_time_000818", "topic": "travel_time", "subtopic": "drive_time", "prompt": "You need to travel about 10 miles at around 55 mph. About how many hours will it take?", "split": "test", "exact_value": 0.17454545454545453}
{"id": "travel_time_000819", "topic": "travel_time", "subtopic": "drive_time", "prompt": "You need to travel about 210 miles at around 65 mph. About how many hours will it take?", "split": "test", "exact_value": 3.2353846153846155}
{"id": "travel_time_000820", "topic": "travel_time", "subtopic": "drive_time", "prompt": "You need to travel about 213 miles at around 55 mph. About how many hours will it take?", "split": "test", "exact_value": 3.8745454545454545}
{"id": "travel_time_000821", "topic": "travel_time", "subtopic": "drive_time", "prompt": "You need to travel about 123 miles at around 35 mph. About how many hours will it take?", "split": "test", "exact_value": 3.5142857142857142}
{"id": "travel_time_000822", "topic": "travel_time", "subtopic": "drive_time", "prompt": "You need to travel about 171 miles at around 35 mph. About how many hours will it take?", "split": "test", "exact_value": 4.88}
{"id": "travel_time_000823", "topic": "travel_time", "subtopic": "drive_time", "prompt": "You need to travel about 178 miles at around 55 mph. About how many hours will it take?", "split": "test", "exact_value": 3.2309090909090905}
{"id": "travel_time_000824", "topic": "travel_time", "subtopic": "drive_time", "prompt": "You need to travel about 90 miles at around 35 mph. About how many hours will it take?", "split": "test", "exact_value": 2.5628571428571427}
{"id": "travel_time_000825", "topic": "travel_time", "subtopic": "drive_time", "prompt": "You need to travel about 182 miles at around 35 mph. About how many hours will it take?", "split": "test", "exact_value": 5.214285714285714}
{"id": "travel_time_000826", "topic": "travel_time", "subtopic": "drive_time", "prompt": "You need to travel about 136 miles at around 45 mph. About how many hours will it take?", "split": "test", "exact_value": 3.017777777777778}
{"id": "travel_time_000827", "topic": "travel_time", "subtopic": "drive_time", "prompt": "You need to travel about 64 miles at around 25 mph. About how many hours will it take?", "split": "test", "exact_value": 2.556}
{"id": "travel_time_000828", "topic": "travel_time", "subtopic": "drive_time", "prompt": "You need to travel about 153 miles at around 45 mph. About how many hours will it take?", "split": "test", "exact_value": 3.391111111111111}
{"id": "travel_time_000829", "topic": "travel_time", "subtopic": "drive_time", "prompt": "You need to travel about 175 miles at around 45 mph. About how many hours will it take?", "split": "test", "exact_value": 3.88}
{"id": "travel_time_000830", "topic": "travel_time", "subtopic": "drive_time", "prompt": "You need to travel about 9 miles at around 35 mph. About how many hours will it take?", "split": "test", "exact_value": 0.26285714285714284}
{"id": "travel_time_000831", "topic": "travel_time", "subtopic": "drive_time", "prompt": "You need to travel about 212 miles at around 65 mph. About how many hours will it take?", "split": "test", "exact_value": 3.263076923076923}
{"id": "travel_time_000832", "topic": "travel_time", "subtopic": "drive_time", "prompt": "You need to travel about 99 miles at around 65 mph. About how many hours will it take?", "split": "test", "exact_value": 1.5215384615384617}
{"id": "travel_time_000833", "topic": "travel_time", "subtopic": "drive_time", "prompt": "You need to travel about 213 miles at around 35 mph. About how many hours will it take?", "split": "test", "exact_value": 6.074285714285714}
{"id": "travel_time_000834", "topic": "travel_time", "subtopic": "drive_time", "prompt": "You need to travel about 180 miles at around 55 mph. About how many hours will it take?", "split": "test", "exact_value": 3.2800000000000002}
{"id": "travel_time_000835", "topic": "travel_time", "subtopic": "drive_time", "prompt": "You need to travel about 235 miles at around 55 mph. About how many hours will it take?", "split": "test", "exact_value": 4.278181818181818}
{"id": "travel_time_000836", "topic": "travel_time", "subtopic": "drive_time", "prompt": "You need to travel about 147 miles at around 25 mph. About how many hours will it take?", "split": "test", "exact_value": 5.864}
{"id": "travel_time_000837", "topic": "travel_time", "subtopic": "drive_time", "prompt": "You need to travel about 128 miles at around 45 mph. About how many hours will it take?", "split": "test", "exact_value": 2.8422222222222224}
{"id": "travel_time_000838", "topic": "travel_time", "subtopic": "drive_time", "prompt": "You need to travel about 74 miles at around 65 mph. About how many hours will it take?", "split": "test", "exact_value": 1.14}
{"id": "travel_time_000839", "topic": "travel_time", "subtopic": "drive_time", "prompt": "You need to travel about 97 miles at around 25 mph. About how many hours will it take?", "split": "test", "exact_value": 3.88}
{"id": "travel_time_000840", "topic": "travel_time", "subtopic": "drive_time", "prompt": "You need to travel about 37 miles at around 55 mph. About how many hours will it take?", "split": "test", "exact_value": 0.6781818181818181}
{"id": "travel_time_000841", "topic": "travel_time", "subtopic": "drive_time", "prompt": "You need to travel about 192 miles at around 35 mph. About how many hours will it take?", "split": "test", "exact_value": 5.4714285714285715}
{"id": "travel_time_000842", "topic": "travel_time", "subtopic": "drive_time", "prompt": "You need to travel about 48 miles at around 65 mph. About how many hours will it take?", "split": "test", "exact_value": 0.74}
{"id": "travel_time_000843", "topic": "travel_time", "subtopic": "drive_time", "prompt": "You need to travel about 172 miles at around 35 mph. About how many hours will it take?", "split": "test", "exact_value": 4.908571428571429}
{"id": "travel_time_000844", "topic": "travel_time", "subtopic": "drive_time", "prompt": "You need to travel about 208 miles at around 45 mph. About how many hours will it take?", "split": "test", "exact_value": 4.633333333333334}
{"id": "travel_time_000845", "topic": "travel_time", "subtopic": "drive_time", "prompt": "You need to travel about 161 miles at around 35 mph. About how many hours will it take?", "split": "test", "exact_value": 4.594285714285714}
{"id": "travel_time_000846", "topic": "travel_time", "subtopic": "drive_time", "prompt": "You need to travel about 10 miles at around 25 mph. About how many hours will it take?", "split": "test", "exact_value": 0.408}
{"id": "travel_time_000847", "topic": "travel_time", "subtopic": "drive_time", "prompt": "You need to travel about 115 miles at around 65 mph. About how many hours will it take?", "split": "test", "exact_value": 1.763076923076923}
{"id": "travel_time_000848", "topic": "travel_time", "subtopic": "drive_time", "prompt": "You need to travel about 192 miles at around 25 mph. About how many hours will it take?", "split": "test", "exact_value": 7.7}
{"id": "travel_time_000849", "topic": "travel_time", "subtopic": "drive_time", "prompt": "You need to travel about 150 miles at around 45 mph. About how many hours will it take?", "split": "test", "exact_value": 3.3377777777777777}
{"id": "travel_time_000850", "topic": "travel_time", "subtopic": "drive_time", "prompt": "You need to travel about 171 miles at around 55 mph. About how many hours will it take?", "split": "test", "exact_value": 3.1054545454545455}
{"id": "travel_time_000851", "topic": "travel_time", "subtopic": "drive_time", "prompt": "You need to travel about 126 miles at around 25 mph. About how many hours will it take?", "split": "test", "exact_value": 5.056}
{"id": "travel_time_000852", "topic": "travel_time", "subtopic": "drive_time", "prompt": "You need to travel about 23 miles at around 25 mph. About how many hours will it take?", "split": "test", "exact_value": 0.912}
{"id": "travel_time_000853", "topic": "travel_time", "subtopic": "drive_time", "prompt": "You need to travel about 126 miles at around 35 mph. About how many hours will it take?", "split": "test", "exact_value": 3.605714285714286}
{"id": "travel_time_000854", "topic": "travel_time", "subtopic": "drive_time", "prompt": "You need to travel about 219 miles at around 35 mph. About how many hours will it take?", "split": "test", "exact_value": 6.265714285714286}
{"id": "travel_time_000855", "topic": "travel_time", "subtopic": "drive_time", "prompt": "You need to travel about 224 miles at around 45 mph. About how many hours will it take?", "split": "test", "exact_value": 4.966666666666667}
{"id": "travel_time_000856", "topic": "travel_time", "subtopic": "drive_time", "prompt": "You need to travel about 195 miles at around 25 mph. About how many hours will it take?", "split": "test", "exact_value": 7.808}
{"id": "travel_time_000857", "topic": "travel_time", "subtopic": "drive_time", "prompt": "You need to travel about 47 miles at around 65 mph. About how many hours will it take?", "split": "test", "exact_value": 0.7246153846153847}
{"id": "travel_time_000858", "topic": "travel_time", "subtopic": "drive_time", "prompt": "You need to travel about 40 miles at around 45 mph. About how many hours will it take?", "split": "test", "exact_value": 0.8888888888888888}
{"id": "travel_time_000859", "topic": "travel_time", "subtopic": "drive_time", "prompt": "You need to travel about 87 miles at around 25 mph. About how many hours will it take?", "split": "test", "exact_value": 3.464}
{"id": "travel_time_000860", "topic": "travel_time", "subtopic": "drive_time", "prompt": "You need to travel about 124 miles at around 35 mph. About how many hours will it take?", "split": "test", "exact_value": 3.5542857142857143}
{"id": "travel_time_000861", "topic": "travel_time", "subtopic": "drive_time", "prompt": "You need to travel about 188 miles at around 65 mph. About how many hours will it take?", "split": "test", "exact_value": 2.8923076923076922}
{"id": "travel_time_000862", "topic": "travel_time", "subtopic": "drive_time", "prompt": "You need to travel about 127 miles at around 45 mph. About how many hours will it take?", "split": "test", "exact_value": 2.8311111111111114}
{"id": "travel_time_000863", "topic": "travel_time", "subtopic": "drive_time", "prompt": "You need to travel about 158 miles at around 45 mph. About how many hours will it take?", "split": "test", "exact_value": 3.508888888888889}
{"id": "travel_time_000864", "topic": "travel_time", "subtopic": "drive_time", "prompt": "You need to travel about 39 miles at around 45 mph. About how many hours will it take?", "split": "test", "exact_value": 0.8666666666666667}
{"id": "travel_time_000865", "topic": "travel_time", "subtopic": "drive_time", "prompt": "You need to travel about 11 miles at around 45 mph. About how many hours will it take?", "split": "test", "exact_value": 0.23555555555555555}
{"id": "travel_time_000866", "topic": "travel_time", "subtopic": "drive_time", "prompt": "You need to travel about 57 miles at around 35 mph. About how many hours will it take?", "split": "test", "exact_value": 1.637142857142857}
{"id": "travel_time_000867", "topic": "travel_time", "subtopic": "drive_time", "prompt": "You need to travel about 16 miles at around 35 mph. About how many hours will it take?", "split": "test", "exact_value": 0.45142857142857146}
{"id": "travel_time_000868", "topic": "travel_time", "subtopic": "drive_time", "prompt": "You need to travel about 145 miles at around 25 mph. About how many hours will it take?", "split": "test", "exact_value": 5.792000000000001}
{"id": "travel_time_000869", "topic": "travel_time", "subtopic": "drive_time", "prompt": "You need to travel about 158 miles at around 25 mph. About how many hours will it take?", "split": "test", "exact_value": 6.312}
{"id": "travel_time_000870", "topic": "travel_time", "subtopic": "drive_time", "prompt": "You need to travel about 109 miles at around 55 mph. About how many hours will it take?", "split": "test", "exact_value": 1.9854545454545456}
{"id": "travel_time_000871", "topic": "travel_time", "subtopic": "drive_time", "prompt": "You need to travel about 110 miles at around 45 mph. About how many hours will it take?", "split": "test", "exact_value": 2.4466666666666663}
{"id": "travel_time_000872", "topic": "travel_time", "subtopic": "drive_time", "prompt": "You need to travel about 84 miles at around 25 mph. About how many hours will it take?", "split": "test", "exact_value": 3.34}
{"id": "travel_time_000873", "topic": "travel_time", "subtopic": "drive_time", "prompt": "You need to travel about 188 miles at around 35 mph. About how many hours will it take?", "split": "test", "exact_value": 5.362857142857142}
{"id": "travel_time_000874", "topic": "travel_time", "subtopic": "drive_time", "prompt": "You need to travel about 233 miles at around 45 mph. About how many hours will it take?", "split": "test", "exact_value": 5.1866666666666665}
{"id": "travel_time_000875", "topic": "travel_time", "subtopic": "drive_time", "prompt": "You need to travel about 119 miles at around 55 mph. About how many hours will it take?", "split": "test", "exact_value": 2.16}
{"id": "travel_time_000876", "topic": "travel_time", "subtopic": "drive_time", "prompt": "You need to travel about 173 miles at around 35 mph. About how many hours will it take?", "split": "test", "exact_value": 4.9314285714285715}
{"id": "travel_time_000877", "topic": "travel_time", "subtopic": "drive_time", "prompt": "You need to travel about 97 miles at around 55 mph. About how many hours will it take?", "split": "test", "exact_value": 1.7672727272727273}
{"id": "travel_time_000878", "topic": "travel_time", "subtopic": "drive_time", "prompt": "You need to travel about 54 miles at around 55 mph. About how many hours will it take?", "split": "test", "exact_value": 0.9836363636363636}
{"id": "travel_time_000879", "topic": "travel_time", "subtopic": "drive_time", "prompt": "You need to travel about 21 miles at around 35 mph. About how many hours will it take?", "split": "test", "exact_value": 0.6}
{"id": "travel_time_000880", "topic": "travel_time", "subtopic": "drive_time", "prompt": "You need to travel about 233 miles at around 55 mph. About how many hours will it take?", "split": "test", "exact_value": 4.243636363636364}
{"id": "travel_time_000881", "topic": "travel_time", "subtopic": "drive_time", "prompt": "You need to travel about 71 miles at around 45 mph. About how many hours will it take?", "split": "test", "exact_value": 1.5777777777777777}
{"id": "travel_time_000882", "topic": "travel_time", "subtopic": "drive_time", "prompt": "You need to travel about 185 miles at around 25 mph. About how many hours will it take?", "split": "test", "exact_value": 7.388}
{"id": "travel_time_000883", "topic": "travel_time", "subtopic": "drive_time", "prompt": "You need to travel about 200 miles at around 35 mph. About how many hours will it take?", "split": "test", "exact_value": 5.722857142857143}
{"id": "travel_time_000884", "topic": "travel_time", "subtopic": "drive_time", "prompt": "You need to travel about 40 miles at around 45 mph. About how many hours will it take?", "split": "test", "exact_value": 0.8933333333333334}
{"id": "travel_time_000885", "topic": "travel_time", "subtopic": "drive_time", "prompt": "You need to travel about 108 miles at around 25 mph. About how many hours will it take?", "split": "test", "exact_value": 4.303999999999999}
{"id": "travel_time_000886", "topic": "travel_time", "subtopic": "drive_time", "prompt": "You need to travel about 156 miles at around 65 mph. About how many hours will it take?", "split": "test", "exact_value": 2.3953846153846152}
{"id": "travel_time_000887", "topic": "travel_time", "subtopic": "drive_time", "prompt": "You need to travel about 212 miles at around 35 mph. About how many hours will it take?", "split": "test", "exact_value": 6.057142857142857}
{"id": "travel_time_000888", "topic": "travel_time", "subtopic": "drive_time", "prompt": "You need to travel about 231 miles at around 45 mph. About how many hours will it take?", "split": "test", "exact_value": 5.1288888888888895}
{"id": "travel_time_000889", "topic": "travel_time", "subtopic": "drive_time", "prompt": "You need to travel about 158 miles at around 55 mph. About how many hours will it take?", "split": "test", "exact_value": 2.88}
{"id": "travel_time_000890", "topic": "travel_time", "subtopic": "drive_time", "prompt": "You need to travel about 76 miles at around 45 mph. About how many hours will it take?", "split": "test", "exact_value": 1.6866666666666668}
{"id": "travel_time_000891", "topic": "travel_time", "subtopic": "drive_time", "prompt": "You need to travel about 23 miles at around 65 mph. About how many hours will it take?", "split": "test", "exact_value": 0.34923076923076923}
{"id": "travel_time_000892", "topic": "travel_time", "subtopic": "drive_time", "prompt": "You need to travel about 43 miles at around 55 mph. About how many hours will it take?", "split": "test", "exact_value": 0.7836363636363637}
{"id": "travel_time_000893", "topic": "travel_time", "subtopic": "drive_time", "prompt": "You need to travel about 165 miles at around 55 mph. About how many hours will it take?", "split": "test", "exact_value": 3.0018181818181815}
{"id": "travel_time_000894", "topic": "travel_time", "subtopic": "drive_time", "prompt": "You need to travel about 116 miles at around 25 mph. About how many hours will it take?", "split": "test", "exact_value": 4.656000000000001}
{"id": "travel_time_000895", "topic": "travel_time", "subtopic": "drive_time", "prompt": "You need to travel about 184 miles at around 25 mph. About how many hours will it take?", "split": "test", "exact_value": 7.367999999999999}
{"id": "travel_time_000896", "topic": "travel_time", "subtopic": "drive_time", "prompt": "You need to travel about 66 miles at around 55 mph. About how many hours will it take?", "split": "test", "exact_value": 1.2036363636363636}
{"id": "travel_time_000897", "topic": "travel_time", "subtopic": "drive_time", "prompt": "You need to travel about 12 miles at around 55 mph. About how many hours will it take?", "split": "test", "exact_value": 0.21636363636363637}
{"id": "travel_time_000898", "topic": "travel_time", "subtopic": "drive_time", "prompt": "You need to travel about 162 miles at around 25 mph. About how many hours will it take?", "split": "test", "exact_value": 6.496}
{"id": "travel_time_000899", "topic": "travel_time", "subtopic": "drive_time", "prompt": "You need to travel about 145 miles at around 45 mph. About how many hours will it take?", "split": "test", "exact_value": 3.22}
{"id": "travel_time_000900", "topic": "travel_time", "subtopic": "drive_time", "prompt": "You need to travel about 11 miles at around 25 mph. About how many hours will it take?", "split": "test", "exact_value": 0.44}
{"id": "travel_time_000901", "topic": "travel_time", "subtopic": "drive_time", "prompt": "You need to travel about 19 miles at around 65 mph. About how many hours will it take?", "split": "test", "exact_value": 0.29846153846153844}
{"id": "travel_time_000902", "topic": "travel_time", "subtopic": "drive_time", "prompt": "You need to travel about 41 miles at around 55 mph. About how many hours will it take?", "split": "test", "exact_value": 0.7527272727272727}
{"id": "travel_time_000903", "topic": "travel_time", "subtopic": "drive_time", "prompt": "You need to travel about 164 miles at around 35 mph. About how many hours will it take?", "split": "test", "exact_value": 4.685714285714286}
{"id": "travel_time_000904", "topic": "travel_time", "subtopic": "drive_time", "prompt": "You need to travel about 218 miles at around 45 mph. About how many hours will it take?", "split": "test", "exact_value": 4.837777777777777}
{"id": "travel_time_000905", "topic": "travel_time", "subtopic": "drive_time", "prompt": "You need to travel about 223 miles at around 55 mph. About how many hours will it take?", "split": "test", "exact_value": 4.052727272727273}
{"id": "travel_time_000906", "topic": "travel_time", "subtopic": "drive_time", "prompt": "You need to travel about 200 miles at around 55 mph. About how many hours will it take?", "split": "test", "exact_value": 3.632727272727273}
{"id": "travel_time_000907", "topic": "travel_time", "subtopic": "drive_time", "prompt": "You need to travel about 127 miles at around 65 mph. About how many hours will it take?", "split": "test", "exact_value": 1.9584615384615385}
{"id": "travel_time_000908", "topic": "travel_time", "subtopic": "drive_time", "prompt": "You need to travel about 116 miles at around 55 mph. About how many hours will it take?", "split": "test", "exact_value": 2.1163636363636367}
{"id": "travel_time_000909", "topic": "travel_time", "subtopic": "drive_time", "prompt": "You need to travel about 95 miles at around 45 mph. About how many hours will it take?", "split": "test", "exact_value": 2.108888888888889}
{"id": "travel_time_000910", "topic": "travel_time", "subtopic": "drive_time", "prompt": "You need to travel about 5 miles at around 35 mph. About how many hours will it take?", "split": "test", "exact_value": 0.14285714285714285}
{"id": "travel_time_000911", "topic": "travel_time", "subtopic": "drive_time", "prompt": "You need to travel about 75 miles at around 55 mph. About how many hours will it take?", "split": "test", "exact_value": 1.3636363636363635}
{"id": "travel_time_000912", "topic": "travel_time", "subtopic": "drive_time", "prompt": "You need to travel about 184 miles at around 45 mph. About how many hours will it take?", "split": "test", "exact_value": 4.088888888888889}
{"id": "travel_time_000913", "topic": "travel_time", "subtopic": "drive_time", "prompt": "You need to travel about 86 miles at around 35 mph. About how many hours will it take?", "split": "test", "exact_value": 2.4571428571428573}
{"id": "travel_time_000914", "topic": "travel_time", "subtopic": "drive_time", "prompt": "You need to travel about 111 miles at around 25 mph. About how many hours will it take?", "split": "test", "exact_value": 4.448}
{"id": "travel_time_000915", "topic": "travel_time", "subtopic": "drive_time", "prompt": "You need to travel about 188 miles at around 65 mph. About how many hours will it take?", "split": "test", "exact_value": 2.8953846153846152}
{"id": "travel_time_000916", "topic": "travel_time", "subtopic": "drive_time", "prompt": "You need to travel about 157 miles at around 35 mph. About how many hours will it take?", "split": "test", "exact_value": 4.491428571428571}
{"id": "travel_time_000917", "topic": "travel_time", "subtopic": "drive_time", "prompt": "You need to travel about 103 miles at around 45 mph. About how many hours will it take?", "split": "test", "exact_value": 2.2955555555555556}
{"id": "travel_time_000918", "topic": "travel_time", "subtopic": "drive_time", "prompt": "You need to travel about 192 miles at around 55 mph. About how many hours will it take?", "split": "test", "exact_value": 3.4981818181818185}
{"id": "travel_time_000919", "topic": "travel_time", "subtopic": "drive_time", "prompt": "You need to travel about 232 miles at around 35 mph. About how many hours will it take?", "split": "test", "exact_value": 6.6171428571428565}
{"id": "travel_time_000920", "topic": "travel_time", "subtopic": "drive_time", "prompt": "You need to travel about 139 miles at around 55 mph. About how many hours will it take?", "split": "test", "exact_value": 2.5272727272727273}
{"id": "travel_time_000921", "topic": "travel_time", "subtopic": "drive_time", "prompt": "You need to travel about 118 miles at around 55 mph. About how many hours will it take?", "split": "test", "exact_value": 2.1363636363636362}
{"id": "travel_time_000922", "topic": "travel_time", "subtopic": "drive_time", "prompt": "You need to travel about 47 miles at around 45 mph. About how many hours will it take?", "split": "test", "exact_value": 1.0444444444444445}
{"id": "travel_time_000923", "topic": "travel_time", "subtopic": "drive_time", "prompt": "You need to travel about 184 miles at around 45 mph. About how many hours will it take?", "split": "test", "exact_value": 4.088888888888889}
{"id": "travel_time_000924", "topic": "travel_time", "subtopic": "drive_time", "prompt": "You need to travel about 163 miles at around 45 mph. About how many hours will it take?", "split": "test", "exact_value": 3.631111111111111}
{"id": "travel_time_000925", "topic": "travel_time", "subtopic": "drive_time", "prompt": "You need to travel about 8 miles at around 45 mph. About how many hours will it take?", "split": "test", "exact_value": 0.18444444444444447}
{"id": "travel_time_000926", "topic": "travel_time", "subtopic": "drive_time", "prompt": "You need to travel about 142 miles at around 65 mph. About how many hours will it take?", "split": "test", "exact_value": 2.1892307692307695}
{"id": "travel_time_000927", "topic": "travel_time", "subtopic": "drive_time", "prompt": "You need to travel about 183 miles at around 65 mph. About how many hours will it take?", "split": "test", "exact_value": 2.8107692307692305}
{"id": "travel_time_000928", "topic": "travel_time", "subtopic": "drive_time", "prompt": "You need to travel about 63 miles at around 55 mph. About how many hours will it take?", "split": "test", "exact_value": 1.1454545454545455}
{"id": "travel_time_000929", "topic": "travel_time", "subtopic": "drive_time", "prompt": "You need to travel about 90 miles at around 45 mph. About how many hours will it take?", "split": "test", "exact_value": 1.9977777777777779}
{"id": "travel_time_000930", "topic": "travel_time", "subtopic": "drive_time", "prompt": "You need to travel about 82 miles at around 55 mph. About how many hours will it take?", "split": "test", "exact_value": 1.4981818181818183}
{"id": "travel_time_000931", "topic": "travel_time", "subtopic": "drive_time", "prompt": "You need to travel about 159 miles at around 35 mph. About how many hours will it take?", "split": "test", "exact_value": 4.551428571428572}
{"id": "travel_time_000932", "topic": "travel_time", "subtopic": "drive_time", "prompt": "You need to travel about 48 miles at around 25 mph. About how many hours will it take?", "split": "test", "exact_value": 1.9040000000000001}
{"id": "travel_time_000933", "topic": "travel_time", "subtopic": "drive_time", "prompt": "You need to travel about 206 miles at around 45 mph. About how many hours will it take?", "split": "test", "exact_value": 4.582222222222222}
{"id": "travel_time_000934", "topic": "travel_time", "subtopic": "drive_time", "prompt": "You need to travel about 108 miles at around 45 mph. About how many hours will it take?", "split": "test", "exact_value": 2.397777777777778}
{"id": "travel_time_000935", "topic": "travel_time", "subtopic": "drive_time", "prompt": "You need to travel about 65 miles at around 45 mph. About how many hours will it take?", "split": "test", "exact_value": 1.4533333333333334}
{"id": "travel_time_000936", "topic": "travel_time", "subtopic": "drive_time", "prompt": "You need to travel about 121 miles at around 55 mph. About how many hours will it take?", "split": "test", "exact_value": 2.2054545454545456}
{"id": "travel_time_000937", "topic": "travel_time", "subtopic": "drive_time", "prompt": "You need to travel about 89 miles at around 35 mph. About how many hours will it take?", "split": "test", "exact_value": 2.5457142857142854}
{"id": "travel_time_000938", "topic": "travel_time", "subtopic": "drive_time", "prompt": "You need to travel about 148 miles at around 25 mph. About how many hours will it take?", "split": "test", "exact_value": 5.936}
{"id": "travel_time_000939", "topic": "travel_time", "subtopic": "drive_time", "prompt": "You need to travel about 21 miles at around 65 mph. About how many hours will it take?", "split": "test", "exact_value": 0.3230769230769231}
{"id": "travel_time_000940", "topic": "travel_time", "subtopic": "drive_time", "prompt": "You need to travel about 176 miles at around 55 mph. About how many hours will it take?", "split": "test", "exact_value": 3.2036363636363636}
{"id": "travel_time_000941", "topic": "travel_time", "subtopic": "drive_time", "prompt": "You need to travel about 96 miles at around 65 mph. About how many hours will it take?", "split": "test", "exact_value": 1.4692307692307693}
{"id": "travel_time_000942", "topic": "travel_time", "subtopic": "drive_time", "prompt": "You need to travel about 44 miles at around 55 mph. About how many hours will it take?", "split": "test", "exact_value": 0.7927272727272727}
{"id": "travel_time_000943", "topic": "travel_time", "subtopic": "drive_time", "prompt": "You need to travel about 20 miles at around 35 mph. About how many hours will it take?", "split": "test", "exact_value": 0.5628571428571428}
{"id": "travel_time_000944", "topic": "travel_time", "subtopic": "drive_time", "prompt": "You need to travel about 125 miles at around 45 mph. About how many hours will it take?", "split": "test", "exact_value": 2.7822222222222224}
{"id": "travel_time_000945", "topic": "travel_time", "subtopic": "drive_time", "prompt": "You need to travel about 218 miles at around 35 mph. About how many hours will it take?", "split": "test", "exact_value": 6.217142857142857}
{"id": "travel_time_000946", "topic": "travel_time", "subtopic": "drive_time", "prompt": "You need to travel about 208 miles at around 65 mph. About how many hours will it take?", "split": "test", "exact_value": 3.207692307692308}
{"id": "travel_time_000947", "topic": "travel_time", "subtopic": "drive_time", "prompt": "You need to travel about 111 miles at around 45 mph. About how many hours will it take?", "split": "test", "exact_value": 2.4644444444444447}
{"id": "travel_time_000948", "topic": "travel_time", "subtopic": "drive_time", "prompt": "You need to travel about 186 miles at around 65 mph. About how many hours will it take?", "split": "test", "exact_value": 2.8584615384615386}
{"id": "travel_time_000949", "topic": "travel_time", "subtopic": "drive_time", "prompt": "You need to travel about 60 miles at around 45 mph. About how many hours will it take?", "split": "test", "exact_value": 1.3288888888888888}
{"id": "travel_time_000950", "topic": "travel_time", "subtopic": "drive_time", "prompt": "You need to travel about 58 miles at around 35 mph. About how many hours will it take?", "split": "test", "exact_value": 1.6514285714285712}
{"id": "travel_time_000951", "topic": "travel_time", "subtopic": "drive_time", "prompt": "You need to travel about 198 miles at around 65 mph. About how many hours will it take?", "split": "test", "exact_value": 3.0523076923076924}
{"id": "travel_time_000952", "topic": "travel_time", "subtopic": "drive_time", "prompt": "You need to travel about 167 miles at around 55 mph. About how many hours will it take?", "split": "test", "exact_value": 3.036363636363636}
{"id": "travel_time_000953", "topic": "travel_time", "subtopic": "drive_time", "prompt": "You need to travel about 216 miles at around 35 mph. About how many hours will it take?", "split": "test", "exact_value": 6.177142857142857}
{"id": "travel_time_000954", "topic": "travel_time", "subtopic": "drive_time", "prompt": "You need to travel about 134 miles at around 45 mph. About how many hours will it take?", "split": "test", "exact_value": 2.977777777777778}
{"id": "travel_time_000955", "topic": "travel_time", "subtopic": "drive_time", "prompt": "You need to travel about 68 miles at around 35 mph. About how many hours will it take?", "split": "test", "exact_value": 1.957142857142857}
{"id": "travel_time_000956", "topic": "travel_time", "subtopic": "drive_time", "prompt": "You need to travel about 194 miles at around 25 mph. About how many hours will it take?", "split": "test", "exact_value": 7.747999999999999}
{"id": "travel_time_000957", "topic": "travel_time", "subtopic": "drive_time", "prompt": "You need to travel about 42 miles at around 45 mph. About how many hours will it take?", "split": "test", "exact_value": 0.9244444444444445}
{"id": "travel_time_000958", "topic": "travel_time", "subtopic": "drive_time", "prompt": "You need to travel about 198 miles at around 65 mph. About how many hours will it take?", "split": "test", "exact_value": 3.0415384615384613}
{"id": "travel_time_000959", "topic": "travel_time", "subtopic": "drive_time", "prompt": "You need to travel about 185 miles at around 45 mph. About how many hours will it take?", "split": "test", "exact_value": 4.104444444444444}
{"id": "travel_time_000960", "topic": "travel_time", "subtopic": "drive_time", "prompt": "You need to travel about 169 miles at around 65 mph. About how many hours will it take?", "split": "test", "exact_value": 2.603076923076923}
{"id": "travel_time_000961", "topic": "travel_time", "subtopic": "drive_time", "prompt": "You need to travel about 128 miles at around 65 mph. About how many hours will it take?", "split": "test", "exact_value": 1.9753846153846155}
{"id": "travel_time_000962", "topic": "travel_time", "subtopic": "drive_time", "prompt": "You need to travel about 172 miles at around 65 mph. About how many hours will it take?", "split": "test", "exact_value": 2.647692307692308}
{"id": "travel_time_000963", "topic": "travel_time", "subtopic": "drive_time", "prompt": "You need to travel about 154 miles at around 25 mph. About how many hours will it take?", "split": "test", "exact_value": 6.18}
{"id": "travel_time_000964", "topic": "travel_time", "subtopic": "drive_time", "prompt": "You need to travel about 132 miles at around 55 mph. About how many hours will it take?", "split": "test", "exact_value": 2.3945454545454545}
{"id": "travel_time_000965", "topic": "travel_time", "subtopic": "drive_time", "prompt": "You need to travel about 99 miles at around 45 mph. About how many hours will it take?", "split": "test", "exact_value": 2.2022222222222223}
{"id": "travel_time_000966", "topic": "travel_time", "subtopic": "drive_time", "prompt": "You need to travel about 226 miles at around 35 mph. About how many hours will it take?", "split": "test", "exact_value": 6.442857142857143}
{"id": "travel_time_000967", "topic": "travel_time", "subtopic": "drive_time", "prompt": "You need to travel about 120 miles at around 45 mph. About how many hours will it take?", "split": "test", "exact_value": 2.6577777777777776}
{"id": "travel_time_000968", "topic": "travel_time", "subtopic": "drive_time", "prompt": "You need to travel about 108 miles at around 55 mph. About how many hours will it take?", "split": "test", "exact_value": 1.9672727272727273}
{"id": "travel_time_000969", "topic": "travel_time", "subtopic": "drive_time", "prompt": "You need to travel about 29 miles at around 45 mph. About how many hours will it take?", "split": "test", "exact_value": 0.6511111111111111}
{"id": "travel_time_000970", "topic": "travel_time", "subtopic": "drive_time", "prompt": "You need to travel about 110 miles at around 55 mph. About how many hours will it take?", "split": "test", "exact_value": 1.9945454545454546}
{"id": "travel_time_000971", "topic": "travel_time", "subtopic": "drive_time", "prompt": "You need to travel about 50 miles at around 65 mph. About how many hours will it take?", "split": "test", "exact_value": 0.7769230769230769}
{"id": "travel_time_000972", "topic": "travel_time", "subtopic": "drive_time", "prompt": "You need to travel about 25 miles at around 55 mph. About how many hours will it take?", "split": "test", "exact_value": 0.45454545454545453}
{"id": "travel_time_000973", "topic": "travel_time", "subtopic": "drive_time", "prompt": "You need to travel about 34 miles at around 55 mph. About how many hours will it take?", "split": "test", "exact_value": 0.6145454545454545}
{"id": "travel_time_000974", "topic": "travel_time", "subtopic": "drive_time", "prompt": "You need to travel about 42 miles at around 55 mph. About how many hours will it take?", "split": "test", "exact_value": 0.7618181818181818}
{"id": "travel_time_000975", "topic": "travel_time", "subtopic": "drive_time", "prompt": "You need to travel about 55 miles at around 55 mph. About how many hours will it take?", "split": "test", "exact_value": 0.9945454545454546}
{"id": "travel_time_000976", "topic": "travel_time", "subtopic": "drive_time", "prompt": "You need to travel about 204 miles at around 35 mph. About how many hours will it take?", "split": "test", "exact_value": 5.814285714285714}
{"id": "travel_time_000977", "topic": "travel_time", "subtopic": "drive_time", "prompt": "You need to travel about 179 miles at around 55 mph. About how many hours will it take?", "split": "test", "exact_value": 3.2618181818181817}
{"id": "travel_time_000978", "topic": "travel_time", "subtopic": "drive_time", "prompt": "You need to travel about 51 miles at around 45 mph. About how many hours will it take?", "split": "test", "exact_value": 1.1422222222222222}
{"id": "travel_time_000979", "topic": "travel_time", "subtopic": "drive_time", "prompt": "You need to travel about 10 miles at around 35 mph. About how many hours will it take?", "split": "test", "exact_value": 0.27714285714285714}
{"id": "travel_time_000980", "topic": "travel_time", "subtopic": "drive_time", "prompt": "You need to travel about 218 miles at around 65 mph. About how many hours will it take?", "split": "test", "exact_value": 3.352307692307692}
{"id": "travel_time_000981", "topic": "travel_time", "subtopic": "drive_time", "prompt": "You need to travel about 167 miles at around 25 mph. About how many hours will it take?", "split": "test", "exact_value": 6.692}
{"id": "travel_time_000982", "topic": "travel_time", "subtopic": "drive_time", "prompt": "You need to travel about 98 miles at around 55 mph. About how many hours will it take?", "split": "test", "exact_value": 1.790909090909091}
{"id": "travel_time_000983", "topic": "travel_time", "subtopic": "drive_time", "prompt": "You need to travel about 209 miles at around 25 mph. About how many hours will it take?", "split": "test", "exact_value": 8.352}
{"id": "travel_time_000984", "topic": "travel_time", "subtopic": "drive_time", "prompt": "You need to travel about 105 miles at around 45 mph. About how many hours will it take?", "split": "test", "exact_value": 2.3266666666666667}
{"id": "travel_time_000985", "topic": "travel_time", "subtopic": "drive_time", "prompt": "You need to travel about 180 miles at around 55 mph. About how many hours will it take?", "split": "test", "exact_value": 3.2818181818181817}
{"id": "travel_time_000986", "topic": "travel_time", "subtopic": "drive_time", "prompt": "You need to travel about 150 miles at around 65 mph. About how many hours will it take?", "split": "test", "exact_value": 2.309230769230769}
{"id": "travel_time_000987", "topic": "travel_time", "subtopic": "drive_time", "prompt": "You need to travel about 128 miles at around 65 mph. About how many hours will it take?", "split": "test", "exact_value": 1.9661538461538461}
{"id": "travel_time_000988", "topic": "travel_time", "subtopic": "drive_time", "prompt": "You need to travel about 156 miles at around 55 mph. About how many hours will it take?", "split": "test", "exact_value": 2.838181818181818}
{"id": "travel_time_000989", "topic": "travel_time", "subtopic": "drive_time", "prompt": "You need to travel about 118 miles at around 55 mph. About how many hours will it take?", "split": "test", "exact_value": 2.14}
{"id": "travel_time_000990", "topic": "travel_time", "subtopic": "drive_time", "prompt": "You need to travel about 46 miles at around 25 mph. About how many hours will it take?", "split": "test", "exact_value": 1.82}
{"id": "travel_time_000991", "topic": "travel_time", "subtopic": "drive_time", "prompt": "You need to travel about 123 miles at around 35 mph. About how many hours will it take?", "split": "test", "exact_value": 3.5142857142857142}
{"id": "travel_time_000992", "topic": "travel_time", "subtopic": "drive_time", "prompt": "You need to travel about 78 miles at around 65 mph. About how many hours will it take?", "split": "test", "exact_value": 1.2046153846153846}
{"id": "travel_time_000993", "topic": "travel_time", "subtopic": "drive_time", "prompt": "You need to travel about 234 miles at around 35 mph. About how many hours will it take?", "split": "test", "exact_value": 6.680000000000001}
{"id": "travel_time_000994", "topic": "travel_time", "subtopic": "drive_time", "prompt": "You need to travel about 35 miles at around 55 mph. About how many hours will it take?", "split": "test", "exact_value": 0.6290909090909091}
{"id": "travel_time_000995", "topic": "travel_time", "subtopic": "drive_time", "prompt": "You need to travel about 100 miles at around 65 mph. About how many hours will it take?", "split": "test", "exact_value": 1.5399999999999998}
{"id": "travel_time_000996", "topic": "travel_time", "subtopic": "drive_time", "prompt": "You need to travel about 104 miles at around 25 mph. About how many hours will it take?", "split": "test", "exact_value": 4.18}
{"id": "travel_time_000997", "topic": "travel_time", "subtopic": "drive_time", "prompt": "You need to travel about 237 miles at around 55 mph. About how many hours will it take?", "split": "test", "exact_value": 4.307272727272728}
{"id": "travel_time_000998", "topic": "travel_time", "subtopic": "drive_time", "prompt": "You need to travel about 29 miles at around 55 mph. About how many hours will it take?", "split": "test", "exact_value": 0.5290909090909092}
{"id": "travel_time_000999", "topic": "travel_time", "subtopic": "drive_time", "prompt": "You need to travel about 27 miles at around 45 mph. About how many hours will it take?", "split": "test", "exact_value": 0.5911111111111111}
{"id": "travel_time_001000", "topic": "travel_time", "subtopic": "drive_time", "prompt": "You need to travel about 127 miles at around 65 mph. About how many hours will it take?", "split": "test", "exact_value": 1.9523076923076923}
{"id": "travel_time_001001", "topic": "travel_time", "subtopic": "drive_time", "prompt": "You need to travel about 89 miles at around 65 mph. About how many hours will it take?", "split": "test", "exact_value": 1.3753846153846154}
{"id": "travel_time_001002", "topic": "travel_time", "subtopic": "drive_time", "prompt": "You need to travel about 38 miles at around 55 mph. About how many hours will it take?", "split": "test", "exact_value": 0.6927272727272727}
{"id": "travel_time_001003", "topic": "travel_time", "subtopic": "drive_time", "prompt": "You need to travel about 131 miles at around 35 mph. About how many hours will it take?", "split": "test", "exact_value": 3.7457142857142856}
{"id": "travel_time_001004", "topic": "travel_time", "subtopic": "drive_time", "prompt": "You need to travel about 50 miles at around 45 mph. About how many hours will it take?", "split": "test", "exact_value": 1.1155555555555556}
{"id": "travel_time_001005", "topic": "travel_time", "subtopic": "drive_time", "prompt": "You need to travel about 239 miles at around 65 mph. About how many hours will it take?", "split": "test", "exact_value": 3.6799999999999997}
{"id": "travel_time_001006", "topic": "travel_time", "subtopic": "drive_time", "prompt": "You need to travel about 123 miles at around 25 mph. About how many hours will it take?", "split": "test", "exact_value": 4.9239999999999995}
{"id": "travel_time_001007", "topic": "travel_time", "subtopic": "drive_time", "prompt": "You need to travel about 190 miles at around 35 mph. About how many hours will it take?", "split": "test", "exact_value": 5.414285714285715}
{"id": "travel_time_001008", "topic": "travel_time", "subtopic": "drive_time", "prompt": "You need to travel about 74 miles at around 25 mph. About how many hours will it take?", "split": "test", "exact_value": 2.948}
{"id": "travel_time_001009", "topic": "travel_time", "subtopic": "drive_time", "prompt": "You need to travel about 57 miles at around 55 mph. About how many hours will it take?", "split": "test", "exact_value": 1.0418181818181818}
{"id": "travel_time_001010", "topic": "travel_time", "subtopic": "drive_time", "prompt": "You need to travel about 61 miles at around 45 mph. About how many hours will it take?", "split": "test", "exact_value": 1.36}
{"id": "travel_time_001011", "topic": "travel_time", "subtopic": "drive_time", "prompt": "You need to travel about 68 miles at around 45 mph. About how many hours will it take?", "split": "test", "exact_value": 1.5177777777777777}
{"id": "travel_time_001012", "topic": "travel_time", "subtopic": "drive_time", "prompt": "You need to travel about 117 miles at around 25 mph. About how many hours will it take?", "split": "test", "exact_value": 4.696000000000001}
{"id": "travel_time_001013", "topic": "travel_time", "subtopic": "drive_time", "prompt": "You need to travel about 232 miles at around 45 mph. About how many hours will it take?", "split": "test", "exact_value": 5.1466666666666665}
{"id": "travel_time_001014", "topic": "travel_time", "subtopic": "drive_time", "prompt": "You need to travel about 211 miles at around 65 mph. About how many hours will it take?", "split": "test", "exact_value": 3.243076923076923}
{"id": "travel_time_001015", "topic": "travel_time", "subtopic": "drive_time", "prompt": "You need to travel about 238 miles at around 35 mph. About how many hours will it take?", "split": "test", "exact_value": 6.8028571428571425}
{"id": "travel_time_001016", "topic": "travel_time", "subtopic": "drive_time", "prompt": "You need to travel about 228 miles at around 65 mph. About how many hours will it take?", "split": "test", "exact_value": 3.5061538461538464}
{"id": "travel_time_001017", "topic": "travel_time", "subtopic": "drive_time", "prompt": "You need to travel about 32 miles at around 65 mph. About how many hours will it take?", "split": "test", "exact_value": 0.48615384615384616}
{"id": "travel_time_001018", "topic": "travel_time", "subtopic": "drive_time", "prompt": "You need to travel about 83 miles at around 55 mph. About how many hours will it take?", "split": "test", "exact_value": 1.5145454545454544}
{"id": "travel_time_001019", "topic": "travel_time", "subtopic": "drive_time", "prompt": "You need to travel about 27 miles at around 65 mph. About how many hours will it take?", "split": "test", "exact_value": 0.40923076923076923}
{"id": "travel_time_001020", "topic": "travel_time", "subtopic": "drive_time", "prompt": "You need to travel about 232 miles at around 55 mph. About how many hours will it take?", "split": "test", "exact_value": 4.2272727272727275}
{"id": "travel_time_001021", "topic": "travel_time", "subtopic": "drive_time", "prompt": "You need to travel about 198 miles at around 55 mph. About how many hours will it take?", "split": "test", "exact_value": 3.6072727272727274}
{"id": "travel_time_001022", "topic": "travel_time", "subtopic": "drive_time", "prompt": "You need to travel about 112 miles at around 55 mph. About how many hours will it take?", "split": "test", "exact_value": 2.04}
{"id": "travel_time_001023", "topic": "travel_time", "subtopic": "drive_time", "prompt": "You need to travel about 234 miles at around 65 mph. About how many hours will it take?", "split": "test", "exact_value": 3.603076923076923}
{"id": "travel_time_001024", "topic": "travel_time", "subtopic": "drive_time", "prompt": "You need to travel about 51 miles at around 25 mph. About how many hours will it take?", "split": "test", "exact_value": 2.056}
{"id": "travel_time_001025", "topic": "travel_time", "subtopic": "drive_time", "prompt": "You need to travel about 54 miles at around 55 mph. About how many hours will it take?", "split": "test", "exact_value": 0.9854545454545455}
{"id": "travel_time_001026", "topic": "travel_time", "subtopic": "drive_time", "prompt": "You need to travel about 217 miles at around 45 mph. About how many hours will it take?", "split": "test", "exact_value": 4.82}
{"id": "travel_time_001027", "topic": "travel_time", "subtopic": "drive_time", "prompt": "You need to travel about 78 miles at around 65 mph. About how many hours will it take?", "split": "test", "exact_value": 1.2076923076923076}
{"id": "travel_time_001028", "topic": "travel_time", "subtopic": "drive_time", "prompt": "You need to travel about 51 miles at around 55 mph. About how many hours will it take?", "split": "test", "exact_value": 0.9309090909090909}
{"id": "travel_time_001029", "topic": "travel_time", "subtopic": "drive_time", "prompt": "You need to travel about 214 miles at around 35 mph. About how many hours will it take?", "split": "test", "exact_value": 6.1171428571428565}
{"id": "travel_time_001030", "topic": "travel_time", "subtopic": "drive_time", "prompt": "You need to travel about 87 miles at around 25 mph. About how many hours will it take?", "split": "test", "exact_value": 3.48}
{"id": "travel_time_001031", "topic": "travel_time", "subtopic": "drive_time", "prompt": "You need to travel about 206 miles at around 45 mph. About how many hours will it take?", "split": "test", "exact_value": 4.5777777777777775}
{"id": "travel_time_001032", "topic": "travel_time", "subtopic": "drive_time", "prompt": "You need to travel about 62 miles at around 35 mph. About how many hours will it take?", "split": "test", "exact_value": 1.7857142857142858}
{"id": "travel_time_001033", "topic": "travel_time", "subtopic": "drive_time", "prompt": "You need to travel about 197 miles at around 25 mph. About how many hours will it take?", "split": "test", "exact_value": 7.864}
{"id": "travel_time_001034", "topic": "travel_time", "subtopic": "drive_time", "prompt": "You need to travel about 13 miles at around 35 mph. About how many hours will it take?", "split": "test", "exact_value": 0.3657142857142857}
{"id": "travel_time_001035", "topic": "travel_time", "subtopic": "drive_time", "prompt": "You need to travel about 84 miles at around 45 mph. About how many hours will it take?", "split": "test", "exact_value": 1.8733333333333333}
{"id": "travel_time_001036", "topic": "travel_time", "subtopic": "drive_time", "prompt": "You need to travel about 169 miles at around 55 mph. About how many hours will it take?", "split": "test", "exact_value": 3.0745454545454542}
{"id": "travel_time_001037", "topic": "travel_time", "subtopic": "drive_time", "prompt": "You need to travel about 82 miles at around 65 mph. About how many hours will it take?", "split": "test", "exact_value": 1.2615384615384615}
{"id": "travel_time_001038", "topic": "travel_time", "subtopic": "drive_time", "prompt": "You need to travel about 21 miles at around 65 mph. About how many hours will it take?", "split": "test", "exact_value": 0.3261538461538461}
{"id": "travel_time_001039", "topic": "travel_time", "subtopic": "drive_time", "prompt": "You need to travel about 143 miles at around 65 mph. About how many hours will it take?", "split": "test", "exact_value": 2.206153846153846}
{"id": "travel_time_001040", "topic": "travel_time", "subtopic": "drive_time", "prompt": "You need to travel about 89 miles at around 65 mph. About how many hours will it take?", "split": "test", "exact_value": 1.3723076923076925}
{"id": "travel_time_001041", "topic": "travel_time", "subtopic": "drive_time", "prompt": "You need to travel about 184 miles at around 55 mph. About how many hours will it take?", "split": "test", "exact_value": 3.350909090909091}
{"id": "travel_time_001042", "topic": "travel_time", "subtopic": "drive_time", "prompt": "You need to travel about 116 miles at around 35 mph. About how many hours will it take?", "split": "test", "exact_value": 3.3057142857142856}
{"id": "travel_time_001043", "topic": "travel_time", "subtopic": "drive_time", "prompt": "You need to travel about 27 miles at around 55 mph. About how many hours will it take?", "split": "test", "exact_value": 0.49818181818181817}
{"id": "travel_time_001044", "topic": "travel_time", "subtopic": "drive_time", "prompt": "You need to travel about 5 miles at around 55 mph. About how many hours will it take?", "split": "test", "exact_value": 0.09818181818181819}
{"id": "travel_time_001045", "topic": "travel_time", "subtopic": "drive_time", "prompt": "You need to travel about 130 miles at around 35 mph. About how many hours will it take?", "split": "test", "exact_value": 3.7199999999999998}
{"id": "travel_time_001046", "topic": "travel_time", "subtopic": "drive_time", "prompt": "You need to travel about 92 miles at around 35 mph. About how many hours will it take?", "split": "test", "exact_value": 2.625714285714286}
{"id": "travel_time_001047", "topic": "travel_time", "subtopic": "drive_time", "prompt": "You need to travel about 49 miles at around 25 mph. About how many hours will it take?", "split": "test", "exact_value": 1.956}
{"id": "travel_time_001048", "topic": "travel_time", "subtopic": "drive_time", "prompt": "You need to travel about 216 miles at around 35 mph. About how many hours will it take?", "split": "test", "exact_value": 6.180000000000001}
{"id": "travel_time_001049", "topic": "travel_time", "subtopic": "drive_time", "prompt": "You need to travel about 82 miles at around 45 mph. About how many hours will it take?", "split": "test", "exact_value": 1.8333333333333333}
{"id": "travel_time_001050", "topic": "travel_time", "subtopic": "drive_time", "prompt": "You need to travel about 96 miles at around 35 mph. About how many hours will it take?", "split": "test", "exact_value": 2.7514285714285713}
{"id": "travel_time_001051", "topic": "travel_time", "subtopic": "drive_time", "prompt": "You need to travel about 190 miles at around 55 mph. About how many hours will it take?", "split": "test", "exact_value": 3.4472727272727273}
{"id": "travel_time_001052", "topic": "travel_time", "subtopic": "drive_time", "prompt": "You need to travel about 150 miles at around 65 mph. About how many hours will it take?", "split": "test", "exact_value": 2.304615384615385}
{"id": "travel_time_001053", "topic": "travel_time", "subtopic": "drive_time", "prompt": "You need to travel about 166 miles at around 35 mph. About how many hours will it take?", "split": "test", "exact_value": 4.751428571428572}
{"id": "travel_time_001054", "topic": "travel_time", "subtopic": "drive_time", "prompt": "You need to travel about 108 miles at around 55 mph. About how many hours will it take?", "split": "test", "exact_value": 1.9581818181818182}
{"id": "travel_time_001055", "topic": "travel_time", "subtopic": "drive_time", "prompt": "You need to travel about 60 miles at around 45 mph. About how many hours will it take?", "split": "test", "exact_value": 1.3399999999999999}
{"id": "travel_time_001056", "topic": "travel_time", "subtopic": "drive_time", "prompt": "You need to travel about 236 miles at around 45 mph. About how many hours will it take?", "split": "test", "exact_value": 5.2444444444444445}
{"id": "travel_time_001057", "topic": "travel_time", "subtopic": "drive_time", "prompt": "You need to travel about 174 miles at around 65 mph. About how many hours will it take?", "split": "test", "exact_value": 2.6769230769230767}
{"id": "travel_time_001058", "topic": "travel_time", "subtopic": "drive_time", "prompt": "You need to travel about 124 miles at around 25 mph. About how many hours will it take?", "split": "test", "exact_value": 4.9719999999999995}
{"id": "travel_time_001059", "topic": "travel_time", "subtopic": "drive_time", "prompt": "You need to travel about 12 miles at around 55 mph. About how many hours will it take?", "split": "test", "exact_value": 0.22}
{"id": "travel_time_001060", "topic": "travel_time", "subtopic": "drive_time", "prompt": "You need to travel about 224 miles at around 35 mph. About how many hours will it take?", "split": "test", "exact_value": 6.394285714285715}
{"id": "travel_time_001061", "topic": "travel_time", "subtopic": "drive_time", "prompt": "You need to travel about 182 miles at around 55 mph. About how many hours will it take?", "split": "test", "exact_value": 3.3018181818181818}
{"id": "travel_time_001062", "topic": "travel_time", "subtopic": "drive_time", "prompt": "You need to travel about 207 miles at around 35 mph. About how many hours will it take?", "split": "test", "exact_value": 5.914285714285715}
{"id": "travel_time_001063", "topic": "travel_time", "subtopic": "drive_time", "prompt": "You need to travel about 138 miles at around 25 mph. About how many hours will it take?", "split": "test", "exact_value": 5.507999999999999}
{"id": "travel_time_001064", "topic": "travel_time", "subtopic": "drive_time", "prompt": "You need to travel about 94 miles at around 25 mph. About how many hours will it take?", "split": "test", "exact_value": 3.7439999999999998}
{"id": "travel_time_001065", "topic": "travel_time", "subtopic": "drive_time", "prompt": "You need to travel about 70 miles at around 65 mph. About how many hours will it take?", "split": "test", "exact_value": 1.0707692307692307}
{"id": "travel_time_001066", "topic": "travel_time", "subtopic": "drive_time", "prompt": "You need to travel about 74 miles at around 65 mph. About how many hours will it take?", "split": "test", "exact_value": 1.1415384615384616}
{"id": "travel_time_001067", "topic": "travel_time", "subtopic": "drive_time", "prompt": "You need to travel about 148 miles at around 35 mph. About how many hours will it take?", "split": "test", "exact_value": 4.2371428571428575}
{"id": "travel_time_001068", "topic": "travel_time", "subtopic": "drive_time", "prompt": "You need to travel about 183 miles at around 25 mph. About how many hours will it take?", "split": "test", "exact_value": 7.308}
{"id": "travel_time_001069", "topic": "travel_time", "subtopic": "drive_time", "prompt": "You need to travel about 149 miles at around 35 mph. About how many hours will it take?", "split": "test", "exact_value": 4.265714285714286}
{"id": "travel_time_001070", "topic": "travel_time", "subtopic": "drive_time", "prompt": "You need to travel about 68 miles at around 45 mph. About how many hours will it take?", "split": "test", "exact_value": 1.5022222222222221}
{"id": "travel_time_001071", "topic": "travel_time", "subtopic": "drive_time", "prompt": "You need to travel about 230 miles at around 45 mph. About how many hours will it take?", "split": "test", "exact_value": 5.108888888888889}
{"id": "travel_time_001072", "topic": "travel_time", "subtopic": "drive_time", "prompt": "You need to travel about 17 miles at around 65 mph. About how many hours will it take?", "split": "test", "exact_value": 0.25846153846153846}
{"id": "physics_estimate_000097", "topic": "physics_estimate", "subtopic": "fill_rate", "prompt": "A faucet fills 50 liters at about 7 liters per minute. About how many minutes does it take?", "split": "test", "exact_value": 7.142857142857143}
{"id": "physics_estimate_000098", "topic": "physics_estimate", "subtopic": "fill_rate", "prompt": "A faucet fills 40 liters at about 5 liters per minute. About how many minutes does it take?", "split": "test", "exact_value": 8.0}
{"id": "physics_estimate_000099", "topic": "physics_estimate", "subtopic": "fill_rate", "prompt": "A faucet fills 10 liters at about 8 liters per minute. About how many minutes does it take?", "split": "test", "exact_value": 1.25}
{"id": "physics_estimate_000100", "topic": "physics_estimate", "subtopic": "fill_rate", "prompt": "A faucet fills 40 liters at about 5 liters per minute. About how many minutes does it take?", "split": "test", "exact_value": 8.0}
{"id": "physics_estimate_000101", "topic": "physics_estimate", "subtopic": "fill_rate", "prompt": "A faucet fills 40 liters at about 7 liters per minute. About how many minutes does it take?", "split": "test", "exact_value": 5.714285714285714}
{"id": "physics_estimate_000102", "topic": "physics_estimate", "subtopic": "fill_rate", "prompt": "A faucet fills 15 liters at about 4 liters per minute. About how many minutes does it take?", "split": "test", "exact_value": 3.75}
{"id": "physics_estimate_000103", "topic": "physics_estimate", "subtopic": "fill_rate", "prompt": "A faucet fills 10 liters at about 5 liters per minute. About how many minutes does it take?", "split": "test", "exact_value": 2.0}
{"id": "physics_estimate_000104", "topic": "physics_estimate", "subtopic": "fill_rate", "prompt": "A faucet fills 10 liters at about 5 liters per minute. About how many minutes does it take?", "split": "test", "exact_value": 2.0}
{"id": "physics_estimate_000105", "topic": "physics_estimate", "subtopic": "fill_rate", "prompt": "A faucet fills 40 liters at about 5 liters per minute. About how many minutes does it take?", "split": "test", "exact_value": 8.0}
{"id": "physics_estimate_000106", "topic": "physics_estimate", "subtopic": "fill_rate", "prompt": "A faucet fills 50 liters at about 8 liters per minute. About how many minutes does it take?", "split": "test", "exact_value": 6.25}
{"id": "physics_estimate_000107", "topic": "physics_estimate", "subtopic": "fill_rate", "prompt": "A faucet fills 40 liters at about 8 liters per minute. About how many minutes does it take?", "split": "test", "exact_value": 5.0}
{"id": "physics_estimate_000108", "topic": "physics_estimate", "subtopic": "fill_rate", "prompt": "A faucet fills 15 liters at about 8 liters per minute. About how many minutes does it take?", "split": "test", "exact_value": 1.875}
{"id": "physics_estimate_000109", "topic": "physics_estimate", "subtopic": "fill_rate", "prompt": "A faucet fills 40 liters at about 4 liters per minute. About how many minutes does it take?", "split": "test", "exact_value": 10.0}
{"id": "physics_estimate_000110", "topic": "physics_estimate", "subtopic": "fill_rate", "prompt": "A faucet fills 10 liters at about 6 liters per minute. About how many minutes does it take?", "split": "test", "exact_value": 1.6666666666666667}
{"id": "physics_estimate_000111", "topic": "physics_estimate", "subtopic": "fill_rate", "prompt": "A faucet fills 10 liters at about 6 liters per minute. About how many minutes does it take?", "split": "test", "exact_value": 1.6666666666666667}
{"id": "physics_estimate_000112", "topic": "physics_estimate", "subtopic": "fill_rate", "prompt": "A faucet fills 40 liters at about 6 liters per minute. About how many minutes does it take?", "split": "test", "exact_value": 6.666666666666667}
{"id": "physics_estimate_000113", "topic": "physics_estimate", "subtopic": "fill_rate", "prompt": "A faucet fills 20 liters at about 7 liters per minute. About how many minutes does it take?", "split": "test", "exact_value": 2.857142857142857}
{"id": "physics_estimate_000114", "topic": "physics_estimate", "subtopic": "fill_rate", "prompt": "A faucet fills 30 liters at about 4 liters per minute. About how many minutes does it take?", "split": "test", "exact_value": 7.5}
{"id": "physics_estimate_000115", "topic": "physics_estimate", "subtopic": "fill_rate", "prompt": "A faucet fills 30 liters at about 8 liters per minute. About how many minutes does it take?", "split": "test", "exact_value": 3.75}
{"id": "physics_estimate_000116", "topic": "physics_estimate", "subtopic": "fill_rate", "prompt": "A faucet fills 10 liters at about 7 liters per minute. About how many minutes does it take?", "split": "test", "exact_value": 1.4285714285714286}
{"id": "physics_estimate_000117", "topic": "physics_estimate", "subtopic": "fill_rate", "prompt": "A faucet fills 40 liters at about 4 liters per minute. About how many minutes does it take?", "split": "test", "exact_value": 10.0}
{"id": "physics_estimate_000118", "topic": "physics_estimate", "subtopic": "fill_rate", "prompt": "A faucet fills 15 liters at about 4 liters per minute. About how many minutes does it take?", "split": "test", "exact_value": 3.75}
{"id": "physics_estimate_000119", "topic": "physics_estimate", "subtopic": "fill_rate", "prompt": "A faucet fills 20 liters at about 4 liters per minute. About how many minutes does it take?", "split": "test", "exact_value": 5.0}
{"id": "physics_estimate_000120", "topic": "physics_estimate", "subtopic": "fill_rate", "prompt": "A faucet fills 10 liters at about 6 liters per minute. About how many minutes does it take?", "split": "test", "exact_value": 1.6666666666666667}
{"id": "physics_estimate_000121", "topic": "physics_estimate", "subtopic": "fill_rate", "prompt": "A faucet fills 50 liters at about 6 liters per minute. About how many minutes does it take?", "split": "test", "exact_value": 8.333333333333334}
{"id": "physics_estimate_000122", "topic": "physics_estimate", "subtopic": "fill_rate", "prompt": "A faucet fills 30 liters at about 8 liters per minute. About how many minutes does it take?", "split": "test", "exact_value": 3.75}
{"id": "physics_estimate_000123", "topic": "physics_estimate", "subtopic": "fill_rate", "prompt": "A faucet fills 10 liters at about 4 liters per minute. About how many minutes does it take?", "split": "test", "exact_value": 2.5}
{"id": "physics_estimate_000124", "topic": "physics_estimate", "subtopic": "fill_rate", "prompt": "A faucet fills 50 liters at about 5 liters per minute. About how many minutes does it take?", "split": "test", "exact_value": 10.0}
{"id": "physics_estimate_000125", "topic": "physics_estimate", "subtopic": "fill_rate", "prompt": "A faucet fills 10 liters at about 6 liters per minute. About how many minutes does it take?", "split": "test", "exact_value": 1.6666666666666667}
{"id": "physics_estimate_000126", "topic": "physics_estimate", "subtopic": "fill_rate", "prompt": "A faucet fills 15 liters at about 5 liters per minute. About how many minutes does it take?", "split": "test", "exact_value": 3.0}
{"id": "physics_estimate_000127", "topic": "physics_estimate", "subtopic": "fill_rate", "prompt": "A faucet fills 30 liters at about 4 liters per minute. About how many minutes does it take?", "split": "test", "exact_value": 7.5}
{"id": "physics_estimate_000128", "topic": "physics_estimate", "subtopic": "fill_rate", "prompt": "A faucet fills 20 liters at about 7 liters per minute. About how many minutes does it take?", "split": "test", "exact_value": 2.857142857142857}
{"id": "physics_estimate_000129", "topic": "physics_estimate", "subtopic": "fill_rate", "prompt": "A faucet fills 20 liters at about 5 liters per minute. About how many minutes does it take?", "split": "test", "exact_value": 4.0}
{"id": "physics_estimate_000130", "topic": "physics_estimate", "subtopic": "fill_rate", "prompt": "A faucet fills 15 liters at about 4 liters per minute. About how many minutes does it take?", "split": "test", "exact_value": 3.75}
{"id": "physics_estimate_000131", "topic": "physics_estimate", "subtopic": "fill_rate", "prompt": "A faucet fills 50 liters at about 4 liters per minute. About how many minutes does it take?", "split": "test", "exact_value": 12.5}
{"id": "physics_estimate_000132", "topic": "physics_estimate", "subtopic": "fill_rate", "prompt": "A faucet fills 10 liters at about 6 liters per minute. About how many minutes does it take?", "split": "test", "exact_value": 1.6666666666666667}
{"id": "physics_estimate_000133", "topic": "physics_estimate", "subtopic": "fill_rate", "prompt": "A faucet fills 20 liters at about 8 liters per minute. About how many minutes does it take?", "split": "test", "exact_value": 2.5}
{"id": "physics_estimate_000134", "topic": "physics_estimate", "subtopic": "fill_rate", "prompt": "A faucet fills 20 liters at about 8 liters per minute. About how many minutes does it take?", "split": "test", "exact_value": 2.5}
{"id": "physics_estimate_000135", "topic": "physics_estimate", "subtopic": "fill_rate", "prompt": "A faucet fills 50 liters at about 8 liters per minute. About how many minutes does it take?", "split": "test", "exact_value": 6.25}
{"id": "physics_estimate_000136", "topic": "physics_estimate", "subtopic": "fill_rate", "prompt": "A faucet fills 15 liters at about 8 liters per minute. About how many minutes does it take?", "split": "test", "exact_value": 1.875}
{"id": "physics_estimate_000137", "topic": "physics_estimate", "subtopic": "fill_rate", "prompt": "A faucet fills 10 liters at about 7 liters per minute. About how many minutes does it take?", "split": "test", "exact_value": 1.4285714285714286}
{"id": "physics_estimate_000138", "topic": "physics_estimate", "subtopic": "fill_rate", "prompt": "A faucet fills 40 liters at about 4 liters per minute. About how many minutes does it take?", "split": "test", "exact_value": 10.0}
{"id": "physics_estimate_000139", "topic": "physics_estimate", "subtopic": "fill_rate", "prompt": "A faucet fills 40 liters at about 7 liters per minute. About how many minutes does it take?", "split": "test", "exact_value": 5.714285714285714}
{"id": "physics_estimate_000140", "topic": "physics_estimate", "subtopic": "fill_rate", "prompt": "A faucet fills 40 liters at about 4 liters per minute. About how many minutes does it take?", "split": "test", "exact_value": 10.0}
{"id": "physics_estimate_000141", "topic": "physics_estimate", "subtopic": "fill_rate", "prompt": "A faucet fills 40 liters at about 4 liters per minute. About how many minutes does it take?", "split": "test", "exact_value": 10.0}
{"id": "physics_estimate_000142", "topic": "physics_estimate", "subtopic": "fill_rate", "prompt": "A faucet fills 15 liters at about 7 liters per minute. About how many minutes does it take?", "split": "test", "exact_value": 2.142857142857143}
{"id": "physics_estimate_000143", "topic": "physics_estimate", "subtopic": "fill_rate", "prompt": "A faucet fills 20 liters at about 4 liters per minute. About how many minutes does it take?", "split": "test", "exact_value": 5.0}
{"id": "physics_estimate_000144", "topic": "physics_estimate", "subtopic": "fill_rate", "prompt": "A faucet fills 30 liters at about 7 liters per minute. About how many minutes does it take?", "split": "test", "exact_value": 4.285714285714286}
{"id": "physics_estimate_000145", "topic": "physics_estimate", "subtopic": "fill_rate", "prompt": "A faucet fills 20 liters at about 8 liters per minute. About how many minutes does it take?", "split": "test", "exact_value": 2.5}
{"id": "physics_estimate_000146", "topic": "physics_estimate", "subtopic": "fill_rate", "prompt": "A faucet fills 15 liters at about 4 liters per minute. About how many minutes does it take?", "split": "test", "exact_value": 3.75}
{"id": "physics_estimate_000147", "topic": "physics_estimate", "subtopic": "fill_rate", "prompt": "A faucet fills 20 liters at about 8 liters per minute. About how many minutes does it take?", "split": "test", "exact_value": 2.5}
{"id": "physics_estimate_000148", "topic": "physics_estimate", "subtopic": "fill_rate", "prompt": "A faucet fills 20 liters at about 8 liters per minute. About how many minutes does it take?", "split": "test", "exact_value": 2.5}
{"id": "physics_estimate_000149", "topic": "physics_estimate", "subtopic": "fill_rate", "prompt": "A faucet fills 50 liters at about 5 liters per minute. About how many minutes does it take?", "split": "test", "exact_value": 10.0}
{"id": "physics_estimate_000150", "topic": "physics_estimate", "subtopic": "fill_rate", "prompt": "A faucet fills 30 liters at about 4 liters per minute. About how many minutes does it take?", "split": "test", "exact_value": 7.5}
{"id": "physics_estimate_000151", "topic": "physics_estimate", "subtopic": "fill_rate", "prompt": "A faucet fills 40 liters at about 4 liters per minute. About how many minutes does it take?", "split": "test", "exact_value": 10.0}
{"id": "physics_estimate_000152", "topic": "physics_estimate", "subtopic": "fill_rate", "prompt": "A faucet fills 10 liters at about 7 liters per minute. About how many minutes does it take?", "split": "test", "exact_value": 1.4285714285714286}
{"id": "physics_estimate_000153", "topic": "physics_estimate", "subtopic": "fill_rate", "prompt": "A faucet fills 40 liters at about 4 liters per minute. About how many minutes does it take?", "split": "test", "exact_value": 10.0}
{"id": "physics_estimate_000154", "topic": "physics_estimate", "subtopic": "fill_rate", "prompt": "A faucet fills 10 liters at about 4 liters per minute. About how many minutes does it take?", "split": "test", "exact_value": 2.5}
{"id": "physics_estimate_000155", "topic": "physics_estimate", "subtopic": "fill_rate", "prompt": "A faucet fills 20 liters at about 5 liters per minute. About how many minutes does it take?", "split": "test", "exact_value": 4.0}
{"id": "physics_estimate_000156", "topic": "physics_estimate", "subtopic": "fill_rate", "prompt": "A faucet fills 50 liters at about 7 liters per minute. About how many minutes does it take?", "split": "test", "exact_value": 7.142857142857143}
{"id": "physics_estimate_000157", "topic": "physics_estimate", "subtopic": "fill_rate", "prompt": "A faucet fills 10 liters at about 8 liters per minute. About how many minutes does it take?", "split": "test", "exact_value": 1.25}
{"id": "physics_estimate_000158", "topic": "physics_estimate", "subtopic": "fill_rate", "prompt": "A faucet fills 30 liters at about 6 liters per minute. About how many minutes does it take?", "split": "test", "exact_value": 5.0}
{"id": "physics_estimate_000159", "topic": "physics_estimate", "subtopic": "fill_rate", "prompt": "A faucet fills 15 liters at about 8 liters per minute. About how many minutes does it take?", "split": "test", "exact_value": 1.875}
{"id": "physics_estimate_000160", "topic": "physics_estimate", "subtopic": "fill_rate", "prompt": "A faucet fills 20 liters at about 6 liters per minute. About how many minutes does it take?", "split": "test", "exact_value": 3.3333333333333335}
{"id": "physics_estimate_000161", "topic": "physics_estimate", "subtopic": "fill_rate", "prompt": "A faucet fills 50 liters at about 5 liters per minute. About how many minutes does it take?", "split": "test", "exact_value": 10.0}
{"id": "physics_estimate_000162", "topic": "physics_estimate", "subtopic": "fill_rate", "prompt": "A faucet fills 50 liters at about 6 liters per minute. About how many minutes does it take?", "split": "test", "exact_value": 8.333333333333334}
{"id": "physics_estimate_000163", "topic": "physics_estimate", "subtopic": "fill_rate", "prompt": "A faucet fills 40 liters at about 7 liters per minute. About how many minutes does it take?", "split": "test", "exact_value": 5.714285714285714}
{"id": "physics_estimate_000164", "topic": "physics_estimate", "subtopic": "fill_rate", "prompt": "A faucet fills 15 liters at about 5 liters per minute. About how many minutes does it take?", "split": "test", "exact_value": 3.0}
{"id": "physics_estimate_000165", "topic": "physics_estimate", "subtopic": "fill_rate", "prompt": "A faucet fills 10 liters at about 4 liters per minute. About how many minutes does it take?", "split": "test", "exact_value": 2.5}
{"id": "physics_estimate_000166", "topic": "physics_estimate", "subtopic": "fill_rate", "prompt": "A faucet fills 40 liters at about 7 liters per minute. About how many minutes does it take?", "split": "test", "exact_value": 5.714285714285714}
{"id": "physics_estimate_000167", "topic": "physics_estimate", "subtopic": "fill_rate", "prompt": "A faucet fills 10 liters at about 4 liters per minute. About how many minutes does it take?", "split": "test", "exact_value": 2.5}
{"id": "physics_estimate_000168", "topic": "physics_estimate", "subtopic": "fill_rate", "prompt": "A faucet fills 20 liters at about 5 liters per minute. About how many minutes does it take?", "split": "test", "exact_value": 4.0}
{"id": "physics_estimate_000169", "topic": "physics_estimate", "subtopic": "fill_rate", "prompt": "A faucet fills 20 liters at about 5 liters per minute. About how many minutes does it take?", "split": "test", "exact_value": 4.0}
{"id": "physics_estimate_000170", "topic": "physics_estimate", "subtopic": "fill_rate", "prompt": "A faucet fills 50 liters at about 4 liters per minute. About how many minutes does it take?", "split": "test", "exact_value": 12.5}
{"id": "physics_estimate_000171", "topic": "physics_estimate", "subtopic": "fill_rate", "prompt": "A faucet fills 20 liters at about 5 liters per minute. About how many minutes does it take?", "split": "test", "exact_value": 4.0}
{"id": "physics_estimate_000172", "topic": "physics_estimate", "subtopic": "fill_rate", "prompt": "A faucet fills 15 liters at about 6 liters per minute. About how many minutes does it take?", "split": "test", "exact_value": 2.5}
{"id": "physics_estimate_000173", "topic": "physics_estimate", "subtopic": "fill_rate", "prompt": "A faucet fills 30 liters at about 5 liters per minute. About how many minutes does it take?", "split": "test", "exact_value": 6.0}
{"id": "physics_estimate_000174", "topic": "physics_estimate", "subtopic": "fill_rate", "prompt": "A faucet fills 20 liters at about 8 liters per minute. About how many minutes does it take?", "split": "test", "exact_value": 2.5}
{"id": "physics_estimate_000175", "topic": "physics_estimate", "subtopic": "fill_rate", "prompt": "A faucet fills 40 liters at about 8 liters per minute. About how many minutes does it take?", "split": "test", "exact_value": 5.0}
{"id": "physics_estimate_000176", "topic": "physics_estimate", "subtopic": "fill_rate", "prompt": "A faucet fills 50 liters at about 8 liters per minute. About how many minutes does it take?", "split": "test", "exact_value": 6.25}
{"id": "physics_estimate_000177", "topic": "physics_estimate", "subtopic": "fill_rate", "prompt": "A faucet fills 10 liters at about 6 liters per minute. About how many minutes does it take?", "split": "test", "exact_value": 1.6666666666666667}
{"id": "physics_estimate_000178", "topic": "physics_estimate", "subtopic": "fill_rate", "prompt": "A faucet fills 40 liters at about 7 liters per minute. About how many minutes does it take?", "split": "test", "exact_value": 5.714285714285714}
{"id": "physics_estimate_000179", "topic": "physics_estimate", "subtopic": "fill_rate", "prompt": "A faucet fills 10 liters at about 6 liters per minute. About how many minutes does it take?", "split": "test", "exact_value": 1.6666666666666667}
{"id": "physics_estimate_000180", "topic": "physics_estimate", "subtopic": "fill_rate", "prompt": "A faucet fills 30 liters at about 6 liters per minute. About how many minutes does it take?", "split": "test", "exact_value": 5.0}
{"id": "physics_estimate_000181", "topic": "physics_estimate", "subtopic": "fill_rate", "prompt": "A faucet fills 40 liters at about 6 liters per minute. About how many minutes does it take?", "split": "test", "exact_value": 6.666666666666667}
{"id": "physics_estimate_000182", "topic": "physics_estimate", "subtopic": "fill_rate", "prompt": "A faucet fills 20 liters at about 6 liters per minute. About how many minutes does it take?", "split": "test", "exact_value": 3.3333333333333335}
{"id": "physics_estimate_000183", "topic": "physics_estimate", "subtopic": "fill_rate", "prompt": "A faucet fills 10 liters at about 7 liters per minute. About how many minutes does it take?", "split": "test", "exact_value": 1.4285714285714286}
{"id": "physics_estimate_000184", "topic": "physics_estimate", "subtopic": "fill_rate", "prompt": "A faucet fills 40 liters at about 5 liters per minute. About how many minutes does it take?", "split": "test", "exact_value": 8.0}
{"id": "physics_estimate_000185", "topic": "physics_estimate", "subtopic": "fill_rate", "prompt": "A faucet fills 15 liters at about 6 liters per minute. About how many minutes does it take?", "split": "test", "exact_value": 2.5}
{"id": "physics_estimate_000186", "topic": "physics_estimate", "subtopic": "fill_rate", "prompt": "A faucet fills 10 liters at about 6 liters per minute. About how many minutes does it take?", "split": "test", "exact_value": 1.6666666666666667}
{"id": "physics_estimate_000187", "topic": "physics_estimate", "subtopic": "fill_rate", "prompt": "A faucet fills 50 liters at about 7 liters per minute. About how many minutes does it take?", "split": "test", "exact_value": 7.142857142857143}
{"id": "physics_estimate_000188", "topic": "physics_estimate", "subtopic": "fill_rate", "prompt": "A faucet fills 50 liters at about 6 liters per minute. About how many minutes does it take?", "split": "test", "exact_value": 8.333333333333334}
{"id": "physics_estimate_000189", "topic": "physics_estimate", "subtopic": "fill_rate", "prompt": "A faucet fills 10 liters at about 4 liters per minute. About how many minutes does it take?", "split": "test", "exact_value": 2.5}
{"id": "physics_estimate_000190", "topic": "physics_estimate", "subtopic": "fill_rate", "prompt": "A faucet fills 50 liters at about 8 liters per minute. About how many minutes does it take?", "split": "test", "exact_value": 6.25}
{"id": "physics_estimate_000191", "topic": "physics_estimate", "subtopic": "fill_rate", "prompt": "A faucet fills 15 liters at about 6 liters per minute. About how many minutes does it take?", "split": "test", "exact_value": 2.5}
{"id": "physics_estimate_000192", "topic": "physics_estimate", "subtopic": "fill_rate", "prompt": "A faucet fills 15 liters at about 8 liters per minute. About how many minutes does it take?", "split": "test", "exact_value": 1.875}
{"id": "physics_estimate_000193", "topic": "physics_estimate", "subtopic": "fill_rate", "prompt": "A faucet fills 10 liters at about 4 liters per minute. About how many minutes does it take?", "split": "test", "exact_value": 2.5}
{"id": "physics_estimate_000194", "topic": "physics_estimate", "subtopic": "fill_rate", "prompt": "A faucet fills 15 liters at about 8 liters per minute. About how many minutes does it take?", "split": "test", "exact_value": 1.875}
{"id": "physics_estimate_000195", "topic": "physics_estimate", "subtopic": "fill_rate", "prompt": "A faucet fills 50 liters at about 8 liters per minute. About how many minutes does it take?", "split": "test", "exact_value": 6.25}
{"id": "physics_estimate_000196", "topic": "physics_estimate", "subtopic": "fill_rate", "prompt": "A faucet fills 10 liters at about 7 liters per minute. About how many minutes does it take?", "split": "test", "exact_value": 1.4285714285714286}
{"id": "physics_estimate_000197", "topic": "physics_estimate", "subtopic": "fill_rate", "prompt": "A faucet fills 30 liters at about 7 liters per minute. About how many minutes does it take?", "split": "test", "exact_value": 4.285714285714286}
{"id": "physics_estimate_000198", "topic": "physics_estimate", "subtopic": "fill_rate", "prompt": "A faucet fills 30 liters at about 4 liters per minute. About how many minutes does it take?", "split": "test", "exact_value": 7.5}
{"id": "physics_estimate_000199", "topic": "physics_estimate", "subtopic": "fill_rate", "prompt": "A faucet fills 40 liters at about 6 liters per minute. About how many minutes does it take?", "split": "test", "exact_value": 6.666666666666667}
{"id": "physics_estimate_000200", "topic": "physics_estimate", "subtopic": "fill_rate", "prompt": "A faucet fills 15 liters at about 4 liters per minute. About how many minutes does it take?", "split": "test", "exact_value": 3.75}
{"id": "physics_estimate_000201", "topic": "physics_estimate", "subtopic": "fill_rate", "prompt": "A faucet fills 40 liters at about 6 liters per minute. About how many minutes does it take?", "split": "test", "exact_value": 6.666666666666667}
{"id": "physics_estimate_000202", "topic": "physics_estimate", "subtopic": "fill_rate", "prompt": "A faucet fills 50 liters at about 8 liters per minute. About how many minutes does it take?", "split": "test", "exact_value": 6.25}
{"id": "physics_estimate_000203", "topic": "physics_estimate", "subtopic": "fill_rate", "prompt": "A faucet fills 30 liters at about 8 liters per minute. About how many minutes does it take?", "split": "test", "exact_value": 3.75}
{"id": "physics_estimate_000204", "topic": "physics_estimate", "subtopic": "fill_rate", "prompt": "A faucet fills 50 liters at about 4 liters per minute. About how many minutes does it take?", "split": "test", "exact_value": 12.5}
{"id": "physics_estimate_000205", "topic": "physics_estimate", "subtopic": "fill_rate", "prompt": "A faucet fills 20 liters at about 5 liters per minute. About how many minutes does it take?", "split": "test", "exact_value": 4.0}
{"id": "physics_estimate_000206", "topic": "physics_estimate", "subtopic": "fill_rate", "prompt": "A faucet fills 40 liters at about 6 liters per minute. About how many minutes does it take?", "split": "test", "exact_value": 6.666666666666667}
{"id": "physics_estimate_000207", "topic": "physics_estimate", "subtopic": "fill_rate", "prompt": "A faucet fills 15 liters at about 8 liters per minute. About how many minutes does it take?", "split": "test", "exact_value": 1.875}
{"id": "physics_estimate_000208", "topic": "physics_estimate", "subtopic": "fill_rate", "prompt": "A faucet fills 10 liters at about 4 liters per minute. About how many minutes does it take?", "split": "test", "exact_value": 2.5}
{"id": "physics_estimate_000209", "topic": "physics_estimate", "subtopic": "fill_rate", "prompt": "A faucet fills 40 liters at about 8 liters per minute. About how many minutes does it take?", "split": "test", "exact_value": 5.0}
{"id": "physics_estimate_000210", "topic": "physics_estimate", "subtopic": "fill_rate", "prompt": "A faucet fills 40 liters at about 5 liters per minute. About how many minutes does it take?", "split": "test", "exact_value": 8.0}
{"id": "physics_estimate_000211", "topic": "physics_estimate", "subtopic": "fill_rate", "prompt": "A faucet fills 20 liters at about 8 liters per minute. About how many minutes does it take?", "split": "test", "exact_value": 2.5}
{"id": "physics_estimate_000212", "topic": "physics_estimate", "subtopic": "fill_rate", "prompt": "A faucet fills 50 liters at about 6 liters per minute. About how many minutes does it take?", "split": "test", "exact_value": 8.333333333333334}
{"id": "physics_estimate_000213", "topic": "physics_estimate", "subtopic": "fill_rate", "prompt": "A faucet fills 30 liters at about 8 liters per minute. About how many minutes does it take?", "split": "test", "exact_value": 3.75}
{"id": "physics_estimate_000214", "topic": "physics_estimate", "subtopic": "fill_rate", "prompt": "A faucet fills 15 liters at about 8 liters per minute. About how many minutes does it take?", "split": "test", "exact_value": 1.875}
{"id": "physics_estimate_000215", "topic": "physics_estimate", "subtopic": "fill_rate", "prompt": "A faucet fills 50 liters at about 8 liters per minute. About how many minutes does it take?", "split": "test", "exact_value": 6.25}
{"id": "physics_estimate_000216", "topic": "physics_estimate", "subtopic": "fill_rate", "prompt": "A faucet fills 10 liters at about 5 liters per minute. About how many minutes does it take?", "split": "test", "exact_value": 2.0}
{"id": "physics_estimate_000217", "topic": "physics_estimate", "subtopic": "fill_rate", "prompt": "A faucet fills 30 liters at about 4 liters per minute. About how many minutes does it take?", "split": "test", "exact_value": 7.5}
{"id": "physics_estimate_000218", "topic": "physics_estimate", "subtopic": "fill_rate", "prompt": "A faucet fills 15 liters at about 7 liters per minute. About how many minutes does it take?", "split": "test", "exact_value": 2.142857142857143}
{"id": "physics_estimate_000219", "topic": "physics_estimate", "subtopic": "fill_rate", "prompt": "A faucet fills 30 liters at about 5 liters per minute. About how many minutes does it take?", "split": "test", "exact_value": 6.0}
{"id": "physics_estimate_000220", "topic": "physics_estimate", "subtopic": "fill_rate", "prompt": "A faucet fills 10 liters at about 5 liters per minute. About how many minutes does it take?", "split": "test", "exact_value": 2.0}
{"id": "physics_estimate_000221", "topic": "physics_estimate", "subtopic": "fill_rate", "prompt": "A faucet fills 10 liters at about 6 liters per minute. About how many minutes does it take?", "split": "test", "exact_value": 1.6666666666666667}
{"id": "physics_estimate_000222", "topic": "physics_estimate", "subtopic": "fill_rate", "prompt": "A faucet fills 40 liters at about 8 liters per minute. About how many minutes does it take?", "split": "test", "exact_value": 5.0}
{"id": "physics_estimate_000223", "topic": "physics_estimate", "subtopic": "fill_rate", "prompt": "A faucet fills 30 liters at about 8 liters per minute. About how many minutes does it take?", "split": "test", "exact_value": 3.75}
{"id": "physics_estimate_000224", "topic": "physics_estimate", "subtopic": "fill_rate", "prompt": "A faucet fills 50 liters at about 6 liters per minute. About how many minutes does it take?", "split": "test", "exact_value": 8.333333333333334}
{"id": "physics_estimate_000225", "topic": "physics_estimate", "subtopic": "fill_rate", "prompt": "A faucet fills 40 liters at about 6 liters per minute. About how many minutes does it take?", "split": "test", "exact_value": 6.666666666666667}
{"id": "physics_estimate_000226", "topic": "physics_estimate", "subtopic": "fill_rate", "prompt": "A faucet fills 15 liters at about 4 liters per minute. About how many minutes does it take?", "split": "test", "exact_value": 3.75}
{"id": "physics_estimate_000227", "topic": "physics_estimate", "subtopic": "fill_rate", "prompt": "A faucet fills 30 liters at about 6 liters per minute. About how many minutes does it take?", "split": "test", "exact_value": 5.0}
{"id": "physics_estimate_000228", "topic": "physics_estimate", "subtopic": "fill_rate", "prompt": "A faucet fills 40 liters at about 7 liters per minute. About how many minutes does it take?", "split": "test", "exact_value": 5.714285714285714}
{"id": "physics_estimate_000229", "topic": "physics_estimate", "subtopic": "fill_rate", "prompt": "A faucet fills 40 liters at about 4 liters per minute. About how many minutes does it take?", "split": "test", "exact_value": 10.0}
{"id": "physics_estimate_000230", "topic": "physics_estimate", "subtopic": "fill_rate", "prompt": "A faucet fills 15 liters at about 6 liters per minute. About how many minutes does it take?", "split": "test", "exact_value": 2.5}
{"id": "physics_estimate_000231", "topic": "physics_estimate", "subtopic": "fill_rate", "prompt": "A faucet fills 10 liters at about 8 liters per minute. About how many minutes does it take?", "split": "test", "exact_value": 1.25}
{"id": "physics_estimate_000232", "topic": "physics_estimate", "subtopic": "fill_rate", "prompt": "A faucet fills 20 liters at about 4 liters per minute. About how many minutes does it take?", "split": "test", "exact_value": 5.0}
{"id": "physics_estimate_000233", "topic": "physics_estimate", "subtopic": "fill_rate", "prompt": "A faucet fills 20 liters at about 4 liters per minute. About how many minutes does it take?", "split": "test", "exact_value": 5.0}
{"id": "physics_estimate_000234", "topic": "physics_estimate", "subtopic": "fill_rate", "prompt": "A faucet fills 20 liters at about 4 liters per minute. About how many minutes does it take?", "split": "test", "exact_value": 5.0}
{"id": "physics_estimate_000235", "topic": "physics_estimate", "subtopic": "fill_rate", "prompt": "A faucet fills 50 liters at about 4 liters per minute. About how many minutes does it take?", "split": "test", "exact_value": 12.5}
{"id": "physics_estimate_000236", "topic": "physics_estimate", "subtopic": "fill_rate", "prompt": "A faucet fills 40 liters at about 4 liters per minute. About how many minutes does it take?", "split": "test", "exact_value": 10.0}
{"id": "physics_estimate_000237", "topic": "physics_estimate", "subtopic": "fill_rate", "prompt": "A faucet fills 15 liters at about 7 liters per minute. About how many minutes does it take?", "split": "test", "exact_value": 2.142857142857143}
{"id": "physics_estimate_000238", "topic": "physics_estimate", "subtopic": "fill_rate", "prompt": "A faucet fills 10 liters at about 7 liters per minute. About how many minutes does it take?", "split": "test", "exact_value": 1.4285714285714286}
{"id": "physics_estimate_000239", "topic": "physics_estimate", "subtopic": "fill_rate", "prompt": "A faucet fills 10 liters at about 4 liters per minute. About how many minutes does it take?", "split": "test", "exact_value": 2.5}
{"id": "physics_estimate_000240", "topic": "physics_estimate", "subtopic": "fill_rate", "prompt": "A faucet fills 10 liters at about 6 liters per minute. About how many minutes does it take?", "split": "test", "exact_value": 1.6666666666666667}
{"id": "physics_estimate_000241", "topic": "physics_estimate", "subtopic": "fill_rate", "prompt": "A faucet fills 40 liters at about 6 liters per minute. About how many minutes does it take?", "split": "test", "exact_value": 6.666666666666667}
{"id": "physics_estimate_000242", "topic": "physics_estimate", "subtopic": "fill_rate", "prompt": "A faucet fills 20 liters at about 4 liters per minute. About how many minutes does it take?", "split": "test", "exact_value": 5.0}
{"id": "physics_estimate_000243", "topic": "physics_estimate", "subtopic": "fill_rate", "prompt": "A faucet fills 50 liters at about 5 liters per minute. About how many minutes does it take?", "split": "test", "exact_value": 10.0}
{"id": "physics_estimate_000244", "topic": "physics_estimate", "subtopic": "fill_rate", "prompt": "A faucet fills 50 liters at about 5 liters per minute. About how many minutes does it take?", "split": "test", "exact_value": 10.0}
{"id": "physics_estimate_000245", "topic": "physics_estimate", "subtopic": "fill_rate", "prompt": "A faucet fills 50 liters at about 6 liters per minute. About how many minutes does it take?", "split": "test", "exact_value": 8.333333333333334}
{"id": "physics_estimate_000246", "topic": "physics_estimate", "subtopic": "fill_rate", "prompt": "A faucet fills 40 liters at about 4 liters per minute. About how many minutes does it take?", "split": "test", "exact_value": 10.0}
{"id": "physics_estimate_000247", "topic": "physics_estimate", "subtopic": "fill_rate", "prompt": "A faucet fills 10 liters at about 8 liters per minute. About how many minutes does it take?", "split": "test", "exact_value": 1.25}
{"id": "physics_estimate_000248", "topic": "physics_estimate", "subtopic": "fill_rate", "prompt": "A faucet fills 20 liters at about 6 liters per minute. About how many minutes does it take?", "split": "test", "exact_value": 3.3333333333333335}
{"id": "physics_estimate_000249", "topic": "physics_estimate", "subtopic": "fill_rate", "prompt": "A faucet fills 15 liters at about 6 liters per minute. About how many minutes does it take?", "split": "test", "exact_value": 2.5}
{"id": "physics_estimate_000250", "topic": "physics_estimate", "subtopic": "fill_rate", "prompt": "A faucet fills 20 liters at about 5 liters per minute. About how many minutes does it take?", "split": "test", "exact_value": 4.0}
{"id": "physics_estimate_000251", "topic": "physics_estimate", "subtopic": "fill_rate", "prompt": "A faucet fills 50 liters at about 8 liters per minute. About how many minutes does it take?", "split": "test", "exact_value": 6.25}
{"id": "physics_estimate_000252", "topic": "physics_estimate", "subtopic": "fill_rate", "prompt": "A faucet fills 30 liters at about 5 liters per minute. About how many minutes does it take?", "split": "test", "exact_value": 6.0}
{"id": "physics_estimate_000253", "topic": "physics_estimate", "subtopic": "fill_rate", "prompt": "A faucet fills 20 liters at about 6 liters per minute. About how many minutes does it take?", "split": "test", "exact_value": 3.3333333333333335}
{"id": "physics_estimate_000254", "topic": "physics_estimate", "subtopic": "fill_rate", "prompt": "A faucet fills 30 liters at about 4 liters per minute. About how many minutes does it take?", "split": "test", "exact_value": 7.5}
{"id": "physics_estimate_000255", "topic": "physics_estimate", "subtopic": "fill_rate", "prompt": "A faucet fills 20 liters at about 6 liters per minute. About how many minutes does it take?", "split": "test", "exact_value": 3.3333333333333335}
{"id": "physics_estimate_000256", "topic": "physics_estimate", "subtopic": "fill_rate", "prompt": "A faucet fills 10 liters at about 5 liters per minute. About how many minutes does it take?", "split": "test", "exact_value": 2.0}
{"id": "physics_estimate_000257", "topic": "physics_estimate", "subtopic": "fill_rate", "prompt": "A faucet fills 50 liters at about 8 liters per minute. About how many minutes does it take?", "split": "test", "exact_value": 6.25}
{"id": "physics_estimate_000258", "topic": "physics_estimate", "subtopic": "fill_rate", "prompt": "A faucet fills 40 liters at about 7 liters per minute. About how many minutes does it take?", "split": "test", "exact_value": 5.714285714285714}
{"id": "physics_estimate_000259", "topic": "physics_estimate", "subtopic": "fill_rate", "prompt": "A faucet fills 10 liters at about 4 liters per minute. About how many minutes does it take?", "split": "test", "exact_value": 2.5}
{"id": "physics_estimate_000260", "topic": "physics_estimate", "subtopic": "fill_rate", "prompt": "A faucet fills 10 liters at about 8 liters per minute. About how many minutes does it take?", "split": "test", "exact_value": 1.25}
{"id": "physics_estimate_000261", "topic": "physics_estimate", "subtopic": "fill_rate", "prompt": "A faucet fills 15 liters at about 5 liters per minute. About how many minutes does it take?", "split": "test", "exact_value": 3.0}
{"id": "physics_estimate_000262", "topic": "physics_estimate", "subtopic": "fill_rate", "prompt": "A faucet fills 10 liters at about 6 liters per minute. About how many minutes does it take?", "split": "test", "exact_value": 1.6666666666666667}
{"id": "physics_estimate_000263", "topic": "physics_estimate", "subtopic": "fill_rate", "prompt": "A faucet fills 15 liters at about 8 liters per minute. About how many minutes does it take?", "split": "test", "exact_value": 1.875}
{"id": "physics_estimate_000264", "topic": "physics_estimate", "subtopic": "fill_rate", "prompt": "A faucet fills 20 liters at about 4 liters per minute. About how many minutes does it take?", "split": "test", "exact_value": 5.0}
{"id": "physics_estimate_000265", "topic": "physics_estimate", "subtopic": "fill_rate", "prompt": "A faucet fills 30 liters at about 7 liters per minute. About how many minutes does it take?", "split": "test", "exact_value": 4.285714285714286}
{"id": "physics_estimate_000266", "topic": "physics_estimate", "subtopic": "fill_rate", "prompt": "A faucet fills 10 liters at about 4 liters per minute. About how many minutes does it take?", "split": "test", "exact_value": 2.5}
{"id": "physics_estimate_000267", "topic": "physics_estimate", "subtopic": "fill_rate", "prompt": "A faucet fills 10 liters at about 6 liters per minute. About how many minutes does it take?", "split": "test", "exact_value": 1.6666666666666667}
{"id": "physics_estimate_000268", "topic": "physics_estimate", "subtopic": "fill_rate", "prompt": "A faucet fills 40 liters at about 5 liters per minute. About how many minutes does it take?", "split": "test", "exact_value": 8.0}
{"id": "physics_estimate_000269", "topic": "physics_estimate", "subtopic": "fill_rate", "prompt": "A faucet fills 15 liters at about 6 liters per minute. About how many minutes does it take?", "split": "test", "exact_value": 2.5}
{"id": "physics_estimate_000270", "topic": "physics_estimate", "subtopic": "fill_rate", "prompt": "A faucet fills 50 liters at about 4 liters per minute. About how many minutes does it take?", "split": "test", "exact_value": 12.5}
{"id": "physics_estimate_000271", "topic": "physics_estimate", "subtopic": "fill_rate", "prompt": "A faucet fills 40 liters at about 7 liters per minute. About how many minutes does it take?", "split": "test", "exact_value": 5.714285714285714}
{"id": "physics_estimate_000272", "topic": "physics_estimate", "subtopic": "fill_rate", "prompt": "A faucet fills 50 liters at about 6 liters per minute. About how many minutes does it take?", "split": "test", "exact_value": 8.333333333333334}
{"id": "physics_estimate_000273", "topic": "physics_estimate", "subtopic": "fill_rate", "prompt": "A faucet fills 15 liters at about 7 liters per minute. About how many minutes does it take?", "split": "test", "exact_value": 2.142857142857143}
{"id": "physics_estimate_000274", "topic": "physics_estimate", "subtopic": "fill_rate", "prompt": "A faucet fills 10 liters at about 5 liters per minute. About how many minutes does it take?", "split": "test", "exact_value": 2.0}
{"id": "physics_estimate_000275", "topic": "physics_estimate", "subtopic": "fill_rate", "prompt": "A faucet fills 10 liters at about 7 liters per minute. About how many minutes does it take?", "split": "test", "exact_value": 1.4285714285714286}
{"id": "physics_estimate_000276", "topic": "physics_estimate", "subtopic": "fill_rate", "prompt": "A faucet fills 30 liters at about 8 liters per minute. About how many minutes does it take?", "split": "test", "exact_value": 3.75}
{"id": "physics_estimate_000277", "topic": "physics_estimate", "subtopic": "fill_rate", "prompt": "A faucet fills 20 liters at about 8 liters per minute. About how many minutes does it take?", "split": "test", "exact_value": 2.5}
{"id": "physics_estimate_000278", "topic": "physics_estimate", "subtopic": "fill_rate", "prompt": "A faucet fills 10 liters at about 4 liters per minute. About how many minutes does it take?", "split": "test", "exact_value": 2.5}
{"id": "physics_estimate_000279", "topic": "physics_estimate", "subtopic": "fill_rate", "prompt": "A faucet fills 10 liters at about 4 liters per minute. About how many minutes does it take?", "split": "test", "exact_value": 2.5}
{"id": "physics_estimate_000280", "topic": "physics_estimate", "subtopic": "fill_rate", "prompt": "A faucet fills 10 liters at about 5 liters per minute. About how many minutes does it take?", "split": "test", "exact_value": 2.0}
{"id": "physics_estimate_000281", "topic": "physics_estimate", "subtopic": "fill_rate", "prompt": "A faucet fills 50 liters at about 5 liters per minute. About how many minutes does it take?", "split": "test", "exact_value": 10.0}
{"id": "physics_estimate_000282", "topic": "physics_estimate", "subtopic": "fill_rate", "prompt": "A faucet fills 15 liters at about 4 liters per minute. About how many minutes does it take?", "split": "test", "exact_value": 3.75}
{"id": "physics_estimate_000283", "topic": "physics_estimate", "subtopic": "fill_rate", "prompt": "A faucet fills 10 liters at about 7 liters per minute. About how many minutes does it take?", "split": "test", "exact_value": 1.4285714285714286}
{"id": "physics_estimate_000284", "topic": "physics_estimate", "subtopic": "fill_rate", "prompt": "A faucet fills 30 liters at about 8 liters per minute. About how many minutes does it take?", "split": "test", "exact_value": 3.75}
{"id": "physics_estimate_000285", "topic": "physics_estimate", "subtopic": "fill_rate", "prompt": "A faucet fills 30 liters at about 6 liters per minute. About how many minutes does it take?", "split": "test", "exact_value": 5.0}
{"id": "physics_estimate_000286", "topic": "physics_estimate", "subtopic": "fill_rate", "prompt": "A faucet fills 20 liters at about 7 liters per minute. About how many minutes does it take?", "split": "test", "exact_value": 2.857142857142857}
{"id": "physics_estimate_000287", "topic": "physics_estimate", "subtopic": "fill_rate", "prompt": "A faucet fills 50 liters at about 7 liters per minute. About how many minutes does it take?", "split": "test", "exact_value": 7.142857142857143}
{"id": "physics_estimate_000288", "topic": "physics_estimate", "subtopic": "fill_rate", "prompt": "A faucet fills 15 liters at about 5 liters per minute. About how many minutes does it take?", "split": "test", "exact_value": 3.0}
{"id": "physics_estimate_000289", "topic": "physics_estimate", "subtopic": "fill_rate", "prompt": "A faucet fills 15 liters at about 8 liters per minute. About how many minutes does it take?", "split": "test", "exact_value": 1.875}
{"id": "physics_estimate_000290", "topic": "physics_estimate", "subtopic": "fill_rate", "prompt": "A faucet fills 50 liters at about 5 liters per minute. About how many minutes does it take?", "split": "test", "exact_value": 10.0}
{"id": "physics_estimate_000291", "topic": "physics_estimate", "subtopic": "fill_rate", "prompt": "A faucet fills 30 liters at about 8 liters per minute. About how many minutes does it take?", "split": "test", "exact_value": 3.75}
{"id": "physics_estimate_000292", "topic": "physics_estimate", "subtopic": "fill_rate", "prompt": "A faucet fills 20 liters at about 4 liters per minute. About how many minutes does it take?", "split": "test", "exact_value": 5.0}
{"id": "physics_estimate_000293", "topic": "physics_estimate", "subtopic": "fill_rate", "prompt": "A faucet fills 20 liters at about 5 liters per minute. About how many minutes does it take?", "split": "test", "exact_value": 4.0}
{"id": "physics_estimate_000294", "topic": "physics_estimate", "subtopic": "fill_rate", "prompt": "A faucet fills 20 liters at about 6 liters per minute. About how many minutes does it take?", "split": "test", "exact_value": 3.3333333333333335}
{"id": "physics_estimate_000295", "topic": "physics_estimate", "subtopic": "fill_rate", "prompt": "A faucet fills 30 liters at about 5 liters per minute. About how many minutes does it take?", "split": "test", "exact_value": 6.0}
{"id": "physics_estimate_000296", "topic": "physics_estimate", "subtopic": "fill_rate", "prompt": "A faucet fills 15 liters at about 8 liters per minute. About how many minutes does it take?", "split": "test", "exact_value": 1.875}
{"id": "physics_estimate_000297", "topic": "physics_estimate", "subtopic": "fill_rate", "prompt": "A faucet fills 10 liters at about 7 liters per minute. About how many minutes does it take?", "split": "test", "exact_value": 1.4285714285714286}
{"id": "physics_estimate_000298", "topic": "physics_estimate", "subtopic": "fill_rate", "prompt": "A faucet fills 20 liters at about 8 liters per minute. About how many minutes does it take?", "split": "test", "exact_value": 2.5}
{"id": "physics_estimate_000299", "topic": "physics_estimate", "subtopic": "fill_rate", "prompt": "A faucet fills 50 liters at about 4 liters per minute. About how many minutes does it take?", "split": "test", "exact_value": 12.5}
{"id": "physics_estimate_000300", "topic": "physics_estimate", "subtopic": "fill_rate", "prompt": "A faucet fills 20 liters at about 5 liters per minute. About how many minutes does it take?", "split": "test", "exact_value": 4.0}
{"id": "physics_estimate_000301", "topic": "physics_estimate", "subtopic": "fill_rate", "prompt": "A faucet fills 40 liters at about 8 liters per minute. About how many minutes does it take?", "split": "test", "exact_value": 5.0}
{"id": "physics_estimate_000302", "topic": "physics_estimate", "subtopic": "fill_rate", "prompt": "A faucet fills 50 liters at about 4 liters per minute. About how many minutes does it take?", "split": "test", "exact_value": 12.5}
{"id": "physics_estimate_000303", "topic": "physics_estimate", "subtopic": "fill_rate", "prompt": "A faucet fills 20 liters at about 8 liters per minute. About how many minutes does it take?", "split": "test", "exact_value": 2.5}
{"id": "physics_estimate_000304", "topic": "physics_estimate", "subtopic": "fill_rate", "prompt": "A faucet fills 20 liters at about 4 liters per minute. About how many minutes does it take?", "split": "test", "exact_value": 5.0}
{"id": "physics_estimate_000305", "topic": "physics_estimate", "subtopic": "fill_rate", "prompt": "A faucet fills 40 liters at about 6 liters per minute. About how many minutes does it take?", "split": "test", "exact_value": 6.666666666666667}
{"id": "physics_estimate_000306", "topic": "physics_estimate", "subtopic": "fill_rate", "prompt": "A faucet fills 15 liters at about 8 liters per minute. About how many minutes does it take?", "split": "test", "exact_value": 1.875}
{"id": "physics_estimate_000307", "topic": "physics_estimate", "subtopic": "fill_rate", "prompt": "A faucet fills 50 liters at about 4 liters per minute. About how many minutes does it take?", "split": "test", "exact_value": 12.5}
{"id": "physics_estimate_000308", "topic": "physics_estimate", "subtopic": "fill_rate", "prompt": "A faucet fills 30 liters at about 8 liters per minute. About how many minutes does it take?", "split": "test", "exact_value": 3.75}
{"id": "physics_estimate_000309", "topic": "physics_estimate", "subtopic": "fill_rate", "prompt": "A faucet fills 15 liters at about 7 liters per minute. About how many minutes does it take?", "split": "test", "exact_value": 2.142857142857143}
{"id": "physics_estimate_000310", "topic": "physics_estimate", "subtopic": "fill_rate", "prompt": "A faucet fills 15 liters at about 6 liters per minute. About how many minutes does it take?", "split": "test", "exact_value": 2.5}
{"id": "physics_estimate_000311", "topic": "physics_estimate", "subtopic": "fill_rate", "prompt": "A faucet fills 30 liters at about 7 liters per minute. About how many minutes does it take?", "split": "test", "exact_value": 4.285714285714286}
{"id": "physics_estimate_000312", "topic": "physics_estimate", "subtopic": "fill_rate", "prompt": "A faucet fills 15 liters at about 4 liters per minute. About how many minutes does it take?", "split": "test", "exact_value": 3.75}
{"id": "physics_estimate_000313", "topic": "physics_estimate", "subtopic": "fill_rate", "prompt": "A faucet fills 10 liters at about 8 liters per minute. About how many minutes does it take?", "split": "test", "exact_value": 1.25}
{"id": "physics_estimate_000314", "topic": "physics_estimate", "subtopic": "fill_rate", "prompt": "A faucet fills 30 liters at about 5 liters per minute. About how many minutes does it take?", "split": "test", "exact_value": 6.0}
{"id": "physics_estimate_000315", "topic": "physics_estimate", "subtopic": "fill_rate", "prompt": "A faucet fills 30 liters at about 6 liters per minute. About how many minutes does it take?", "split": "test", "exact_value": 5.0}
{"id": "physics_estimate_000316", "topic": "physics_estimate", "subtopic": "fill_rate", "prompt": "A faucet fills 10 liters at about 4 liters per minute. About how many minutes does it take?", "split": "test", "exact_value": 2.5}
{"id": "physics_estimate_000317", "topic": "physics_estimate", "subtopic": "fill_rate", "prompt": "A faucet fills 20 liters at about 8 liters per minute. About how many minutes does it take?", "split": "test", "exact_value": 2.5}
{"id": "physics_estimate_000318", "topic": "physics_estimate", "subtopic": "fill_rate", "prompt": "A faucet fills 10 liters at about 6 liters per minute. About how many minutes does it take?", "split": "test", "exact_value": 1.6666666666666667}
{"id": "physics_estimate_000319", "topic": "physics_estimate", "subtopic": "fill_rate", "prompt": "A faucet fills 50 liters at about 7 liters per minute. About how many minutes does it take?", "split": "test", "exact_value": 7.142857142857143}
{"id": "physics_estimate_000320", "topic": "physics_estimate", "subtopic": "fill_rate", "prompt": "A faucet fills 40 liters at about 8 liters per minute. About how many minutes does it take?", "split": "test", "exact_value": 5.0}
{"id": "physics_estimate_000321", "topic": "physics_estimate", "subtopic": "fill_rate", "prompt": "A faucet fills 50 liters at about 4 liters per minute. About how many minutes does it take?", "split": "test", "exact_value": 12.5}
{"id": "physics_estimate_000322", "topic": "physics_estimate", "subtopic": "fill_rate", "prompt": "A faucet fills 20 liters at about 6 liters per minute. About how many minutes does it take?", "split": "test", "exact_value": 3.3333333333333335}
{"id": "physics_estimate_000323", "topic": "physics_estimate", "subtopic": "fill_rate", "prompt": "A faucet fills 20 liters at about 4 liters per minute. About how many minutes does it take?", "split": "test", "exact_value": 5.0}
{"id": "physics_estimate_000324", "topic": "physics_estimate", "subtopic": "fill_rate", "prompt": "A faucet fills 40 liters at about 6 liters per minute. About how many minutes does it take?", "split": "test", "exact_value": 6.666666666666667}
{"id": "physics_estimate_000325", "topic": "physics_estimate", "subtopic": "fill_rate", "prompt": "A faucet fills 40 liters at about 6 liters per minute. About how many minutes does it take?", "split": "test", "exact_value": 6.666666666666667}
{"id": "physics_estimate_000326", "topic": "physics_estimate", "subtopic": "fill_rate", "prompt": "A faucet fills 50 liters at about 6 liters per minute. About how many minutes does it take?", "split": "test", "exact_value": 8.333333333333334}
{"id": "physics_estimate_000327", "topic": "physics_estimate", "subtopic": "fill_rate", "prompt": "A faucet fills 15 liters at about 8 liters per minute. About how many minutes does it take?", "split": "test", "exact_value": 1.875}
{"id": "physics_estimate_000328", "topic": "physics_estimate", "subtopic": "fill_rate", "prompt": "A faucet fills 30 liters at about 6 liters per minute. About how many minutes does it take?", "split": "test", "exact_value": 5.0}
{"id": "physics_estimate_000329", "topic": "physics_estimate", "subtopic": "fill_rate", "prompt": "A faucet fills 15 liters at about 6 liters per minute. About how many minutes does it take?", "split": "test", "exact_value": 2.5}
{"id": "physics_estimate_000330", "topic": "physics_estimate", "subtopic": "fill_rate", "prompt": "A faucet fills 15 liters at about 5 liters per minute. About how many minutes does it take?", "split": "test", "exact_value": 3.0}
{"id": "physics_estimate_000331", "topic": "physics_estimate", "subtopic": "fill_rate", "prompt": "A faucet fills 10 liters at about 7 liters per minute. About how many minutes does it take?", "split": "test", "exact_value": 1.4285714285714286}
{"id": "physics_estimate_000332", "topic": "physics_estimate", "subtopic": "fill_rate", "prompt": "A faucet fills 15 liters at about 5 liters per minute. About how many minutes does it take?", "split": "test", "exact_value": 3.0}
{"id": "physics_estimate_000333", "topic": "physics_estimate", "subtopic": "fill_rate", "prompt": "A faucet fills 40 liters at about 6 liters per minute. About how many minutes does it take?", "split": "test", "exact_value": 6.666666666666667}
{"id": "physics_estimate_000334", "topic": "physics_estimate", "subtopic": "fill_rate", "prompt": "A faucet fills 15 liters at about 6 liters per minute. About how many minutes does it take?", "split": "test", "exact_value": 2.5}
{"id": "physics_estimate_000335", "topic": "physics_estimate", "subtopic": "fill_rate", "prompt": "A faucet fills 40 liters at about 7 liters per minute. About how many minutes does it take?", "split": "test", "exact_value": 5.714285714285714}
{"id": "physics_estimate_000336", "topic": "physics_estimate", "subtopic": "fill_rate", "prompt": "A faucet fills 50 liters at about 5 liters per minute. About how many minutes does it take?", "split": "test", "exact_value": 10.0}
{"id": "physics_estimate_000337", "topic": "physics_estimate", "subtopic": "fill_rate", "prompt": "A faucet fills 40 liters at about 8 liters per minute. About how many minutes does it take?", "split": "test", "exact_value": 5.0}
{"id": "physics_estimate_000338", "topic": "physics_estimate", "subtopic": "fill_rate", "prompt": "A faucet fills 10 liters at about 5 liters per minute. About how many minutes does it take?", "split": "test", "exact_value": 2.0}
{"id": "physics_estimate_000339", "topic": "physics_estimate", "subtopic": "fill_rate", "prompt": "A faucet fills 10 liters at about 5 liters per minute. About how many minutes does it take?", "split": "test", "exact_value": 2.0}
{"id": "physics_estimate_000340", "topic": "physics_estimate", "subtopic": "fill_rate", "prompt": "A faucet fills 40 liters at about 4 liters per minute. About how many minutes does it take?", "split": "test", "exact_value": 10.0}
{"id": "physics_estimate_000341", "topic": "physics_estimate", "subtopic": "fill_rate", "prompt": "A faucet fills 50 liters at about 7 liters per minute. About how many minutes does it take?", "split": "test", "exact_value": 7.142857142857143}
{"id": "physics_estimate_000342", "topic": "physics_estimate", "subtopic": "fill_rate", "prompt": "A faucet fills 15 liters at about 7 liters per minute. About how many minutes does it take?", "split": "test", "exact_value": 2.142857142857143}
{"id": "physics_estimate_000343", "topic": "physics_estimate", "subtopic": "fill_rate", "prompt": "A faucet fills 20 liters at about 4 liters per minute. About how many minutes does it take?", "split": "test", "exact_value": 5.0}
{"id": "physics_estimate_000344", "topic": "physics_estimate", "subtopic": "fill_rate", "prompt": "A faucet fills 50 liters at about 5 liters per minute. About how many minutes does it take?", "split": "test", "exact_value": 10.0}
{"id": "physics_estimate_000345", "topic": "physics_estimate", "subtopic": "fill_rate", "prompt": "A faucet fills 50 liters at about 6 liters per minute. About how many minutes does it take?", "split": "test", "exact_value": 8.333333333333334}
{"id": "physics_estimate_000346", "topic": "physics_estimate", "subtopic": "fill_rate", "prompt": "A faucet fills 15 liters at about 4 liters per minute. About how many minutes does it take?", "split": "test", "exact_value": 3.75}
{"id": "physics_estimate_000347", "topic": "physics_estimate", "subtopic": "fill_rate", "prompt": "A faucet fills 20 liters at about 6 liters per minute. About how many minutes does it take?", "split": "test", "exact_value": 3.3333333333333335}
{"id": "physics_estimate_000348", "topic": "physics_estimate", "subtopic": "fill_rate", "prompt": "A faucet fills 30 liters at about 8 liters per minute. About how many minutes does it take?", "split": "test", "exact_value": 3.75}
{"id": "physics_estimate_000349", "topic": "physics_estimate", "subtopic": "fill_rate", "prompt": "A faucet fills 10 liters at about 5 liters per minute. About how many minutes does it take?", "split": "test", "exact_value": 2.0}
{"id": "physics_estimate_000350", "topic": "physics_estimate", "subtopic": "fill_rate", "prompt": "A faucet fills 10 liters at about 6 liters per minute. About how many minutes does it take?", "split": "test", "exact_value": 1.6666666666666667}
{"id": "physics_estimate_000351", "topic": "physics_estimate", "subtopic": "fill_rate", "prompt": "A faucet fills 20 liters at about 7 liters per minute. About how many minutes does it take?", "split": "test", "exact_value": 2.857142857142857}
{"id": "physics_estimate_000352", "topic": "physics_estimate", "subtopic": "fill_rate", "prompt": "A faucet fills 15 liters at about 6 liters per minute. About how many minutes does it take?", "split": "test", "exact_value": 2.5}
{"id": "physics_estimate_000353", "topic": "physics_estimate", "subtopic": "fill_rate", "prompt": "A faucet fills 15 liters at about 4 liters per minute. About how many minutes does it take?", "split": "test", "exact_value": 3.75}
{"id": "physics_estimate_000354", "topic": "physics_estimate", "subtopic": "fill_rate", "prompt": "A faucet fills 15 liters at about 4 liters per minute. About how many minutes does it take?", "split": "test", "exact_value": 3.75}
{"id": "physics_estimate_000355", "topic": "physics_estimate", "subtopic": "fill_rate", "prompt": "A faucet fills 15 liters at about 6 liters per minute. About how many minutes does it take?", "split": "test", "exact_value": 2.5}
{"id": "physics_estimate_000356", "topic": "physics_estimate", "subtopic": "fill_rate", "prompt": "A faucet fills 10 liters at about 5 liters per minute. About how many minutes does it take?", "split": "test", "exact_value": 2.0}
{"id": "physics_estimate_000357", "topic": "physics_estimate", "subtopic": "fill_rate", "prompt": "A faucet fills 10 liters at about 4 liters per minute. About how many minutes does it take?", "split": "test", "exact_value": 2.5}
{"id": "physics_estimate_000358", "topic": "physics_estimate", "subtopic": "fill_rate", "prompt": "A faucet fills 10 liters at about 4 liters per minute. About how many minutes does it take?", "split": "test", "exact_value": 2.5}
{"id": "physics_estimate_000359", "topic": "physics_estimate", "subtopic": "fill_rate", "prompt": "A faucet fills 15 liters at about 4 liters per minute. About how many minutes does it take?", "split": "test", "exact_value": 3.75}
{"id": "physics_estimate_000360", "topic": "physics_estimate", "subtopic": "fill_rate", "prompt": "A faucet fills 20 liters at about 7 liters per minute. About how many minutes does it take?", "split": "test", "exact_value": 2.857142857142857}
{"id": "physics_estimate_000361", "topic": "physics_estimate", "subtopic": "fill_rate", "prompt": "A faucet fills 20 liters at about 6 liters per minute. About how many minutes does it take?", "split": "test", "exact_value": 3.3333333333333335}
{"id": "physics_estimate_000362", "topic": "physics_estimate", "subtopic": "fill_rate", "prompt": "A faucet fills 15 liters at about 4 liters per minute. About how many minutes does it take?", "split": "test", "exact_value": 3.75}
{"id": "physics_estimate_000363", "topic": "physics_estimate", "subtopic": "fill_rate", "prompt": "A faucet fills 20 liters at about 5 liters per minute. About how many minutes does it take?", "split": "test", "exact_value": 4.0}
{"id": "physics_estimate_000364", "topic": "physics_estimate", "subtopic": "fill_rate", "prompt": "A faucet fills 30 liters at about 7 liters per minute. About how many minutes does it take?", "split": "test", "exact_value": 4.285714285714286}
{"id": "physics_estimate_000365", "topic": "physics_estimate", "subtopic": "fill_rate", "prompt": "A faucet fills 40 liters at about 4 liters per minute. About how many minutes does it take?", "split": "test", "exact_value": 10.0}
{"id": "physics_estimate_000366", "topic": "physics_estimate", "subtopic": "fill_rate", "prompt": "A faucet fills 20 liters at about 6 liters per minute. About how many minutes does it take?", "split": "test", "exact_value": 3.3333333333333335}
{"id": "physics_estimate_000367", "topic": "physics_estimate", "subtopic": "fill_rate", "prompt": "A faucet fills 50 liters at about 8 liters per minute. About how many minutes does it take?", "split": "test", "exact_value": 6.25}
{"id": "physics_estimate_000368", "topic": "physics_estimate", "subtopic": "fill_rate", "prompt": "A faucet fills 15 liters at about 5 liters per minute. About how many minutes does it take?", "split": "test", "exact_value": 3.0}
{"id": "physics_estimate_000369", "topic": "physics_estimate", "subtopic": "fill_rate", "prompt": "A faucet fills 30 liters at about 7 liters per minute. About how many minutes does it take?", "split": "test", "exact_value": 4.285714285714286}
{"id": "physics_estimate_000370", "topic": "physics_estimate", "subtopic": "fill_rate", "prompt": "A faucet fills 10 liters at about 5 liters per minute. About how many minutes does it take?", "split": "test", "exact_value": 2.0}
{"id": "physics_estimate_000371", "topic": "physics_estimate", "subtopic": "fill_rate", "prompt": "A faucet fills 30 liters at about 4 liters per minute. About how many minutes does it take?", "split": "test", "exact_value": 7.5}
{"id": "physics_estimate_000372", "topic": "physics_estimate", "subtopic": "fill_rate", "prompt": "A faucet fills 50 liters at about 6 liters per minute. About how many minutes does it take?", "split": "test", "exact_value": 8.333333333333334}
{"id": "physics_estimate_000373", "topic": "physics_estimate", "subtopic": "fill_rate", "prompt": "A faucet fills 40 liters at about 7 liters per minute. About how many minutes does it take?", "split": "test", "exact_value": 5.714285714285714}
{"id": "physics_estimate_000374", "topic": "physics_estimate", "subtopic": "fill_rate", "prompt": "A faucet fills 30 liters at about 8 liters per minute. About how many minutes does it take?", "split": "test", "exact_value": 3.75}
{"id": "physics_estimate_000375", "topic": "physics_estimate", "subtopic": "fill_rate", "prompt": "A faucet fills 50 liters at about 7 liters per minute. About how many minutes does it take?", "split": "test", "exact_value": 7.142857142857143}
{"id": "physics_estimate_000376", "topic": "physics_estimate", "subtopic": "fill_rate", "prompt": "A faucet fills 40 liters at about 8 liters per minute. About how many minutes does it take?", "split": "test", "exact_value": 5.0}
{"id": "physics_estimate_000377", "topic": "physics_estimate", "subtopic": "fill_rate", "prompt": "A faucet fills 50 liters at about 8 liters per minute. About how many minutes does it take?", "split": "test", "exact_value": 6.25}
{"id": "physics_estimate_000378", "topic": "physics_estimate", "subtopic": "fill_rate", "prompt": "A faucet fills 30 liters at about 5 liters per minute. About how many minutes does it take?", "split": "test", "exact_value": 6.0}
{"id": "physics_estimate_000379", "topic": "physics_estimate", "subtopic": "fill_rate", "prompt": "A faucet fills 20 liters at about 7 liters per minute. About how many minutes does it take?", "split": "test", "exact_value": 2.857142857142857}
{"id": "physics_estimate_000380", "topic": "physics_estimate", "subtopic": "fill_rate", "prompt": "A faucet fills 50 liters at about 8 liters per minute. About how many minutes does it take?", "split": "test", "exact_value": 6.25}
{"id": "physics_estimate_000381", "topic": "physics_estimate", "subtopic": "fill_rate", "prompt": "A faucet fills 30 liters at about 6 liters per minute. About how many minutes does it take?", "split": "test", "exact_value": 5.0}
{"id": "physics_estimate_000382", "topic": "physics_estimate", "subtopic": "fill_rate", "prompt": "A faucet fills 10 liters at about 4 liters per minute. About how many minutes does it take?", "split": "test", "exact_value": 2.5}
{"id": "physics_estimate_000383", "topic": "physics_estimate", "subtopic": "fill_rate", "prompt": "A faucet fills 15 liters at about 6 liters per minute. About how many minutes does it take?", "split": "test", "exact_value": 2.5}
{"id": "physics_estimate_000384", "topic": "physics_estimate", "subtopic": "fill_rate", "prompt": "A faucet fills 10 liters at about 7 liters per minute. About how many minutes does it take?", "split": "test", "exact_value": 1.4285714285714286}
{"id": "physics_estimate_000385", "topic": "physics_estimate", "subtopic": "fill_rate", "prompt": "A faucet fills 50 liters at about 7 liters per minute. About how many minutes does it take?", "split": "test", "exact_value": 7.142857142857143}
{"id": "physics_estimate_000386", "topic": "physics_estimate", "subtopic": "fill_rate", "prompt": "A faucet fills 20 liters at about 8 liters per minute. About how many minutes does it take?", "split": "test", "exact_value": 2.5}
{"id": "physics_estimate_000387", "topic": "physics_estimate", "subtopic": "fill_rate", "prompt": "A faucet fills 40 liters at about 7 liters per minute. About how many minutes does it take?", "split": "test", "exact_value": 5.714285714285714}
{"id": "physics_estimate_000388", "topic": "physics_estimate", "subtopic": "fill_rate", "prompt": "A faucet fills 30 liters at about 5 liters per minute. About how many minutes does it take?", "split": "test", "exact_value": 6.0}
{"id": "physics_estimate_000389", "topic": "physics_estimate", "subtopic": "fill_rate", "prompt": "A faucet fills 50 liters at about 7 liters per minute. About how many minutes does it take?", "split": "test", "exact_value": 7.142857142857143}
{"id": "physics_estimate_000390", "topic": "physics_estimate", "subtopic": "fill_rate", "prompt": "A faucet fills 50 liters at about 7 liters per minute. About how many minutes does it take?", "split": "test", "exact_value": 7.142857142857143}
{"id": "physics_estimate_000391", "topic": "physics_estimate", "subtopic": "fill_rate", "prompt": "A faucet fills 15 liters at about 5 liters per minute. About how many minutes does it take?", "split": "test", "exact_value": 3.0}
{"id": "physics_estimate_000392", "topic": "physics_estimate", "subtopic": "fill_rate", "prompt": "A faucet fills 40 liters at about 7 liters per minute. About how many minutes does it take?", "split": "test", "exact_value": 5.714285714285714}
{"id": "physics_estimate_000393", "topic": "physics_estimate", "subtopic": "fill_rate", "prompt": "A faucet fills 40 liters at about 4 liters per minute. About how many minutes does it take?", "split": "test", "exact_value": 10.0}
{"id": "physics_estimate_000394", "topic": "physics_estimate", "subtopic": "fill_rate", "prompt": "A faucet fills 10 liters at about 7 liters per minute. About how many minutes does it take?", "split": "test", "exact_value": 1.4285714285714286}
{"id": "physics_estimate_000395", "topic": "physics_estimate", "subtopic": "fill_rate", "prompt": "A faucet fills 10 liters at about 4 liters per minute. About how many minutes does it take?", "split": "test", "exact_value": 2.5}
{"id": "physics_estimate_000396", "topic": "physics_estimate", "subtopic": "fill_rate", "prompt": "A faucet fills 40 liters at about 6 liters per minute. About how many minutes does it take?", "split": "test", "exact_value": 6.666666666666667}
{"id": "physics_estimate_000397", "topic": "physics_estimate", "subtopic": "fill_rate", "prompt": "A faucet fills 30 liters at about 6 liters per minute. About how many minutes does it take?", "split": "test", "exact_value": 5.0}
{"id": "physics_estimate_000398", "topic": "physics_estimate", "subtopic": "fill_rate", "prompt": "A faucet fills 10 liters at about 6 liters per minute. About how many minutes does it take?", "split": "test", "exact_value": 1.6666666666666667}
{"id": "physics_estimate_000399", "topic": "physics_estimate", "subtopic": "fill_rate", "prompt": "A faucet fills 50 liters at about 5 liters per minute. About how many minutes does it take?", "split": "test", "exact_value": 10.0}
{"id": "physics_estimate_000400", "topic": "physics_estimate", "subtopic": "fill_rate", "prompt": "A faucet fills 15 liters at about 4 liters per minute. About how many minutes does it take?", "split": "test", "exact_value": 3.75}
{"id": "physics_estimate_000401", "topic": "physics_estimate", "subtopic": "fill_rate", "prompt": "A faucet fills 10 liters at about 4 liters per minute. About how many minutes does it take?", "split": "test", "exact_value": 2.5}
{"id": "physics_estimate_000402", "topic": "physics_estimate", "subtopic": "fill_rate", "prompt": "A faucet fills 15 liters at about 7 liters per minute. About how many minutes does it take?", "split": "test", "exact_value": 2.142857142857143}
{"id": "physics_estimate_000403", "topic": "physics_estimate", "subtopic": "fill_rate", "prompt": "A faucet fills 10 liters at about 6 liters per minute. About how many minutes does it take?", "split": "test", "exact_value": 1.6666666666666667}
{"id": "physics_estimate_000404", "topic": "physics_estimate", "subtopic": "fill_rate", "prompt": "A faucet fills 15 liters at about 5 liters per minute. About how many minutes does it take?", "split": "test", "exact_value": 3.0}
{"id": "physics_estimate_000405", "topic": "physics_estimate", "subtopic": "fill_rate", "prompt": "A faucet fills 50 liters at about 6 liters per minute. About how many minutes does it take?", "split": "test", "exact_value": 8.333333333333334}
{"id": "physics_estimate_000406", "topic": "physics_estimate", "subtopic": "fill_rate", "prompt": "A faucet fills 40 liters at about 5 liters per minute. About how many minutes does it take?", "split": "test", "exact_value": 8.0}
{"id": "physics_estimate_000407", "topic": "physics_estimate", "subtopic": "fill_rate", "prompt": "A faucet fills 15 liters at about 5 liters per minute. About how many minutes does it take?", "split": "test", "exact_value": 3.0}
{"id": "physics_estimate_000408", "topic": "physics_estimate", "subtopic": "fill_rate", "prompt": "A faucet fills 15 liters at about 8 liters per minute. About how many minutes does it take?", "split": "test", "exact_value": 1.875}
{"id": "physics_estimate_000409", "topic": "physics_estimate", "subtopic": "fill_rate", "prompt": "A faucet fills 10 liters at about 6 liters per minute. About how many minutes does it take?", "split": "test", "exact_value": 1.6666666666666667}
{"id": "physics_estimate_000410", "topic": "physics_estimate", "subtopic": "fill_rate", "prompt": "A faucet fills 15 liters at about 5 liters per minute. About how many minutes does it take?", "split": "test", "exact_value": 3.0}
{"id": "physics_estimate_000411", "topic": "physics_estimate", "subtopic": "fill_rate", "prompt": "A faucet fills 10 liters at about 7 liters per minute. About how many minutes does it take?", "split": "test", "exact_value": 1.4285714285714286}
{"id": "physics_estimate_000412", "topic": "physics_estimate", "subtopic": "fill_rate", "prompt": "A faucet fills 10 liters at about 7 liters per minute. About how many minutes does it take?", "split": "test", "exact_value": 1.4285714285714286}
{"id": "physics_estimate_000413", "topic": "physics_estimate", "subtopic": "fill_rate", "prompt": "A faucet fills 30 liters at about 8 liters per minute. About how many minutes does it take?", "split": "test", "exact_value": 3.75}
{"id": "physics_estimate_000414", "topic": "physics_estimate", "subtopic": "fill_rate", "prompt": "A faucet fills 50 liters at about 7 liters per minute. About how many minutes does it take?", "split": "test", "exact_value": 7.142857142857143}
{"id": "physics_estimate_000415", "topic": "physics_estimate", "subtopic": "fill_rate", "prompt": "A faucet fills 20 liters at about 6 liters per minute. About how many minutes does it take?", "split": "test", "exact_value": 3.3333333333333335}
{"id": "physics_estimate_000416", "topic": "physics_estimate", "subtopic": "fill_rate", "prompt": "A faucet fills 30 liters at about 8 liters per minute. About how many minutes does it take?", "split": "test", "exact_value": 3.75}
{"id": "physics_estimate_000417", "topic": "physics_estimate", "subtopic": "fill_rate", "prompt": "A faucet fills 30 liters at about 4 liters per minute. About how many minutes does it take?", "split": "test", "exact_value": 7.5}
{"id": "physics_estimate_000418", "topic": "physics_estimate", "subtopic": "fill_rate", "prompt": "A faucet fills 30 liters at about 4 liters per minute. About how many minutes does it take?", "split": "test", "exact_value": 7.5}
{"id": "physics_estimate_000419", "topic": "physics_estimate", "subtopic": "fill_rate", "prompt": "A faucet fills 10 liters at about 8 liters per minute. About how many minutes does it take?", "split": "test", "exact_value": 1.25}
{"id": "physics_estimate_000420", "topic": "physics_estimate", "subtopic": "fill_rate", "prompt": "A faucet fills 40 liters at about 8 liters per minute. About how many minutes does it take?", "split": "test", "exact_value": 5.0}
{"id": "physics_estimate_000421", "topic": "physics_estimate", "subtopic": "fill_rate", "prompt": "A faucet fills 20 liters at about 4 liters per minute. About how many minutes does it take?", "split": "test", "exact_value": 5.0}
{"id": "physics_estimate_000422", "topic": "physics_estimate", "subtopic": "fill_rate", "prompt": "A faucet fills 10 liters at about 4 liters per minute. About how many minutes does it take?", "split": "test", "exact_value": 2.5}
{"id": "physics_estimate_000423", "topic": "physics_estimate", "subtopic": "fill_rate", "prompt": "A faucet fills 20 liters at about 7 liters per minute. About how many minutes does it take?", "split": "test", "exact_value": 2.857142857142857}
{"id": "physics_estimate_000424", "topic": "physics_estimate", "subtopic": "fill_rate", "prompt": "A faucet fills 40 liters at about 7 liters per minute. About how many minutes does it take?", "split": "test", "exact_value": 5.714285714285714}
{"id": "physics_estimate_000425", "topic": "physics_estimate", "subtopic": "fill_rate", "prompt": "A faucet fills 15 liters at about 5 liters per minute. About how many minutes does it take?", "split": "test", "exact_value": 3.0}
{"id": "physics_estimate_000426", "topic": "physics_estimate", "subtopic": "fill_rate", "prompt": "A faucet fills 40 liters at about 4 liters per minute. About how many minutes does it take?", "split": "test", "exact_value": 10.0}
{"id": "physics_estimate_000427", "topic": "physics_estimate", "subtopic": "fill_rate", "prompt": "A faucet fills 15 liters at about 7 liters per minute. About how many minutes does it take?", "split": "test", "exact_value": 2.142857142857143}
{"id": "physics_estimate_000428", "topic": "physics_estimate", "subtopic": "fill_rate", "prompt": "A faucet fills 10 liters at about 6 liters per minute. About how many minutes does it take?", "split": "test", "exact_value": 1.6666666666666667}
{"id": "physics_estimate_000429", "topic": "physics_estimate", "subtopic": "fill_rate", "prompt": "A faucet fills 50 liters at about 6 liters per minute. About how many minutes does it take?", "split": "test", "exact_value": 8.333333333333334}
{"id": "physics_estimate_000430", "topic": "physics_estimate", "subtopic": "fill_rate", "prompt": "A faucet fills 40 liters at about 7 liters per minute. About how many minutes does it take?", "split": "test", "exact_value": 5.714285714285714}
{"id": "physics_estimate_000431", "topic": "physics_estimate", "subtopic": "fill_rate", "prompt": "A faucet fills 10 liters at about 5 liters per minute. About how many minutes does it take?", "split": "test", "exact_value": 2.0}
{"id": "physics_estimate_000432", "topic": "physics_estimate", "subtopic": "fill_rate", "prompt": "A faucet fills 30 liters at about 6 liters per minute. About how many minutes does it take?", "split": "test", "exact_value": 5.0}
{"id": "physics_estimate_000433", "topic": "physics_estimate", "subtopic": "fill_rate", "prompt": "A faucet fills 15 liters at about 5 liters per minute. About how many minutes does it take?", "split": "test", "exact_value": 3.0}
{"id": "physics_estimate_000434", "topic": "physics_estimate", "subtopic": "fill_rate", "prompt": "A faucet fills 30 liters at about 5 liters per minute. About how many minutes does it take?", "split": "test", "exact_value": 6.0}
{"id": "physics_estimate_000435", "topic": "physics_estimate", "subtopic": "fill_rate", "prompt": "A faucet fills 50 liters at about 6 liters per minute. About how many minutes does it take?", "split": "test", "exact_value": 8.333333333333334}
{"id": "physics_estimate_000436", "topic": "physics_estimate", "subtopic": "fill_rate", "prompt": "A faucet fills 20 liters at about 8 liters per minute. About how many minutes does it take?", "split": "test", "exact_value": 2.5}
{"id": "physics_estimate_000437", "topic": "physics_estimate", "subtopic": "fill_rate", "prompt": "A faucet fills 40 liters at about 6 liters per minute. About how many minutes does it take?", "split": "test", "exact_value": 6.666666666666667}
{"id": "physics_estimate_000438", "topic": "physics_estimate", "subtopic": "fill_rate", "prompt": "A faucet fills 50 liters at about 7 liters per minute. About how many minutes does it take?", "split": "test", "exact_value": 7.142857142857143}
{"id": "physics_estimate_000439", "topic": "physics_estimate", "subtopic": "fill_rate", "prompt": "A faucet fills 50 liters at about 8 liters per minute. About how many minutes does it take?", "split": "test", "exact_value": 6.25}
{"id": "physics_estimate_000440", "topic": "physics_estimate", "subtopic": "fill_rate", "prompt": "A faucet fills 15 liters at about 7 liters per minute. About how many minutes does it take?", "split": "test", "exact_value": 2.142857142857143}
{"id": "physics_estimate_000441", "topic": "physics_estimate", "subtopic": "fill_rate", "prompt": "A faucet fills 10 liters at about 6 liters per minute. About how many minutes does it take?", "split": "test", "exact_value": 1.6666666666666667}
{"id": "physics_estimate_000442", "topic": "physics_estimate", "subtopic": "fill_rate", "prompt": "A faucet fills 30 liters at about 8 liters per minute. About how many minutes does it take?", "split": "test", "exact_value": 3.75}
{"id": "physics_estimate_000443", "topic": "physics_estimate", "subtopic": "fill_rate", "prompt": "A faucet fills 30 liters at about 6 liters per minute. About how many minutes does it take?", "split": "test", "exact_value": 5.0}
{"id": "physics_estimate_000444", "topic": "physics_estimate", "subtopic": "fill_rate", "prompt": "A faucet fills 10 liters at about 8 liters per minute. About how many minutes does it take?", "split": "test", "exact_value": 1.25}
{"id": "physics_estimate_000445", "topic": "physics_estimate", "subtopic": "fill_rate", "prompt": "A faucet fills 50 liters at about 4 liters per minute. About how many minutes does it take?", "split": "test", "exact_value": 12.5}
{"id": "physics_estimate_000446", "topic": "physics_estimate", "subtopic": "fill_rate", "prompt": "A faucet fills 20 liters at about 7 liters per minute. About how many minutes does it take?", "split": "test", "exact_value": 2.857142857142857}
{"id": "physics_estimate_000447", "topic": "physics_estimate", "subtopic": "fill_rate", "prompt": "A faucet fills 50 liters at about 4 liters per minute. About how many minutes does it take?", "split": "test", "exact_value": 12.5}
{"id": "physics_estimate_000448", "topic": "physics_estimate", "subtopic": "fill_rate", "prompt": "A faucet fills 10 liters at about 7 liters per minute. About how many minutes does it take?", "split": "test", "exact_value": 1.4285714285714286}
{"id": "physics_estimate_000449", "topic": "physics_estimate", "subtopic": "fill_rate", "prompt": "A faucet fills 40 liters at about 6 liters per minute. About how many minutes does it take?", "split": "test", "exact_value": 6.666666666666667}
{"id": "physics_estimate_000450", "topic": "physics_estimate", "subtopic": "fill_rate", "prompt": "A faucet fills 50 liters at about 6 liters per minute. About how many minutes does it take?", "split": "test", "exact_value": 8.333333333333334}
{"id": "physics_estimate_000451", "topic": "physics_estimate", "subtopic": "fill_rate", "prompt": "A faucet fills 20 liters at about 4 liters per minute. About how many minutes does it take?", "split": "test", "exact_value": 5.0}
{"id": "physics_estimate_000452", "topic": "physics_estimate", "subtopic": "fill_rate", "prompt": "A faucet fills 10 liters at about 5 liters per minute. About how many minutes does it take?", "split": "test", "exact_value": 2.0}
{"id": "physics_estimate_000453", "topic": "physics_estimate", "subtopic": "fill_rate", "prompt": "A faucet fills 50 liters at about 7 liters per minute. About how many minutes does it take?", "split": "test", "exact_value": 7.142857142857143}
{"id": "physics_estimate_000454", "topic": "physics_estimate", "subtopic": "fill_rate", "prompt": "A faucet fills 20 liters at about 8 liters per minute. About how many minutes does it take?", "split": "test", "exact_value": 2.5}
{"id": "physics_estimate_000455", "topic": "physics_estimate", "subtopic": "fill_rate", "prompt": "A faucet fills 40 liters at about 6 liters per minute. About how many minutes does it take?", "split": "test", "exact_value": 6.666666666666667}
{"id": "physics_estimate_000456", "topic": "physics_estimate", "subtopic": "fill_rate", "prompt": "A faucet fills 15 liters at about 6 liters per minute. About how many minutes does it take?", "split": "test", "exact_value": 2.5}
{"id": "physics_estimate_000457", "topic": "physics_estimate", "subtopic": "fill_rate", "prompt": "A faucet fills 20 liters at about 5 liters per minute. About how many minutes does it take?", "split": "test", "exact_value": 4.0}
{"id": "physics_estimate_000458", "topic": "physics_estimate", "subtopic": "fill_rate", "prompt": "A faucet fills 30 liters at about 8 liters per minute. About how many minutes does it take?", "split": "test", "exact_value": 3.75}
{"id": "physics_estimate_000459", "topic": "physics_estimate", "subtopic": "fill_rate", "prompt": "A faucet fills 15 liters at about 7 liters per minute. About how many minutes does it take?", "split": "test", "exact_value": 2.142857142857143}
{"id": "physics_estimate_000460", "topic": "physics_estimate", "subtopic": "fill_rate", "prompt": "A faucet fills 30 liters at about 7 liters per minute. About how many minutes does it take?", "split": "test", "exact_value": 4.285714285714286}
{"id": "physics_estimate_000461", "topic": "physics_estimate", "subtopic": "fill_rate", "prompt": "A faucet fills 10 liters at about 6 liters per minute. About how many minutes does it take?", "split": "test", "exact_value": 1.6666666666666667}
{"id": "physics_estimate_000462", "topic": "physics_estimate", "subtopic": "fill_rate", "prompt": "A faucet fills 20 liters at about 8 liters per minute. About how many minutes does it take?", "split": "test", "exact_value": 2.5}
{"id": "physics_estimate_000463", "topic": "physics_estimate", "subtopic": "fill_rate", "prompt": "A faucet fills 30 liters at about 7 liters per minute. About how many minutes does it take?", "split": "test", "exact_value": 4.285714285714286}
{"id": "physics_estimate_000464", "topic": "physics_estimate", "subtopic": "fill_rate", "prompt": "A faucet fills 10 liters at about 4 liters per minute. About how many minutes does it take?", "split": "test", "exact_value": 2.5}
{"id": "physics_estimate_000465", "topic": "physics_estimate", "subtopic": "fill_rate", "prompt": "A faucet fills 40 liters at about 8 liters per minute. About how many minutes does it take?", "split": "test", "exact_value": 5.0}
{"id": "physics_estimate_000466", "topic": "physics_estimate", "subtopic": "fill_rate", "prompt": "A faucet fills 10 liters at about 7 liters per minute. About how many minutes does it take?", "split": "test", "exact_value": 1.4285714285714286}
{"id": "physics_estimate_000467", "topic": "physics_estimate", "subtopic": "fill_rate", "prompt": "A faucet fills 10 liters at about 8 liters per minute. About how many minutes does it take?", "split": "test", "exact_value": 1.25}
{"id": "physics_estimate_000468", "topic": "physics_estimate", "subtopic": "fill_rate", "prompt": "A faucet fills 15 liters at about 7 liters per minute. About how many minutes does it take?", "split": "test", "exact_value": 2.142857142857143}
{"id": "physics_estimate_000469", "topic": "physics_estimate", "subtopic": "fill_rate", "prompt": "A faucet fills 50 liters at about 7 liters per minute. About how many minutes does it take?", "split": "test", "exact_value": 7.142857142857143}
{"id": "physics_estimate_000470", "topic": "physics_estimate", "subtopic": "fill_rate", "prompt": "A faucet fills 50 liters at about 5 liters per minute. About how many minutes does it take?", "split": "test", "exact_value": 10.0}
{"id": "physics_estimate_000471", "topic": "physics_estimate", "subtopic": "fill_rate", "prompt": "A faucet fills 20 liters at about 7 liters per minute. About how many minutes does it take?", "split": "test", "exact_value": 2.857142857142857}
{"id": "physics_estimate_000472", "topic": "physics_estimate", "subtopic": "fill_rate", "prompt": "A faucet fills 30 liters at about 6 liters per minute. About how many minutes does it take?", "split": "test", "exact_value": 5.0}
{"id": "physics_estimate_000473", "topic": "physics_estimate", "subtopic": "fill_rate", "prompt": "A faucet fills 40 liters at about 7 liters per minute. About how many minutes does it take?", "split": "test", "exact_value": 5.714285714285714}
{"id": "physics_estimate_000474", "topic": "physics_estimate", "subtopic": "fill_rate", "prompt": "A faucet fills 30 liters at about 8 liters per minute. About how many minutes does it take?", "split": "test", "exact_value": 3.75}
{"id": "physics_estimate_000475", "topic": "physics_estimate", "subtopic": "fill_rate", "prompt": "A faucet fills 50 liters at about 6 liters per minute. About how many minutes does it take?", "split": "test", "exact_value": 8.333333333333334}
{"id": "physics_estimate_000476", "topic": "physics_estimate", "subtopic": "fill_rate", "prompt": "A faucet fills 20 liters at about 5 liters per minute. About how many minutes does it take?", "split": "test", "exact_value": 4.0}
{"id": "physics_estimate_000477", "topic": "physics_estimate", "subtopic": "fill_rate", "prompt": "A faucet fills 30 liters at about 5 liters per minute. About how many minutes does it take?", "split": "test", "exact_value": 6.0}
{"id": "physics_estimate_000478", "topic": "physics_estimate", "subtopic": "fill_rate", "prompt": "A faucet fills 50 liters at about 5 liters per minute. About how many minutes does it take?", "split": "test", "exact_value": 10.0}
{"id": "physics_estimate_000479", "topic": "physics_estimate", "subtopic": "fill_rate", "prompt": "A faucet fills 50 liters at about 4 liters per minute. About how many minutes does it take?", "split": "test", "exact_value": 12.5}
{"id": "physics_estimate_000480", "topic": "physics_estimate", "subtopic": "fill_rate", "prompt": "A faucet fills 50 liters at about 8 liters per minute. About how many minutes does it take?", "split": "test", "exact_value": 6.25}
{"id": "physics_estimate_000481", "topic": "physics_estimate", "subtopic": "fill_rate", "prompt": "A faucet fills 40 liters at about 4 liters per minute. About how many minutes does it take?", "split": "test", "exact_value": 10.0}
{"id": "physics_estimate_000482", "topic": "physics_estimate", "subtopic": "fill_rate", "prompt": "A faucet fills 20 liters at about 7 liters per minute. About how many minutes does it take?", "split": "test", "exact_value": 2.857142857142857}
{"id": "physics_estimate_000483", "topic": "physics_estimate", "subtopic": "fill_rate", "prompt": "A faucet fills 30 liters at about 6 liters per minute. About how many minutes does it take?", "split": "test", "exact_value": 5.0}
{"id": "physics_estimate_000484", "topic": "physics_estimate", "subtopic": "fill_rate", "prompt": "A faucet fills 20 liters at about 4 liters per minute. About how many minutes does it take?", "split": "test", "exact_value": 5.0}
{"id": "physics_estimate_000485", "topic": "physics_estimate", "subtopic": "fill_rate", "prompt": "A faucet fills 15 liters at about 6 liters per minute. About how many minutes does it take?", "split": "test", "exact_value": 2.5}
{"id": "physics_estimate_000486", "topic": "physics_estimate", "subtopic": "fill_rate", "prompt": "A faucet fills 20 liters at about 6 liters per minute. About how many minutes does it take?", "split": "test", "exact_value": 3.3333333333333335}
{"id": "physics_estimate_000487", "topic": "physics_estimate", "subtopic": "fill_rate", "prompt": "A faucet fills 20 liters at about 7 liters per minute. About how many minutes does it take?", "split": "test", "exact_value": 2.857142857142857}
{"id": "physics_estimate_000488", "topic": "physics_estimate", "subtopic": "fill_rate", "prompt": "A faucet fills 40 liters at about 7 liters per minute. About how many minutes does it take?", "split": "test", "exact_value": 5.714285714285714}
{"id": "physics_estimate_000489", "topic": "physics_estimate", "subtopic": "fill_rate", "prompt": "A faucet fills 50 liters at about 4 liters per minute. About how many minutes does it take?", "split": "test", "exact_value": 12.5}
{"id": "physics_estimate_000490", "topic": "physics_estimate", "subtopic": "fill_rate", "prompt": "A faucet fills 50 liters at about 7 liters per minute. About how many minutes does it take?", "split": "test", "exact_value": 7.142857142857143}
{"id": "physics_estimate_000491", "topic": "physics_estimate", "subtopic": "fill_rate", "prompt": "A faucet fills 40 liters at about 4 liters per minute. About how many minutes does it take?", "split": "test", "exact_value": 10.0}
{"id": "physics_estimate_000492", "topic": "physics_estimate", "subtopic": "fill_rate", "prompt": "A faucet fills 30 liters at about 7 liters per minute. About how many minutes does it take?", "split": "test", "exact_value": 4.285714285714286}
{"id": "physics_estimate_000493", "topic": "physics_estimate", "subtopic": "fill_rate", "prompt": "A faucet fills 50 liters at about 4 liters per minute. About how many minutes does it take?", "split": "test", "exact_value": 12.5}
{"id": "physics_estimate_000494", "topic": "physics_estimate", "subtopic": "fill_rate", "prompt": "A faucet fills 20 liters at about 6 liters per minute. About how many minutes does it take?", "split": "test", "exact_value": 3.3333333333333335}
{"id": "physics_estimate_000495", "topic": "physics_estimate", "subtopic": "fill_rate", "prompt": "A faucet fills 20 liters at about 5 liters per minute. About how many minutes does it take?", "split": "test", "exact_value": 4.0}
{"id": "physics_estimate_000496", "topic": "physics_estimate", "subtopic": "fill_rate", "prompt": "A faucet fills 10 liters at about 4 liters per minute. About how many minutes does it take?", "split": "test", "exact_value": 2.5}
{"id": "physics_estimate_000497", "topic": "physics_estimate", "subtopic": "fill_rate", "prompt": "A faucet fills 10 liters at about 7 liters per minute. About how many minutes does it take?", "split": "test", "exact_value": 1.4285714285714286}
{"id": "physics_estimate_000498", "topic": "physics_estimate", "subtopic": "fill_rate", "prompt": "A faucet fills 15 liters at about 4 liters per minute. About how many minutes does it take?", "split": "test", "exact_value": 3.75}
{"id": "physics_estimate_000499", "topic": "physics_estimate", "subtopic": "fill_rate", "prompt": "A faucet fills 20 liters at about 4 liters per minute. About how many minutes does it take?", "split": "test", "exact_value": 5.0}
{"id": "physics_estimate_000500", "topic": "physics_estimate", "subtopic": "fill_rate", "prompt": "A faucet fills 15 liters at about 7 liters per minute. About how many minutes does it take?", "split": "test", "exact_value": 2.142857142857143}
{"id": "physics_estimate_000501", "topic": "physics_estimate", "subtopic": "fill_rate", "prompt": "A faucet fills 15 liters at about 6 liters per minute. About how many minutes does it take?", "split": "test", "exact_value": 2.5}
{"id": "physics_estimate_000502", "topic": "physics_estimate", "subtopic": "fill_rate", "prompt": "A faucet fills 40 liters at about 5 liters per minute. About how many minutes does it take?", "split": "test", "exact_value": 8.0}
{"id": "physics_estimate_000503", "topic": "physics_estimate", "subtopic": "fill_rate", "prompt": "A faucet fills 10 liters at about 5 liters per minute. About how many minutes does it take?", "split": "test", "exact_value": 2.0}
{"id": "physics_estimate_000504", "topic": "physics_estimate", "subtopic": "fill_rate", "prompt": "A faucet fills 40 liters at about 8 liters per minute. About how many minutes does it take?", "split": "test", "exact_value": 5.0}
{"id": "physics_estimate_000505", "topic": "physics_estimate", "subtopic": "fill_rate", "prompt": "A faucet fills 20 liters at about 7 liters per minute. About how many minutes does it take?", "split": "test", "exact_value": 2.857142857142857}
{"id": "physics_estimate_000506", "topic": "physics_estimate", "subtopic": "fill_rate", "prompt": "A faucet fills 30 liters at about 5 liters per minute. About how many minutes does it take?", "split": "test", "exact_value": 6.0}
{"id": "physics_estimate_000507", "topic": "physics_estimate", "subtopic": "fill_rate", "prompt": "A faucet fills 20 liters at about 4 liters per minute. About how many minutes does it take?", "split": "test", "exact_value": 5.0}
{"id": "physics_estimate_000508", "topic": "physics_estimate", "subtopic": "fill_rate", "prompt": "A faucet fills 20 liters at about 6 liters per minute. About how many minutes does it take?", "split": "test", "exact_value": 3.3333333333333335}
{"id": "physics_estimate_000509", "topic": "physics_estimate", "subtopic": "fill_rate", "prompt": "A faucet fills 20 liters at about 5 liters per minute. About how many minutes does it take?", "split": "test", "exact_value": 4.0}
{"id": "physics_estimate_000510", "topic": "physics_estimate", "subtopic": "fill_rate", "prompt": "A faucet fills 20 liters at about 4 liters per minute. About how many minutes does it take?", "split": "test", "exact_value": 5.0}
{"id": "physics_estimate_000511", "topic": "physics_estimate", "subtopic": "fill_rate", "prompt": "A faucet fills 30 liters at about 7 liters per minute. About how many minutes does it take?", "split": "test", "exact_value": 4.285714285714286}
{"id": "physics_estimate_000512", "topic": "physics_estimate", "subtopic": "fill_rate", "prompt": "A faucet fills 20 liters at about 8 liters per minute. About how many minutes does it take?", "split": "test", "exact_value": 2.5}
{"id": "physics_estimate_000513", "topic": "physics_estimate", "subtopic": "fill_rate", "prompt": "A faucet fills 20 liters at about 7 liters per minute. About how many minutes does it take?", "split": "test", "exact_value": 2.857142857142857}
{"id": "physics_estimate_000514", "topic": "physics_estimate", "subtopic": "fill_rate", "prompt": "A faucet fills 20 liters at about 5 liters per minute. About how many minutes does it take?", "split": "test", "exact_value": 4.0}
{"id": "physics_estimate_000515", "topic": "physics_estimate", "subtopic": "fill_rate", "prompt": "A faucet fills 50 liters at about 7 liters per minute. About how many minutes does it take?", "split": "test", "exact_value": 7.142857142857143}
{"id": "physics_estimate_000516", "topic": "physics_estimate", "subtopic": "fill_rate", "prompt": "A faucet fills 20 liters at about 5 liters per minute. About how many minutes does it take?", "split": "test", "exact_value": 4.0}
{"id": "physics_estimate_000517", "topic": "physics_estimate", "subtopic": "fill_rate", "prompt": "A faucet fills 50 liters at about 6 liters per minute. About how many minutes does it take?", "split": "test", "exact_value": 8.333333333333334}
{"id": "physics_estimate_000518", "topic": "physics_estimate", "subtopic": "fill_rate", "prompt": "A faucet fills 15 liters at about 7 liters per minute. About how many minutes does it take?", "split": "test", "exact_value": 2.142857142857143}
{"id": "physics_estimate_000519", "topic": "physics_estimate", "subtopic": "fill_rate", "prompt": "A faucet fills 20 liters at about 5 liters per minute. About how many minutes does it take?", "split": "test", "exact_value": 4.0}
{"id": "physics_estimate_000520", "topic": "physics_estimate", "subtopic": "fill_rate", "prompt": "A faucet fills 40 liters at about 5 liters per minute. About how many minutes does it take?", "split": "test", "exact_value": 8.0}
{"id": "physics_estimate_000521", "topic": "physics_estimate", "subtopic": "fill_rate", "prompt": "A faucet fills 15 liters at about 4 liters per minute. About how many minutes does it take?", "split": "test", "exact_value": 3.75}
{"id": "physics_estimate_000522", "topic": "physics_estimate", "subtopic": "fill_rate", "prompt": "A faucet fills 15 liters at about 5 liters per minute. About how many minutes does it take?", "split": "test", "exact_value": 3.0}
{"id": "physics_estimate_000523", "topic": "physics_estimate", "subtopic": "fill_rate", "prompt": "A faucet fills 10 liters at about 6 liters per minute. About how many minutes does it take?", "split": "test", "exact_value": 1.6666666666666667}
{"id": "physics_estimate_000524", "topic": "physics_estimate", "subtopic": "fill_rate", "prompt": "A faucet fills 10 liters at about 4 liters per minute. About how many minutes does it take?", "split": "test", "exact_value": 2.5}
{"id": "physics_estimate_000525", "topic": "physics_estimate", "subtopic": "fill_rate", "prompt": "A faucet fills 30 liters at about 6 liters per minute. About how many minutes does it take?", "split": "test", "exact_value": 5.0}
{"id": "physics_estimate_000526", "topic": "physics_estimate", "subtopic": "fill_rate", "prompt": "A faucet fills 40 liters at about 7 liters per minute. About how many minutes does it take?", "split": "test", "exact_value": 5.714285714285714}
{"id": "physics_estimate_000527", "topic": "physics_estimate", "subtopic": "fill_rate", "prompt": "A faucet fills 10 liters at about 7 liters per minute. About how many minutes does it take?", "split": "test", "exact_value": 1.4285714285714286}
{"id": "physics_estimate_000528", "topic": "physics_estimate", "subtopic": "fill_rate", "prompt": "A faucet fills 15 liters at about 7 liters per minute. About how many minutes does it take?", "split": "test", "exact_value": 2.142857142857143}
{"id": "physics_estimate_000529", "topic": "physics_estimate", "subtopic": "fill_rate", "prompt": "A faucet fills 20 liters at about 5 liters per minute. About how many minutes does it take?", "split": "test", "exact_value": 4.0}
{"id": "physics_estimate_000530", "topic": "physics_estimate", "subtopic": "fill_rate", "prompt": "A faucet fills 50 liters at about 4 liters per minute. About how many minutes does it take?", "split": "test", "exact_value": 12.5}
{"id": "physics_estimate_000531", "topic": "physics_estimate", "subtopic": "fill_rate", "prompt": "A faucet fills 50 liters at about 4 liters per minute. About how many minutes does it take?", "split": "test", "exact_value": 12.5}
{"id": "physics_estimate_000532", "topic": "physics_estimate", "subtopic": "fill_rate", "prompt": "A faucet fills 50 liters at about 6 liters per minute. About how many minutes does it take?", "split": "test", "exact_value": 8.333333333333334}
{"id": "physics_estimate_000533", "topic": "physics_estimate", "subtopic": "fill_rate", "prompt": "A faucet fills 40 liters at about 7 liters per minute. About how many minutes does it take?", "split": "test", "exact_value": 5.714285714285714}
{"id": "physics_estimate_000534", "topic": "physics_estimate", "subtopic": "fill_rate", "prompt": "A faucet fills 30 liters at about 4 liters per minute. About how many minutes does it take?", "split": "test", "exact_value": 7.5}
{"id": "physics_estimate_000535", "topic": "physics_estimate", "subtopic": "fill_rate", "prompt": "A faucet fills 40 liters at about 7 liters per minute. About how many minutes does it take?", "split": "test", "exact_value": 5.714285714285714}
{"id": "physics_estimate_000536", "topic": "physics_estimate", "subtopic": "fill_rate", "prompt": "A faucet fills 30 liters at about 5 liters per minute. About how many minutes does it take?", "split": "test", "exact_value": 6.0}
{"id": "physics_estimate_000537", "topic": "physics_estimate", "subtopic": "fill_rate", "prompt": "A faucet fills 30 liters at about 5 liters per minute. About how many minutes does it take?", "split": "test", "exact_value": 6.0}
{"id": "physics_estimate_000538", "topic": "physics_estimate", "subtopic": "fill_rate", "prompt": "A faucet fills 20 liters at about 4 liters per minute. About how many minutes does it take?", "split": "test", "exact_value": 5.0}
{"id": "physics_estimate_000539", "topic": "physics_estimate", "subtopic": "fill_rate", "prompt": "A faucet fills 10 liters at about 8 liters per minute. About how many minutes does it take?", "split": "test", "exact_value": 1.25}
{"id": "physics_estimate_000540", "topic": "physics_estimate", "subtopic": "fill_rate", "prompt": "A faucet fills 15 liters at about 5 liters per minute. About how many minutes does it take?", "split": "test", "exact_value": 3.0}
{"id": "physics_estimate_000541", "topic": "physics_estimate", "subtopic": "fill_rate", "prompt": "A faucet fills 10 liters at about 8 liters per minute. About how many minutes does it take?", "split": "test", "exact_value": 1.25}
{"id": "physics_estimate_000542", "topic": "physics_estimate", "subtopic": "fill_rate", "prompt": "A faucet fills 20 liters at about 7 liters per minute. About how many minutes does it take?", "split": "test", "exact_value": 2.857142857142857}
{"id": "physics_estimate_000543", "topic": "physics_estimate", "subtopic": "fill_rate", "prompt": "A faucet fills 50 liters at about 8 liters per minute. About how many minutes does it take?", "split": "test", "exact_value": 6.25}
{"id": "physics_estimate_000544", "topic": "physics_estimate", "subtopic": "fill_rate", "prompt": "A faucet fills 15 liters at about 5 liters per minute. About how many minutes does it take?", "split": "test", "exact_value": 3.0}
{"id": "physics_estimate_000545", "topic": "physics_estimate", "subtopic": "fill_rate", "prompt": "A faucet fills 10 liters at about 6 liters per minute. About how many minutes does it take?", "split": "test", "exact_value": 1.6666666666666667}
{"id": "physics_estimate_000546", "topic": "physics_estimate", "subtopic": "fill_rate", "prompt": "A faucet fills 50 liters at about 4 liters per minute. About how many minutes does it take?", "split": "test", "exact_value": 12.5}
{"id": "physics_estimate_000547", "topic": "physics_estimate", "subtopic": "fill_rate", "prompt": "A faucet fills 30 liters at about 6 liters per minute. About how many minutes does it take?", "split": "test", "exact_value": 5.0}
{"id": "physics_estimate_000548", "topic": "physics_estimate", "subtopic": "fill_rate", "prompt": "A faucet fills 10 liters at about 7 liters per minute. About how many minutes does it take?", "split": "test", "exact_value": 1.4285714285714286}
{"id": "physics_estimate_000549", "topic": "physics_estimate", "subtopic": "fill_rate", "prompt": "A faucet fills 40 liters at about 7 liters per minute. About how many minutes does it take?", "split": "test", "exact_value": 5.714285714285714}
{"id": "physics_estimate_000550", "topic": "physics_estimate", "subtopic": "fill_rate", "prompt": "A faucet fills 50 liters at about 4 liters per minute. About how many minutes does it take?", "split": "test", "exact_value": 12.5}
{"id": "physics_estimate_000551", "topic": "physics_estimate", "subtopic": "fill_rate", "prompt": "A faucet fills 50 liters at about 6 liters per minute. About how many minutes does it take?", "split": "test", "exact_value": 8.333333333333334}
{"id": "physics_estimate_000552", "topic": "physics_estimate", "subtopic": "fill_rate", "prompt": "A faucet fills 40 liters at about 8 liters per minute. About how many minutes does it take?", "split": "test", "exact_value": 5.0}
{"id": "physics_estimate_000553", "topic": "physics_estimate", "subtopic": "fill_rate", "prompt": "A faucet fills 20 liters at about 6 liters per minute. About how many minutes does it take?", "split": "test", "exact_value": 3.3333333333333335}
{"id": "physics_estimate_000554", "topic": "physics_estimate", "subtopic": "fill_rate", "prompt": "A faucet fills 50 liters at about 6 liters per minute. About how many minutes does it take?", "split": "test", "exact_value": 8.333333333333334}
{"id": "physics_estimate_000555", "topic": "physics_estimate", "subtopic": "fill_rate", "prompt": "A faucet fills 15 liters at about 5 liters per minute. About how many minutes does it take?", "split": "test", "exact_value": 3.0}
{"id": "physics_estimate_000556", "topic": "physics_estimate", "subtopic": "fill_rate", "prompt": "A faucet fills 30 liters at about 6 liters per minute. About how many minutes does it take?", "split": "test", "exact_value": 5.0}
{"id": "physics_estimate_000557", "topic": "physics_estimate", "subtopic": "fill_rate", "prompt": "A faucet fills 40 liters at about 6 liters per minute. About how many minutes does it take?", "split": "test", "exact_value": 6.666666666666667}
{"id": "physics_estimate_000558", "topic": "physics_estimate", "subtopic": "fill_rate", "prompt": "A faucet fills 10 liters at about 4 liters per minute. About how many minutes does it take?", "split": "test", "exact_value": 2.5}
{"id": "physics_estimate_000559", "topic": "physics_estimate", "subtopic": "fill_rate", "prompt": "A faucet fills 50 liters at about 4 liters per minute. About how many minutes does it take?", "split": "test", "exact_value": 12.5}
{"id": "physics_estimate_000560", "topic": "physics_estimate", "subtopic": "fill_rate", "prompt": "A faucet fills 10 liters at about 5 liters per minute. About how many minutes does it take?", "split": "test", "exact_value": 2.0}
{"id": "physics_estimate_000561", "topic": "physics_estimate", "subtopic": "fill_rate", "prompt": "A faucet fills 10 liters at about 8 liters per minute. About how many minutes does it take?", "split": "test", "exact_value": 1.25}
{"id": "physics_estimate_000562", "topic": "physics_estimate", "subtopic": "fill_rate", "prompt": "A faucet fills 40 liters at about 7 liters per minute. About how many minutes does it take?", "split": "test", "exact_value": 5.714285714285714}
{"id": "physics_estimate_000563", "topic": "physics_estimate", "subtopic": "fill_rate", "prompt": "A faucet fills 30 liters at about 7 liters per minute. About how many minutes does it take?", "split": "test", "exact_value": 4.285714285714286}
{"id": "physics_estimate_000564", "topic": "physics_estimate", "subtopic": "fill_rate", "prompt": "A faucet fills 50 liters at about 4 liters per minute. About how many minutes does it take?", "split": "test", "exact_value": 12.5}
{"id": "physics_estimate_000565", "topic": "physics_estimate", "subtopic": "fill_rate", "prompt": "A faucet fills 20 liters at about 4 liters per minute. About how many minutes does it take?", "split": "test", "exact_value": 5.0}
{"id": "physics_estimate_000566", "topic": "physics_estimate", "subtopic": "fill_rate", "prompt": "A faucet fills 30 liters at about 5 liters per minute. About how many minutes does it take?", "split": "test", "exact_value": 6.0}
{"id": "physics_estimate_000567", "topic": "physics_estimate", "subtopic": "fill_rate", "prompt": "A faucet fills 15 liters at about 5 liters per minute. About how many minutes does it take?", "split": "test", "exact_value": 3.0}
{"id": "physics_estimate_000568", "topic": "physics_estimate", "subtopic": "fill_rate", "prompt": "A faucet fills 10 liters at about 6 liters per minute. About how many minutes does it take?", "split": "test", "exact_value": 1.6666666666666667}
{"id": "physics_estimate_000569", "topic": "physics_estimate", "subtopic": "fill_rate", "prompt": "A faucet fills 10 liters at about 7 liters per minute. About how many minutes does it take?", "split": "test", "exact_value": 1.4285714285714286}
{"id": "physics_estimate_000570", "topic": "physics_estimate", "subtopic": "fill_rate", "prompt": "A faucet fills 20 liters at about 4 liters per minute. About how many minutes does it take?", "split": "test", "exact_value": 5.0}
{"id": "physics_estimate_000571", "topic": "physics_estimate", "subtopic": "fill_rate", "prompt": "A faucet fills 40 liters at about 7 liters per minute. About how many minutes does it take?", "split": "test", "exact_value": 5.714285714285714}
{"id": "physics_estimate_000572", "topic": "physics_estimate", "subtopic": "fill_rate", "prompt": "A faucet fills 30 liters at about 8 liters per minute. About how many minutes does it take?", "split": "test", "exact_value": 3.75}
{"id": "physics_estimate_000573", "topic": "physics_estimate", "subtopic": "fill_rate", "prompt": "A faucet fills 15 liters at about 8 liters per minute. About how many minutes does it take?", "split": "test", "exact_value": 1.875}
{"id": "physics_estimate_000574", "topic": "physics_estimate", "subtopic": "fill_rate", "prompt": "A faucet fills 30 liters at about 4 liters per minute. About how many minutes does it take?", "split": "test", "exact_value": 7.5}
{"id": "physics_estimate_000575", "topic": "physics_estimate", "subtopic": "fill_rate", "prompt": "A faucet fills 20 liters at about 8 liters per minute. About how many minutes does it take?", "split": "test", "exact_value": 2.5}
{"id": "physics_estimate_000576", "topic": "physics_estimate", "subtopic": "fill_rate", "prompt": "A faucet fills 30 liters at about 6 liters per minute. About how many minutes does it take?", "split": "test", "exact_value": 5.0}
{"id": "physics_estimate_000577", "topic": "physics_estimate", "subtopic": "fill_rate", "prompt": "A faucet fills 15 liters at about 4 liters per minute. About how many minutes does it take?", "split": "test", "exact_value": 3.75}
{"id": "physics_estimate_000578", "topic": "physics_estimate", "subtopic": "fill_rate", "prompt": "A faucet fills 20 liters at about 5 liters per minute. About how many minutes does it take?", "split": "test", "exact_value": 4.0}
{"id": "physics_estimate_000579", "topic": "physics_estimate", "subtopic": "fill_rate", "prompt": "A faucet fills 20 liters at about 5 liters per minute. About how many minutes does it take?", "split": "test", "exact_value": 4.0}
{"id": "physics_estimate_000580", "topic": "physics_estimate", "subtopic": "fill_rate", "prompt": "A faucet fills 15 liters at about 4 liters per minute. About how many minutes does it take?", "split": "test", "exact_value": 3.75}
{"id": "physics_estimate_000581", "topic": "physics_estimate", "subtopic": "fill_rate", "prompt": "A faucet fills 30 liters at about 4 liters per minute. About how many minutes does it take?", "split": "test", "exact_value": 7.5}
{"id": "physics_estimate_000582", "topic": "physics_estimate", "subtopic": "fill_rate", "prompt": "A faucet fills 20 liters at about 5 liters per minute. About how many minutes does it take?", "split": "test", "exact_value": 4.0}
{"id": "physics_estimate_000583", "topic": "physics_estimate", "subtopic": "fill_rate", "prompt": "A faucet fills 10 liters at about 4 liters per minute. About how many minutes does it take?", "split": "test", "exact_value": 2.5}
{"id": "physics_estimate_000584", "topic": "physics_estimate", "subtopic": "fill_rate", "prompt": "A faucet fills 30 liters at about 7 liters per minute. About how many minutes does it take?", "split": "test", "exact_value": 4.285714285714286}
{"id": "physics_estimate_000585", "topic": "physics_estimate", "subtopic": "fill_rate", "prompt": "A faucet fills 15 liters at about 5 liters per minute. About how many minutes does it take?", "split": "test", "exact_value": 3.0}
{"id": "physics_estimate_000586", "topic": "physics_estimate", "subtopic": "fill_rate", "prompt": "A faucet fills 15 liters at about 8 liters per minute. About how many minutes does it take?", "split": "test", "exact_value": 1.875}
{"id": "physics_estimate_000587", "topic": "physics_estimate", "subtopic": "fill_rate", "prompt": "A faucet fills 30 liters at about 6 liters per minute. About how many minutes does it take?", "split": "test", "exact_value": 5.0}
{"id": "physics_estimate_000588", "topic": "physics_estimate", "subtopic": "fill_rate", "prompt": "A faucet fills 40 liters at about 8 liters per minute. About how many minutes does it take?", "split": "test", "exact_value": 5.0}
{"id": "physics_estimate_000589", "topic": "physics_estimate", "subtopic": "fill_rate", "prompt": "A faucet fills 20 liters at about 8 liters per minute. About how many minutes does it take?", "split": "test", "exact_value": 2.5}
{"id": "physics_estimate_000590", "topic": "physics_estimate", "subtopic": "fill_rate", "prompt": "A faucet fills 40 liters at about 5 liters per minute. About how many minutes does it take?", "split": "test", "exact_value": 8.0}
{"id": "physics_estimate_000591", "topic": "physics_estimate", "subtopic": "fill_rate", "prompt": "A faucet fills 50 liters at about 7 liters per minute. About how many minutes does it take?", "split": "test", "exact_value": 7.142857142857143}
{"id": "physics_estimate_000592", "topic": "physics_estimate", "subtopic": "fill_rate", "prompt": "A faucet fills 30 liters at about 6 liters per minute. About how many minutes does it take?", "split": "test", "exact_value": 5.0}
{"id": "physics_estimate_000593", "topic": "physics_estimate", "subtopic": "fill_rate", "prompt": "A faucet fills 15 liters at about 8 liters per minute. About how many minutes does it take?", "split": "test", "exact_value": 1.875}
{"id": "physics_estimate_000594", "topic": "physics_estimate", "subtopic": "fill_rate", "prompt": "A faucet fills 50 liters at about 7 liters per minute. About how many minutes does it take?", "split": "test", "exact_value": 7.142857142857143}
{"id": "physics_estimate_000595", "topic": "physics_estimate", "subtopic": "fill_rate", "prompt": "A faucet fills 10 liters at about 4 liters per minute. About how many minutes does it take?", "split": "test", "exact_value": 2.5}
{"id": "physics_estimate_000596", "topic": "physics_estimate", "subtopic": "fill_rate", "prompt": "A faucet fills 30 liters at about 7 liters per minute. About how many minutes does it take?", "split": "test", "exact_value": 4.285714285714286}
{"id": "physics_estimate_000597", "topic": "physics_estimate", "subtopic": "fill_rate", "prompt": "A faucet fills 50 liters at about 7 liters per minute. About how many minutes does it take?", "split": "test", "exact_value": 7.142857142857143}
{"id": "physics_estimate_000598", "topic": "physics_estimate", "subtopic": "fill_rate", "prompt": "A faucet fills 50 liters at about 8 liters per minute. About how many minutes does it take?", "split": "test", "exact_value": 6.25}
{"id": "physics_estimate_000599", "topic": "physics_estimate", "subtopic": "fill_rate", "prompt": "A faucet fills 30 liters at about 5 liters per minute. About how many minutes does it take?", "split": "test", "exact_value": 6.0}
{"id": "physics_estimate_000600", "topic": "physics_estimate", "subtopic": "fill_rate", "prompt": "A faucet fills 40 liters at about 8 liters per minute. About how many minutes does it take?", "split": "test", "exact_value": 5.0}
{"id": "physics_estimate_000601", "topic": "physics_estimate", "subtopic": "fill_rate", "prompt": "A faucet fills 10 liters at about 4 liters per minute. About how many minutes does it take?", "split": "test", "exact_value": 2.5}
{"id": "physics_estimate_000602", "topic": "physics_estimate", "subtopic": "fill_rate", "prompt": "A faucet fills 10 liters at about 4 liters per minute. About how many minutes does it take?", "split": "test", "exact_value": 2.5}
{"id": "physics_estimate_000603", "topic": "physics_estimate", "subtopic": "fill_rate", "prompt": "A faucet fills 15 liters at about 4 liters per minute. About how many minutes does it take?", "split": "test", "exact_value": 3.75}
{"id": "physics_estimate_000604", "topic": "physics_estimate", "subtopic": "fill_rate", "prompt": "A faucet fills 50 liters at about 6 liters per minute. About how many minutes does it take?", "split": "test", "exact_value": 8.333333333333334}
{"id": "physics_estimate_000605", "topic": "physics_estimate", "subtopic": "fill_rate", "prompt": "A faucet fills 15 liters at about 8 liters per minute. About how many minutes does it take?", "split": "test", "exact_value": 1.875}
{"id": "physics_estimate_000606", "topic": "physics_estimate", "subtopic": "fill_rate", "prompt": "A faucet fills 15 liters at about 5 liters per minute. About how many minutes does it take?", "split": "test", "exact_value": 3.0}
{"id": "physics_estimate_000607", "topic": "physics_estimate", "subtopic": "fill_rate", "prompt": "A faucet fills 40 liters at about 5 liters per minute. About how many minutes does it take?", "split": "test", "exact_value": 8.0}
{"id": "physics_estimate_000608", "topic": "physics_estimate", "subtopic": "fill_rate", "prompt": "A faucet fills 20 liters at about 5 liters per minute. About how many minutes does it take?", "split": "test", "exact_value": 4.0}
{"id": "physics_estimate_000609", "topic": "physics_estimate", "subtopic": "fill_rate", "prompt": "A faucet fills 15 liters at about 5 liters per minute. About how many minutes does it take?", "split": "test", "exact_value": 3.0}
{"id": "physics_estimate_000610", "topic": "physics_estimate", "subtopic": "fill_rate", "prompt": "A faucet fills 30 liters at about 7 liters per minute. About how many minutes does it take?", "split": "test", "exact_value": 4.285714285714286}
{"id": "physics_estimate_000611", "topic": "physics_estimate", "subtopic": "fill_rate", "prompt": "A faucet fills 20 liters at about 4 liters per minute. About how many minutes does it take?", "split": "test", "exact_value": 5.0}
{"id": "physics_estimate_000612", "topic": "physics_estimate", "subtopic": "fill_rate", "prompt": "A faucet fills 20 liters at about 6 liters per minute. About how many minutes does it take?", "split": "test", "exact_value": 3.3333333333333335}
{"id": "physics_estimate_000613", "topic": "physics_estimate", "subtopic": "fill_rate", "prompt": "A faucet fills 40 liters at about 4 liters per minute. About how many minutes does it take?", "split": "test", "exact_value": 10.0}
{"id": "physics_estimate_000614", "topic": "physics_estimate", "subtopic": "fill_rate", "prompt": "A faucet fills 30 liters at about 5 liters per minute. About how many minutes does it take?", "split": "test", "exact_value": 6.0}
{"id": "physics_estimate_000615", "topic": "physics_estimate", "subtopic": "fill_rate", "prompt": "A faucet fills 50 liters at about 5 liters per minute. About how many minutes does it take?", "split": "test", "exact_value": 10.0}
{"id": "physics_estimate_000616", "topic": "physics_estimate", "subtopic": "fill_rate", "prompt": "A faucet fills 20 liters at about 6 liters per minute. About how many minutes does it take?", "split": "test", "exact_value": 3.3333333333333335}
{"id": "physics_estimate_000617", "topic": "physics_estimate", "subtopic": "fill_rate", "prompt": "A faucet fills 40 liters at about 8 liters per minute. About how many minutes does it take?", "split": "test", "exact_value": 5.0}
{"id": "physics_estimate_000618", "topic": "physics_estimate", "subtopic": "fill_rate", "prompt": "A faucet fills 30 liters at about 8 liters per minute. About how many minutes does it take?", "split": "test", "exact_value": 3.75}
{"id": "physics_estimate_000619", "topic": "physics_estimate", "subtopic": "fill_rate", "prompt": "A faucet fills 20 liters at about 7 liters per minute. About how many minutes does it take?", "split": "test", "exact_value": 2.857142857142857}
{"id": "physics_estimate_000620", "topic": "physics_estimate", "subtopic": "fill_rate", "prompt": "A faucet fills 10 liters at about 6 liters per minute. About how many minutes does it take?", "split": "test", "exact_value": 1.6666666666666667}
{"id": "physics_estimate_000621", "topic": "physics_estimate", "subtopic": "fill_rate", "prompt": "A faucet fills 10 liters at about 5 liters per minute. About how many minutes does it take?", "split": "test", "exact_value": 2.0}
{"id": "physics_estimate_000622", "topic": "physics_estimate", "subtopic": "fill_rate", "prompt": "A faucet fills 30 liters at about 4 liters per minute. About how many minutes does it take?", "split": "test", "exact_value": 7.5}
{"id": "physics_estimate_000623", "topic": "physics_estimate", "subtopic": "fill_rate", "prompt": "A faucet fills 30 liters at about 6 liters per minute. About how many minutes does it take?", "split": "test", "exact_value": 5.0}
{"id": "physics_estimate_000624", "topic": "physics_estimate", "subtopic": "fill_rate", "prompt": "A faucet fills 20 liters at about 6 liters per minute. About how many minutes does it take?", "split": "test", "exact_value": 3.3333333333333335}
{"id": "physics_estimate_000625", "topic": "physics_estimate", "subtopic": "fill_rate", "prompt": "A faucet fills 15 liters at about 7 liters per minute. About how many minutes does it take?", "split": "test", "exact_value": 2.142857142857143}
{"id": "physics_estimate_000626", "topic": "physics_estimate", "subtopic": "fill_rate", "prompt": "A faucet fills 40 liters at about 5 liters per minute. About how many minutes does it take?", "split": "test", "exact_value": 8.0}
{"id": "physics_estimate_000627", "topic": "physics_estimate", "subtopic": "fill_rate", "prompt": "A faucet fills 15 liters at about 8 liters per minute. About how many minutes does it take?", "split": "test", "exact_value": 1.875}
{"id": "physics_estimate_000628", "topic": "physics_estimate", "subtopic": "fill_rate", "prompt": "A faucet fills 40 liters at about 7 liters per minute. About how many minutes does it take?", "split": "test", "exact_value": 5.714285714285714}
{"id": "physics_estimate_000629", "topic": "physics_estimate", "subtopic": "fill_rate", "prompt": "A faucet fills 10 liters at about 5 liters per minute. About how many minutes does it take?", "split": "test", "exact_value": 2.0}
{"id": "physics_estimate_000630", "topic": "physics_estimate", "subtopic": "fill_rate", "prompt": "A faucet fills 10 liters at about 6 liters per minute. About how many minutes does it take?", "split": "test", "exact_value": 1.6666666666666667}
{"id": "physics_estimate_000631", "topic": "physics_estimate", "subtopic": "fill_rate", "prompt": "A faucet fills 50 liters at about 7 liters per minute. About how many minutes does it take?", "split": "test", "exact_value": 7.142857142857143}
{"id": "physics_estimate_000632", "topic": "physics_estimate", "subtopic": "fill_rate", "prompt": "A faucet fills 10 liters at about 7 liters per minute. About how many minutes does it take?", "split": "test", "exact_value": 1.4285714285714286}
{"id": "physics_estimate_000633", "topic": "physics_estimate", "subtopic": "fill_rate", "prompt": "A faucet fills 40 liters at about 4 liters per minute. About how many minutes does it take?", "split": "test", "exact_value": 10.0}
{"id": "physics_estimate_000634", "topic": "physics_estimate", "subtopic": "fill_rate", "prompt": "A faucet fills 20 liters at about 7 liters per minute. About how many minutes does it take?", "split": "test", "exact_value": 2.857142857142857}
{"id": "physics_estimate_000635", "topic": "physics_estimate", "subtopic": "fill_rate", "prompt": "A faucet fills 50 liters at about 7 liters per minute. About how many minutes does it take?", "split": "test", "exact_value": 7.142857142857143}
{"id": "physics_estimate_000636", "topic": "physics_estimate", "subtopic": "fill_rate", "prompt": "A faucet fills 10 liters at about 4 liters per minute. About how many minutes does it take?", "split": "test", "exact_value": 2.5}
{"id": "physics_estimate_000637", "topic": "physics_estimate", "subtopic": "fill_rate", "prompt": "A faucet fills 15 liters at about 8 liters per minute. About how many minutes does it take?", "split": "test", "exact_value": 1.875}
{"id": "physics_estimate_000638", "topic": "physics_estimate", "subtopic": "fill_rate", "prompt": "A faucet fills 30 liters at about 6 liters per minute. About how many minutes does it take?", "split": "test", "exact_value": 5.0}
{"id": "physics_estimate_000639", "topic": "physics_estimate", "subtopic": "fill_rate", "prompt": "A faucet fills 20 liters at about 6 liters per minute. About how many minutes does it take?", "split": "test", "exact_value": 3.3333333333333335}
{"id": "physics_estimate_000640", "topic": "physics_estimate", "subtopic": "fill_rate", "prompt": "A faucet fills 10 liters at about 8 liters per minute. About how many minutes does it take?", "split": "test", "exact_value": 1.25}
{"id": "physics_estimate_000641", "topic": "physics_estimate", "subtopic": "fill_rate", "prompt": "A faucet fills 50 liters at about 4 liters per minute. About how many minutes does it take?", "split": "test", "exact_value": 12.5}
{"id": "physics_estimate_000642", "topic": "physics_estimate", "subtopic": "fill_rate", "prompt": "A faucet fills 20 liters at about 5 liters per minute. About how many minutes does it take?", "split": "test", "exact_value": 4.0}
{"id": "physics_estimate_000643", "topic": "physics_estimate", "subtopic": "fill_rate", "prompt": "A faucet fills 30 liters at about 7 liters per minute. About how many minutes does it take?", "split": "test", "exact_value": 4.285714285714286}
{"id": "physics_estimate_000644", "topic": "physics_estimate", "subtopic": "fill_rate", "prompt": "A faucet fills 10 liters at about 5 liters per minute. About how many minutes does it take?", "split": "test", "exact_value": 2.0}
{"id": "physics_estimate_000645", "topic": "physics_estimate", "subtopic": "fill_rate", "prompt": "A faucet fills 40 liters at about 7 liters per minute. About how many minutes does it take?", "split": "test", "exact_value": 5.714285714285714}
{"id": "physics_estimate_000646", "topic": "physics_estimate", "subtopic": "fill_rate", "prompt": "A faucet fills 30 liters at about 4 liters per minute. About how many minutes does it take?", "split": "test", "exact_value": 7.5}
{"id": "physics_estimate_000647", "topic": "physics_estimate", "subtopic": "fill_rate", "prompt": "A faucet fills 20 liters at about 4 liters per minute. About how many minutes does it take?", "split": "test", "exact_value": 5.0}
{"id": "physics_estimate_000648", "topic": "physics_estimate", "subtopic": "fill_rate", "prompt": "A faucet fills 15 liters at about 6 liters per minute. About how many minutes does it take?", "split": "test", "exact_value": 2.5}
{"id": "physics_estimate_000649", "topic": "physics_estimate", "subtopic": "fill_rate", "prompt": "A faucet fills 30 liters at about 5 liters per minute. About how many minutes does it take?", "split": "test", "exact_value": 6.0}
{"id": "physics_estimate_000650", "topic": "physics_estimate", "subtopic": "fill_rate", "prompt": "A faucet fills 15 liters at about 7 liters per minute. About how many minutes does it take?", "split": "test", "exact_value": 2.142857142857143}
{"id": "physics_estimate_000651", "topic": "physics_estimate", "subtopic": "fill_rate", "prompt": "A faucet fills 15 liters at about 6 liters per minute. About how many minutes does it take?", "split": "test", "exact_value": 2.5}
{"id": "physics_estimate_000652", "topic": "physics_estimate", "subtopic": "fill_rate", "prompt": "A faucet fills 30 liters at about 6 liters per minute. About how many minutes does it take?", "split": "test", "exact_value": 5.0}
{"id": "physics_estimate_000653", "topic": "physics_estimate", "subtopic": "fill_rate", "prompt": "A faucet fills 20 liters at about 7 liters per minute. About how many minutes does it take?", "split": "test", "exact_value": 2.857142857142857}
{"id": "physics_estimate_000654", "topic": "physics_estimate", "subtopic": "fill_rate", "prompt": "A faucet fills 10 liters at about 6 liters per minute. About how many minutes does it take?", "split": "test", "exact_value": 1.6666666666666667}
{"id": "physics_estimate_000655", "topic": "physics_estimate", "subtopic": "fill_rate", "prompt": "A faucet fills 40 liters at about 6 liters per minute. About how many minutes does it take?", "split": "test", "exact_value": 6.666666666666667}
{"id": "physics_estimate_000656", "topic": "physics_estimate", "subtopic": "fill_rate", "prompt": "A faucet fills 10 liters at about 4 liters per minute. About how many minutes does it take?", "split": "test", "exact_value": 2.5}
{"id": "physics_estimate_000657", "topic": "physics_estimate", "subtopic": "fill_rate", "prompt": "A faucet fills 40 liters at about 8 liters per minute. About how many minutes does it take?", "split": "test", "exact_value": 5.0}
{"id": "physics_estimate_000658", "topic": "physics_estimate", "subtopic": "fill_rate", "prompt": "A faucet fills 10 liters at about 7 liters per minute. About how many minutes does it take?", "split": "test", "exact_value": 1.4285714285714286}
{"id": "physics_estimate_000659", "topic": "physics_estimate", "subtopic": "fill_rate", "prompt": "A faucet fills 20 liters at about 7 liters per minute. About how many minutes does it take?", "split": "test", "exact_value": 2.857142857142857}
{"id": "physics_estimate_000660", "topic": "physics_estimate", "subtopic": "fill_rate", "prompt": "A faucet fills 50 liters at about 5 liters per minute. About how many minutes does it take?", "split": "test", "exact_value": 10.0}
{"id": "physics_estimate_000661", "topic": "physics_estimate", "subtopic": "fill_rate", "prompt": "A faucet fills 15 liters at about 5 liters per minute. About how many minutes does it take?", "split": "test", "exact_value": 3.0}
{"id": "physics_estimate_000662", "topic": "physics_estimate", "subtopic": "fill_rate", "prompt": "A faucet fills 50 liters at about 7 liters per minute. About how many minutes does it take?", "split": "test", "exact_value": 7.142857142857143}
{"id": "physics_estimate_000663", "topic": "physics_estimate", "subtopic": "fill_rate", "prompt": "A faucet fills 30 liters at about 8 liters per minute. About how many minutes does it take?", "split": "test", "exact_value": 3.75}
{"id": "physics_estimate_000664", "topic": "physics_estimate", "subtopic": "fill_rate", "prompt": "A faucet fills 10 liters at about 4 liters per minute. About how many minutes does it take?", "split": "test", "exact_value": 2.5}
{"id": "physics_estimate_000665", "topic": "physics_estimate", "subtopic": "fill_rate", "prompt": "A faucet fills 10 liters at about 7 liters per minute. About how many minutes does it take?", "split": "test", "exact_value": 1.4285714285714286}
{"id": "physics_estimate_000666", "topic": "physics_estimate", "subtopic": "fill_rate", "prompt": "A faucet fills 40 liters at about 6 liters per minute. About how many minutes does it take?", "split": "test", "exact_value": 6.666666666666667}
{"id": "physics_estimate_000667", "topic": "physics_estimate", "subtopic": "fill_rate", "prompt": "A faucet fills 10 liters at about 5 liters per minute. About how many minutes does it take?", "split": "test", "exact_value": 2.0}
{"id": "physics_estimate_000668", "topic": "physics_estimate", "subtopic": "fill_rate", "prompt": "A faucet fills 20 liters at about 8 liters per minute. About how many minutes does it take?", "split": "test", "exact_value": 2.5}
{"id": "physics_estimate_000669", "topic": "physics_estimate", "subtopic": "fill_rate", "prompt": "A faucet fills 50 liters at about 5 liters per minute. About how many minutes does it take?", "split": "test", "exact_value": 10.0}
{"id": "physics_estimate_000670", "topic": "physics_estimate", "subtopic": "fill_rate", "prompt": "A faucet fills 50 liters at about 7 liters per minute. About how many minutes does it take?", "split": "test", "exact_value": 7.142857142857143}
{"id": "physics_estimate_000671", "topic": "physics_estimate", "subtopic": "fill_rate", "prompt": "A faucet fills 15 liters at about 8 liters per minute. About how many minutes does it take?", "split": "test", "exact_value": 1.875}
{"id": "physics_estimate_000672", "topic": "physics_estimate", "subtopic": "fill_rate", "prompt": "A faucet fills 10 liters at about 7 liters per minute. About how many minutes does it take?", "split": "test", "exact_value": 1.4285714285714286}
{"id": "physics_estimate_000673", "topic": "physics_estimate", "subtopic": "fill_rate", "prompt": "A faucet fills 40 liters at about 6 liters per minute. About how many minutes does it take?", "split": "test", "exact_value": 6.666666666666667}
{"id": "physics_estimate_000674", "topic": "physics_estimate", "subtopic": "fill_rate", "prompt": "A faucet fills 15 liters at about 5 liters per minute. About how many minutes does it take?", "split": "test", "exact_value": 3.0}
{"id": "physics_estimate_000675", "topic": "physics_estimate", "subtopic": "fill_rate", "prompt": "A faucet fills 15 liters at about 8 liters per minute. About how many minutes does it take?", "split": "test", "exact_value": 1.875}
{"id": "physics_estimate_000676", "topic": "physics_estimate", "subtopic": "fill_rate", "prompt": "A faucet fills 15 liters at about 6 liters per minute. About how many minutes does it take?", "split": "test", "exact_value": 2.5}
{"id": "physics_estimate_000677", "topic": "physics_estimate", "subtopic": "fill_rate", "prompt": "A faucet fills 15 liters at about 8 liters per minute. About how many minutes does it take?", "split": "test", "exact_value": 1.875}
{"id": "physics_estimate_000678", "topic": "physics_estimate", "subtopic": "fill_rate", "prompt": "A faucet fills 20 liters at about 4 liters per minute. About how many minutes does it take?", "split": "test", "exact_value": 5.0}
{"id": "physics_estimate_000679", "topic": "physics_estimate", "subtopic": "fill_rate", "prompt": "A faucet fills 40 liters at about 7 liters per minute. About how many minutes does it take?", "split": "test", "exact_value": 5.714285714285714}
{"id": "physics_estimate_000680", "topic": "physics_estimate", "subtopic": "fill_rate", "prompt": "A faucet fills 20 liters at about 7 liters per minute. About how many minutes does it take?", "split": "test", "exact_value": 2.857142857142857}
{"id": "physics_estimate_000681", "topic": "physics_estimate", "subtopic": "fill_rate", "prompt": "A faucet fills 30 liters at about 4 liters per minute. About how many minutes does it take?", "split": "test", "exact_value": 7.5}
{"id": "physics_estimate_000682", "topic": "physics_estimate", "subtopic": "fill_rate", "prompt": "A faucet fills 30 liters at about 7 liters per minute. About how many minutes does it take?", "split": "test", "exact_value": 4.285714285714286}
{"id": "physics_estimate_000683", "topic": "physics_estimate", "subtopic": "fill_rate", "prompt": "A faucet fills 20 liters at about 7 liters per minute. About how many minutes does it take?", "split": "test", "exact_value": 2.857142857142857}
{"id": "physics_estimate_000684", "topic": "physics_estimate", "subtopic": "fill_rate", "prompt": "A faucet fills 15 liters at about 5 liters per minute. About how many minutes does it take?", "split": "test", "exact_value": 3.0}
{"id": "physics_estimate_000685", "topic": "physics_estimate", "subtopic": "fill_rate", "prompt": "A faucet fills 50 liters at about 6 liters per minute. About how many minutes does it take?", "split": "test", "exact_value": 8.333333333333334}
{"id": "physics_estimate_000686", "topic": "physics_estimate", "subtopic": "fill_rate", "prompt": "A faucet fills 20 liters at about 8 liters per minute. About how many minutes does it take?", "split": "test", "exact_value": 2.5}
{"id": "physics_estimate_000687", "topic": "physics_estimate", "subtopic": "fill_rate", "prompt": "A faucet fills 40 liters at about 5 liters per minute. About how many minutes does it take?", "split": "test", "exact_value": 8.0}
{"id": "physics_estimate_000688", "topic": "physics_estimate", "subtopic": "fill_rate", "prompt": "A faucet fills 30 liters at about 7 liters per minute. About how many minutes does it take?", "split": "test", "exact_value": 4.285714285714286}
{"id": "physics_estimate_000689", "topic": "physics_estimate", "subtopic": "fill_rate", "prompt": "A faucet fills 10 liters at about 7 liters per minute. About how many minutes does it take?", "split": "test", "exact_value": 1.4285714285714286}
{"id": "physics_estimate_000690", "topic": "physics_estimate", "subtopic": "fill_rate", "prompt": "A faucet fills 40 liters at about 8 liters per minute. About how many minutes does it take?", "split": "test", "exact_value": 5.0}
{"id": "physics_estimate_000691", "topic": "physics_estimate", "subtopic": "fill_rate", "prompt": "A faucet fills 15 liters at about 5 liters per minute. About how many minutes does it take?", "split": "test", "exact_value": 3.0}
{"id": "physics_estimate_000692", "topic": "physics_estimate", "subtopic": "fill_rate", "prompt": "A faucet fills 50 liters at about 6 liters per minute. About how many minutes does it take?", "split": "test", "exact_value": 8.333333333333334}
{"id": "physics_estimate_000693", "topic": "physics_estimate", "subtopic": "fill_rate", "prompt": "A faucet fills 10 liters at about 8 liters per minute. About how many minutes does it take?", "split": "test", "exact_value": 1.25}
{"id": "physics_estimate_000694", "topic": "physics_estimate", "subtopic": "fill_rate", "prompt": "A faucet fills 15 liters at about 5 liters per minute. About how many minutes does it take?", "split": "test", "exact_value": 3.0}
{"id": "physics_estimate_000695", "topic": "physics_estimate", "subtopic": "fill_rate", "prompt": "A faucet fills 30 liters at about 8 liters per minute. About how many minutes does it take?", "split": "test", "exact_value": 3.75}
{"id": "physics_estimate_000696", "topic": "physics_estimate", "subtopic": "fill_rate", "prompt": "A faucet fills 15 liters at about 7 liters per minute. About how many minutes does it take?", "split": "test", "exact_value": 2.142857142857143}
{"id": "physics_estimate_000697", "topic": "physics_estimate", "subtopic": "fill_rate", "prompt": "A faucet fills 50 liters at about 4 liters per minute. About how many minutes does it take?", "split": "test", "exact_value": 12.5}
{"id": "physics_estimate_000698", "topic": "physics_estimate", "subtopic": "fill_rate", "prompt": "A faucet fills 20 liters at about 8 liters per minute. About how many minutes does it take?", "split": "test", "exact_value": 2.5}
{"id": "physics_estimate_000699", "topic": "physics_estimate", "subtopic": "fill_rate", "prompt": "A faucet fills 15 liters at about 7 liters per minute. About how many minutes does it take?", "split": "test", "exact_value": 2.142857142857143}
{"id": "physics_estimate_000700", "topic": "physics_estimate", "subtopic": "fill_rate", "prompt": "A faucet fills 30 liters at about 8 liters per minute. About how many minutes does it take?", "split": "test", "exact_value": 3.75}
{"id": "physics_estimate_000701", "topic": "physics_estimate", "subtopic": "fill_rate", "prompt": "A faucet fills 30 liters at about 7 liters per minute. About how many minutes does it take?", "split": "test", "exact_value": 4.285714285714286}
{"id": "physics_estimate_000702", "topic": "physics_estimate", "subtopic": "fill_rate", "prompt": "A faucet fills 50 liters at about 8 liters per minute. About how many minutes does it take?", "split": "test", "exact_value": 6.25}
{"id": "physics_estimate_000703", "topic": "physics_estimate", "subtopic": "fill_rate", "prompt": "A faucet fills 10 liters at about 8 liters per minute. About how many minutes does it take?", "split": "test", "exact_value": 1.25}
{"id": "physics_estimate_000704", "topic": "physics_estimate", "subtopic": "fill_rate", "prompt": "A faucet fills 10 liters at about 7 liters per minute. About how many minutes does it take?", "split": "test", "exact_value": 1.4285714285714286}
{"id": "physics_estimate_000705", "topic": "physics_estimate", "subtopic": "fill_rate", "prompt": "A faucet fills 40 liters at about 6 liters per minute. About how many minutes does it take?", "split": "test", "exact_value": 6.666666666666667}
{"id": "physics_estimate_000706", "topic": "physics_estimate", "subtopic": "fill_rate", "prompt": "A faucet fills 30 liters at about 6 liters per minute. About how many minutes does it take?", "split": "test", "exact_value": 5.0}
{"id": "physics_estimate_000707", "topic": "physics_estimate", "subtopic": "fill_rate", "prompt": "A faucet fills 15 liters at about 4 liters per minute. About how many minutes does it take?", "split": "test", "exact_value": 3.75}
{"id": "physics_estimate_000708", "topic": "physics_estimate", "subtopic": "fill_rate", "prompt": "A faucet fills 10 liters at about 4 liters per minute. About how many minutes does it take?", "split": "test", "exact_value": 2.5}
{"id": "physics_estimate_000709", "topic": "physics_estimate", "subtopic": "fill_rate", "prompt": "A faucet fills 15 liters at about 5 liters per minute. About how many minutes does it take?", "split": "test", "exact_value": 3.0}
{"id": "physics_estimate_000710", "topic": "physics_estimate", "subtopic": "fill_rate", "prompt": "A faucet fills 30 liters at about 6 liters per minute. About how many minutes does it take?", "split": "test", "exact_value": 5.0}
{"id": "physics_estimate_000711", "topic": "physics_estimate", "subtopic": "fill_rate", "prompt": "A faucet fills 10 liters at about 8 liters per minute. About how many minutes does it take?", "split": "test", "exact_value": 1.25}
{"id": "physics_estimate_000712", "topic": "physics_estimate", "subtopic": "fill_rate", "prompt": "A faucet fills 15 liters at about 7 liters per minute. About how many minutes does it take?", "split": "test", "exact_value": 2.142857142857143}
{"id": "physics_estimate_000713", "topic": "physics_estimate", "subtopic": "fill_rate", "prompt": "A faucet fills 50 liters at about 4 liters per minute. About how many minutes does it take?", "split": "test", "exact_value": 12.5}
{"id": "physics_estimate_000714", "topic": "physics_estimate", "subtopic": "fill_rate", "prompt": "A faucet fills 20 liters at about 7 liters per minute. About how many minutes does it take?", "split": "test", "exact_value": 2.857142857142857}
{"id": "physics_estimate_000715", "topic": "physics_estimate", "subtopic": "fill_rate", "prompt": "A faucet fills 10 liters at about 8 liters per minute. About how many minutes does it take?", "split": "test", "exact_value": 1.25}
{"id": "physics_estimate_000716", "topic": "physics_estimate", "subtopic": "fill_rate", "prompt": "A faucet fills 15 liters at about 8 liters per minute. About how many minutes does it take?", "split": "test", "exact_value": 1.875}
{"id": "physics_estimate_000717", "topic": "physics_estimate", "subtopic": "fill_rate", "prompt": "A faucet fills 10 liters at about 5 liters per minute. About how many minutes does it take?", "split": "test", "exact_value": 2.0}
{"id": "physics_estimate_000718", "topic": "physics_estimate", "subtopic": "fill_rate", "prompt": "A faucet fills 15 liters at about 7 liters per minute. About how many minutes does it take?", "split": "test", "exact_value": 2.142857142857143}
{"id": "physics_estimate_000719", "topic": "physics_estimate", "subtopic": "fill_rate", "prompt": "A faucet fills 10 liters at about 6 liters per minute. About how many minutes does it take?", "split": "test", "exact_value": 1.6666666666666667}
{"id": "physics_estimate_000720", "topic": "physics_estimate", "subtopic": "fill_rate", "prompt": "A faucet fills 15 liters at about 4 liters per minute. About how many minutes does it take?", "split": "test", "exact_value": 3.75}
{"id": "physics_estimate_000721", "topic": "physics_estimate", "subtopic": "fill_rate", "prompt": "A faucet fills 15 liters at about 7 liters per minute. About how many minutes does it take?", "split": "test", "exact_value": 2.142857142857143}
{"id": "physics_estimate_000722", "topic": "physics_estimate", "subtopic": "fill_rate", "prompt": "A faucet fills 20 liters at about 7 liters per minute. About how many minutes does it take?", "split": "test", "exact_value": 2.857142857142857}
{"id": "physics_estimate_000723", "topic": "physics_estimate", "subtopic": "fill_rate", "prompt": "A faucet fills 15 liters at about 7 liters per minute. About how many minutes does it take?", "split": "test", "exact_value": 2.142857142857143}
{"id": "physics_estimate_000724", "topic": "physics_estimate", "subtopic": "fill_rate", "prompt": "A faucet fills 40 liters at about 5 liters per minute. About how many minutes does it take?", "split": "test", "exact_value": 8.0}
{"id": "physics_estimate_000725", "topic": "physics_estimate", "subtopic": "fill_rate", "prompt": "A faucet fills 40 liters at about 5 liters per minute. About how many minutes does it take?", "split": "test", "exact_value": 8.0}
{"id": "physics_estimate_000726", "topic": "physics_estimate", "subtopic": "fill_rate", "prompt": "A faucet fills 50 liters at about 5 liters per minute. About how many minutes does it take?", "split": "test", "exact_value": 10.0}
{"id": "physics_estimate_000727", "topic": "physics_estimate", "subtopic": "fill_rate", "prompt": "A faucet fills 50 liters at about 7 liters per minute. About how many minutes does it take?", "split": "test", "exact_value": 7.142857142857143}
{"id": "physics_estimate_000728", "topic": "physics_estimate", "subtopic": "fill_rate", "prompt": "A faucet fills 50 liters at about 8 liters per minute. About how many minutes does it take?", "split": "test", "exact_value": 6.25}
{"id": "physics_estimate_000729", "topic": "physics_estimate", "subtopic": "fill_rate", "prompt": "A faucet fills 40 liters at about 6 liters per minute. About how many minutes does it take?", "split": "test", "exact_value": 6.666666666666667}
{"id": "physics_estimate_000730", "topic": "physics_estimate", "subtopic": "fill_rate", "prompt": "A faucet fills 40 liters at about 6 liters per minute. About how many minutes does it take?", "split": "test", "exact_value": 6.666666666666667}
{"id": "physics_estimate_000731", "topic": "physics_estimate", "subtopic": "fill_rate", "prompt": "A faucet fills 20 liters at about 5 liters per minute. About how many minutes does it take?", "split": "test", "exact_value": 4.0}
{"id": "physics_estimate_000732", "topic": "physics_estimate", "subtopic": "fill_rate", "prompt": "A faucet fills 30 liters at about 7 liters per minute. About how many minutes does it take?", "split": "test", "exact_value": 4.285714285714286}
{"id": "physics_estimate_000733", "topic": "physics_estimate", "subtopic": "fill_rate", "prompt": "A faucet fills 50 liters at about 5 liters per minute. About how many minutes does it take?", "split": "test", "exact_value": 10.0}
{"id": "physics_estimate_000734", "topic": "physics_estimate", "subtopic": "fill_rate", "prompt": "A faucet fills 40 liters at about 5 liters per minute. About how many minutes does it take?", "split": "test", "exact_value": 8.0}
{"id": "physics_estimate_000735", "topic": "physics_estimate", "subtopic": "fill_rate", "prompt": "A faucet fills 50 liters at about 5 liters per minute. About how many minutes does it take?", "split": "test", "exact_value": 10.0}
{"id": "physics_estimate_000736", "topic": "physics_estimate", "subtopic": "fill_rate", "prompt": "A faucet fills 30 liters at about 8 liters per minute. About how many minutes does it take?", "split": "test", "exact_value": 3.75}
{"id": "physics_estimate_000737", "topic": "physics_estimate", "subtopic": "fill_rate", "prompt": "A faucet fills 40 liters at about 5 liters per minute. About how many minutes does it take?", "split": "test", "exact_value": 8.0}
{"id": "physics_estimate_000738", "topic": "physics_estimate", "subtopic": "fill_rate", "prompt": "A faucet fills 15 liters at about 6 liters per minute. About how many minutes does it take?", "split": "test", "exact_value": 2.5}
{"id": "physics_estimate_000739", "topic": "physics_estimate", "subtopic": "fill_rate", "prompt": "A faucet fills 10 liters at about 7 liters per minute. About how many minutes does it take?", "split": "test", "exact_value": 1.4285714285714286}
{"id": "physics_estimate_000740", "topic": "physics_estimate", "subtopic": "fill_rate", "prompt": "A faucet fills 15 liters at about 8 liters per minute. About how many minutes does it take?", "split": "test", "exact_value": 1.875}
{"id": "physics_estimate_000741", "topic": "physics_estimate", "subtopic": "fill_rate", "prompt": "A faucet fills 10 liters at about 8 liters per minute. About how many minutes does it take?", "split": "test", "exact_value": 1.25}
{"id": "physics_estimate_000742", "topic": "physics_estimate", "subtopic": "fill_rate", "prompt": "A faucet fills 20 liters at about 8 liters per minute. About how many minutes does it take?", "split": "test", "exact_value": 2.5}
{"id": "physics_estimate_000743", "topic": "physics_estimate", "subtopic": "fill_rate", "prompt": "A faucet fills 40 liters at about 4 liters per minute. About how many minutes does it take?", "split": "test", "exact_value": 10.0}
{"id": "physics_estimate_000744", "topic": "physics_estimate", "subtopic": "fill_rate", "prompt": "A faucet fills 50 liters at about 7 liters per minute. About how many minutes does it take?", "split": "test", "exact_value": 7.142857142857143}
{"id": "physics_estimate_000745", "topic": "physics_estimate", "subtopic": "fill_rate", "prompt": "A faucet fills 10 liters at about 8 liters per minute. About how many minutes does it take?", "split": "test", "exact_value": 1.25}
{"id": "physics_estimate_000746", "topic": "physics_estimate", "subtopic": "fill_rate", "prompt": "A faucet fills 10 liters at about 8 liters per minute. About how many minutes does it take?", "split": "test", "exact_value": 1.25}
{"id": "physics_estimate_000747", "topic": "physics_estimate", "subtopic": "fill_rate", "prompt": "A faucet fills 40 liters at about 4 liters per minute. About how many minutes does it take?", "split": "test", "exact_value": 10.0}
{"id": "physics_estimate_000748", "topic": "physics_estimate", "subtopic": "fill_rate", "prompt": "A faucet fills 40 liters at about 8 liters per minute. About how many minutes does it take?", "split": "test", "exact_value": 5.0}
{"id": "physics_estimate_000749", "topic": "physics_estimate", "subtopic": "fill_rate", "prompt": "A faucet fills 40 liters at about 4 liters per minute. About how many minutes does it take?", "split": "test", "exact_value": 10.0}
{"id": "physics_estimate_000750", "topic": "physics_estimate", "subtopic": "fill_rate", "prompt": "A faucet fills 20 liters at about 4 liters per minute. About how many minutes does it take?", "split": "test", "exact_value": 5.0}
{"id": "physics_estimate_000751", "topic": "physics_estimate", "subtopic": "fill_rate", "prompt": "A faucet fills 40 liters at about 5 liters per minute. About how many minutes does it take?", "split": "test", "exact_value": 8.0}
{"id": "physics_estimate_000752", "topic": "physics_estimate", "subtopic": "fill_rate", "prompt": "A faucet fills 15 liters at about 7 liters per minute. About how many minutes does it take?", "split": "test", "exact_value": 2.142857142857143}
{"id": "physics_estimate_000753", "topic": "physics_estimate", "subtopic": "fill_rate", "prompt": "A faucet fills 50 liters at about 5 liters per minute. About how many minutes does it take?", "split": "test", "exact_value": 10.0}
{"id": "physics_estimate_000754", "topic": "physics_estimate", "subtopic": "fill_rate", "prompt": "A faucet fills 30 liters at about 5 liters per minute. About how many minutes does it take?", "split": "test", "exact_value": 6.0}
{"id": "physics_estimate_000755", "topic": "physics_estimate", "subtopic": "fill_rate", "prompt": "A faucet fills 20 liters at about 6 liters per minute. About how many minutes does it take?", "split": "test", "exact_value": 3.3333333333333335}
{"id": "physics_estimate_000756", "topic": "physics_estimate", "subtopic": "fill_rate", "prompt": "A faucet fills 20 liters at about 5 liters per minute. About how many minutes does it take?", "split": "test", "exact_value": 4.0}
{"id": "physics_estimate_000757", "topic": "physics_estimate", "subtopic": "fill_rate", "prompt": "A faucet fills 15 liters at about 7 liters per minute. About how many minutes does it take?", "split": "test", "exact_value": 2.142857142857143}
{"id": "physics_estimate_000758", "topic": "physics_estimate", "subtopic": "fill_rate", "prompt": "A faucet fills 20 liters at about 8 liters per minute. About how many minutes does it take?", "split": "test", "exact_value": 2.5}
{"id": "physics_estimate_000759", "topic": "physics_estimate", "subtopic": "fill_rate", "prompt": "A faucet fills 20 liters at about 5 liters per minute. About how many minutes does it take?", "split": "test", "exact_value": 4.0}
{"id": "physics_estimate_000760", "topic": "physics_estimate", "subtopic": "fill_rate", "prompt": "A faucet fills 30 liters at about 7 liters per minute. About how many minutes does it take?", "split": "test", "exact_value": 4.285714285714286}
{"id": "physics_estimate_000761", "topic": "physics_estimate", "subtopic": "fill_rate", "prompt": "A faucet fills 15 liters at about 5 liters per minute. About how many minutes does it take?", "split": "test", "exact_value": 3.0}
{"id": "physics_estimate_000762", "topic": "physics_estimate", "subtopic": "fill_rate", "prompt": "A faucet fills 50 liters at about 7 liters per minute. About how many minutes does it take?", "split": "test", "exact_value": 7.142857142857143}
{"id": "physics_estimate_000763", "topic": "physics_estimate", "subtopic": "fill_rate", "prompt": "A faucet fills 15 liters at about 5 liters per minute. About how many minutes does it take?", "split": "test", "exact_value": 3.0}
{"id": "physics_estimate_000764", "topic": "physics_estimate", "subtopic": "fill_rate", "prompt": "A faucet fills 15 liters at about 4 liters per minute. About how many minutes does it take?", "split": "test", "exact_value": 3.75}
{"id": "physics_estimate_000765", "topic": "physics_estimate", "subtopic": "fill_rate", "prompt": "A faucet fills 20 liters at about 6 liters per minute. About how many minutes does it take?", "split": "test", "exact_value": 3.3333333333333335}
{"id": "physics_estimate_000766", "topic": "physics_estimate", "subtopic": "fill_rate", "prompt": "A faucet fills 15 liters at about 5 liters per minute. About how many minutes does it take?", "split": "test", "exact_value": 3.0}
{"id": "physics_estimate_000767", "topic": "physics_estimate", "subtopic": "fill_rate", "prompt": "A faucet fills 20 liters at about 4 liters per minute. About how many minutes does it take?", "split": "test", "exact_value": 5.0}
{"id": "physics_estimate_000768", "topic": "physics_estimate", "subtopic": "fill_rate", "prompt": "A faucet fills 10 liters at about 7 liters per minute. About how many minutes does it take?", "split": "test", "exact_value": 1.4285714285714286}
{"id": "physics_estimate_000769", "topic": "physics_estimate", "subtopic": "fill_rate", "prompt": "A faucet fills 40 liters at about 8 liters per minute. About how many minutes does it take?", "split": "test", "exact_value": 5.0}
{"id": "physics_estimate_000770", "topic": "physics_estimate", "subtopic": "fill_rate", "prompt": "A faucet fills 15 liters at about 5 liters per minute. About how many minutes does it take?", "split": "test", "exact_value": 3.0}
{"id": "physics_estimate_000771", "topic": "physics_estimate", "subtopic": "fill_rate", "prompt": "A faucet fills 40 liters at about 7 liters per minute. About how many minutes does it take?", "split": "test", "exact_value": 5.714285714285714}
{"id": "physics_estimate_000772", "topic": "physics_estimate", "subtopic": "fill_rate", "prompt": "A faucet fills 20 liters at about 6 liters per minute. About how many minutes does it take?", "split": "test", "exact_value": 3.3333333333333335}
{"id": "physics_estimate_000773", "topic": "physics_estimate", "subtopic": "fill_rate", "prompt": "A faucet fills 10 liters at about 4 liters per minute. About how many minutes does it take?", "split": "test", "exact_value": 2.5}
{"id": "physics_estimate_000774", "topic": "physics_estimate", "subtopic": "fill_rate", "prompt": "A faucet fills 50 liters at about 7 liters per minute. About how many minutes does it take?", "split": "test", "exact_value": 7.142857142857143}
{"id": "physics_estimate_000775", "topic": "physics_estimate", "subtopic": "fill_rate", "prompt": "A faucet fills 20 liters at about 4 liters per minute. About how many minutes does it take?", "split": "test", "exact_value": 5.0}
{"id": "physics_estimate_000776", "topic": "physics_estimate", "subtopic": "fill_rate", "prompt": "A faucet fills 30 liters at about 4 liters per minute. About how many minutes does it take?", "split": "test", "exact_value": 7.5}
{"id": "physics_estimate_000777", "topic": "physics_estimate", "subtopic": "fill_rate", "prompt": "A faucet fills 40 liters at about 7 liters per minute. About how many minutes does it take?", "split": "test", "exact_value": 5.714285714285714}
{"id": "physics_estimate_000778", "topic": "physics_estimate", "subtopic": "fill_rate", "prompt": "A faucet fills 15 liters at about 6 liters per minute. About how many minutes does it take?", "split": "test", "exact_value": 2.5}
{"id": "physics_estimate_000779", "topic": "physics_estimate", "subtopic": "fill_rate", "prompt": "A faucet fills 40 liters at about 6 liters per minute. About how many minutes does it take?", "split": "test", "exact_value": 6.666666666666667}
{"id": "physics_estimate_000780", "topic": "physics_estimate", "subtopic": "fill_rate", "prompt": "A faucet fills 10 liters at about 5 liters per minute. About how many minutes does it take?", "split": "test", "exact_value": 2.0}
{"id": "physics_estimate_000781", "topic": "physics_estimate", "subtopic": "fill_rate", "prompt": "A faucet fills 15 liters at about 8 liters per minute. About how many minutes does it take?", "split": "test", "exact_value": 1.875}
{"id": "physics_estimate_000782", "topic": "physics_estimate", "subtopic": "fill_rate", "prompt": "A faucet fills 30 liters at about 7 liters per minute. About how many minutes does it take?", "split": "test", "exact_value": 4.285714285714286}
{"id": "physics_estimate_000783", "topic": "physics_estimate", "subtopic": "fill_rate", "prompt": "A faucet fills 50 liters at about 4 liters per minute. About how many minutes does it take?", "split": "test", "exact_value": 12.5}
{"id": "physics_estimate_000784", "topic": "physics_estimate", "subtopic": "fill_rate", "prompt": "A faucet fills 50 liters at about 6 liters per minute. About how many minutes does it take?", "split": "test", "exact_value": 8.333333333333334}
{"id": "physics_estimate_000785", "topic": "physics_estimate", "subtopic": "fill_rate", "prompt": "A faucet fills 30 liters at about 6 liters per minute. About how many minutes does it take?", "split": "test", "exact_value": 5.0}
{"id": "physics_estimate_000786", "topic": "physics_estimate", "subtopic": "fill_rate", "prompt": "A faucet fills 15 liters at about 8 liters per minute. About how many minutes does it take?", "split": "test", "exact_value": 1.875}
{"id": "physics_estimate_000787", "topic": "physics_estimate", "subtopic": "fill_rate", "prompt": "A faucet fills 30 liters at about 7 liters per minute. About how many minutes does it take?", "split": "test", "exact_value": 4.285714285714286}
{"id": "physics_estimate_000788", "topic": "physics_estimate", "subtopic": "fill_rate", "prompt": "A faucet fills 50 liters at about 6 liters per minute. About how many minutes does it take?", "split": "test", "exact_value": 8.333333333333334}
{"id": "physics_estimate_000789", "topic": "physics_estimate", "subtopic": "fill_rate", "prompt": "A faucet fills 30 liters at about 4 liters per minute. About how many minutes does it take?", "split": "test", "exact_value": 7.5}
{"id": "physics_estimate_000790", "topic": "physics_estimate", "subtopic": "fill_rate", "prompt": "A faucet fills 50 liters at about 4 liters per minute. About how many minutes does it take?", "split": "test", "exact_value": 12.5}
{"id": "physics_estimate_000791", "topic": "physics_estimate", "subtopic": "fill_rate", "prompt": "A faucet fills 40 liters at about 4 liters per minute. About how many minutes does it take?", "split": "test", "exact_value": 10.0}
{"id": "physics_estimate_000792", "topic": "physics_estimate", "subtopic": "fill_rate", "prompt": "A faucet fills 15 liters at about 5 liters per minute. About how many minutes does it take?", "split": "test", "exact_value": 3.0}
{"id": "physics_estimate_000793", "topic": "physics_estimate", "subtopic": "fill_rate", "prompt": "A faucet fills 50 liters at about 4 liters per minute. About how many minutes does it take?", "split": "test", "exact_value": 12.5}
{"id": "physics_estimate_000794", "topic": "physics_estimate", "subtopic": "fill_rate", "prompt": "A faucet fills 30 liters at about 5 liters per minute. About how many minutes does it take?", "split": "test", "exact_value": 6.0}
{"id": "physics_estimate_000795", "topic": "physics_estimate", "subtopic": "fill_rate", "prompt": "A faucet fills 15 liters at about 8 liters per minute. About how many minutes does it take?", "split": "test", "exact_value": 1.875}
{"id": "physics_estimate_000796", "topic": "physics_estimate", "subtopic": "fill_rate", "prompt": "A faucet fills 10 liters at about 8 liters per minute. About how many minutes does it take?", "split": "test", "exact_value": 1.25}
{"id": "physics_estimate_000797", "topic": "physics_estimate", "subtopic": "fill_rate", "prompt": "A faucet fills 50 liters at about 4 liters per minute. About how many minutes does it take?", "split": "test", "exact_value": 12.5}
{"id": "physics_estimate_000798", "topic": "physics_estimate", "subtopic": "fill_rate", "prompt": "A faucet fills 40 liters at about 6 liters per minute. About how many minutes does it take?", "split": "test", "exact_value": 6.666666666666667}
{"id": "physics_estimate_000799", "topic": "physics_estimate", "subtopic": "fill_rate", "prompt": "A faucet fills 30 liters at about 6 liters per minute. About how many minutes does it take?", "split": "test", "exact_value": 5.0}
{"id": "physics_estimate_000800", "topic": "physics_estimate", "subtopic": "fill_rate", "prompt": "A faucet fills 20 liters at about 4 liters per minute. About how many minutes does it take?", "split": "test", "exact_value": 5.0}
{"id": "physics_estimate_000801", "topic": "physics_estimate", "subtopic": "fill_rate", "prompt": "A faucet fills 30 liters at about 5 liters per minute. About how many minutes does it take?", "split": "test", "exact_value": 6.0}
{"id": "physics_estimate_000802", "topic": "physics_estimate", "subtopic": "fill_rate", "prompt": "A faucet fills 30 liters at about 8 liters per minute. About how many minutes does it take?", "split": "test", "exact_value": 3.75}
{"id": "physics_estimate_000803", "topic": "physics_estimate", "subtopic": "fill_rate", "prompt": "A faucet fills 50 liters at about 8 liters per minute. About how many minutes does it take?", "split": "test", "exact_value": 6.25}
{"id": "physics_estimate_000804", "topic": "physics_estimate", "subtopic": "fill_rate", "prompt": "A faucet fills 20 liters at about 4 liters per minute. About how many minutes does it take?", "split": "test", "exact_value": 5.0}
{"id": "physics_estimate_000805", "topic": "physics_estimate", "subtopic": "fill_rate", "prompt": "A faucet fills 30 liters at about 7 liters per minute. About how many minutes does it take?", "split": "test", "exact_value": 4.285714285714286}
{"id": "physics_estimate_000806", "topic": "physics_estimate", "subtopic": "fill_rate", "prompt": "A faucet fills 50 liters at about 7 liters per minute. About how many minutes does it take?", "split": "test", "exact_value": 7.142857142857143}
{"id": "physics_estimate_000807", "topic": "physics_estimate", "subtopic": "fill_rate", "prompt": "A faucet fills 50 liters at about 6 liters per minute. About how many minutes does it take?", "split": "test", "exact_value": 8.333333333333334}
{"id": "physics_estimate_000808", "topic": "physics_estimate", "subtopic": "fill_rate", "prompt": "A faucet fills 20 liters at about 8 liters per minute. About how many minutes does it take?", "split": "test", "exact_value": 2.5}
{"id": "physics_estimate_000809", "topic": "physics_estimate", "subtopic": "fill_rate", "prompt": "A faucet fills 40 liters at about 8 liters per minute. About how many minutes does it take?", "split": "test", "exact_value": 5.0}
{"id": "physics_estimate_000810", "topic": "physics_estimate", "subtopic": "fill_rate", "prompt": "A faucet fills 10 liters at about 8 liters per minute. About how many minutes does it take?", "split": "test", "exact_value": 1.25}
{"id": "physics_estimate_000811", "topic": "physics_estimate", "subtopic": "fill_rate", "prompt": "A faucet fills 30 liters at about 7 liters per minute. About how many minutes does it take?", "split": "test", "exact_value": 4.285714285714286}
{"id": "physics_estimate_000812", "topic": "physics_estimate", "subtopic": "fill_rate", "prompt": "A faucet fills 40 liters at about 7 liters per minute. About how many minutes does it take?", "split": "test", "exact_value": 5.714285714285714}
{"id": "physics_estimate_000813", "topic": "physics_estimate", "subtopic": "fill_rate", "prompt": "A faucet fills 30 liters at about 4 liters per minute. About how many minutes does it take?", "split": "test", "exact_value": 7.5}
{"id": "physics_estimate_000814", "topic": "physics_estimate", "subtopic": "fill_rate", "prompt": "A faucet fills 50 liters at about 5 liters per minute. About how many minutes does it take?", "split": "test", "exact_value": 10.0}
{"id": "physics_estimate_000815", "topic": "physics_estimate", "subtopic": "fill_rate", "prompt": "A faucet fills 15 liters at about 5 liters per minute. About how many minutes does it take?", "split": "test", "exact_value": 3.0}
{"id": "physics_estimate_000816", "topic": "physics_estimate", "subtopic": "fill_rate", "prompt": "A faucet fills 30 liters at about 6 liters per minute. About how many minutes does it take?", "split": "test", "exact_value": 5.0}
{"id": "physics_estimate_000817", "topic": "physics_estimate", "subtopic": "fill_rate", "prompt": "A faucet fills 20 liters at about 8 liters per minute. About how many minutes does it take?", "split": "test", "exact_value": 2.5}
{"id": "physics_estimate_000818", "topic": "physics_estimate", "subtopic": "fill_rate", "prompt": "A faucet fills 50 liters at about 8 liters per minute. About how many minutes does it take?", "split": "test", "exact_value": 6.25}
{"id": "physics_estimate_000819", "topic": "physics_estimate", "subtopic": "fill_rate", "prompt": "A faucet fills 20 liters at about 4 liters per minute. About how many minutes does it take?", "split": "test", "exact_value": 5.0}
{"id": "physics_estimate_000820", "topic": "physics_estimate", "subtopic": "fill_rate", "prompt": "A faucet fills 20 liters at about 5 liters per minute. About how many minutes does it take?", "split": "test", "exact_value": 4.0}
{"id": "physics_estimate_000821", "topic": "physics_estimate", "subtopic": "fill_rate", "prompt": "A faucet fills 30 liters at about 4 liters per minute. About how many minutes does it take?", "split": "test", "exact_value": 7.5}
{"id": "physics_estimate_000822", "topic": "physics_estimate", "subtopic": "fill_rate", "prompt": "A faucet fills 50 liters at about 6 liters per minute. About how many minutes does it take?", "split": "test", "exact_value": 8.333333333333334}
{"id": "physics_estimate_000823", "topic": "physics_estimate", "subtopic": "fill_rate", "prompt": "A faucet fills 15 liters at about 6 liters per minute. About how many minutes does it take?", "split": "test", "exact_value": 2.5}
{"id": "physics_estimate_000824", "topic": "physics_estimate", "subtopic": "fill_rate", "prompt": "A faucet fills 15 liters at about 6 liters per minute. About how many minutes does it take?", "split": "test", "exact_value": 2.5}
{"id": "physics_estimate_000825", "topic": "physics_estimate", "subtopic": "fill_rate", "prompt": "A faucet fills 40 liters at about 4 liters per minute. About how many minutes does it take?", "split": "test", "exact_value": 10.0}
{"id": "physics_estimate_000826", "topic": "physics_estimate", "subtopic": "fill_rate", "prompt": "A faucet fills 30 liters at about 5 liters per minute. About how many minutes does it take?", "split": "test", "exact_value": 6.0}
{"id": "physics_estimate_000827", "topic": "physics_estimate", "subtopic": "fill_rate", "prompt": "A faucet fills 30 liters at about 5 liters per minute. About how many minutes does it take?", "split": "test", "exact_value": 6.0}
{"id": "physics_estimate_000828", "topic": "physics_estimate", "subtopic": "fill_rate", "prompt": "A faucet fills 10 liters at about 7 liters per minute. About how many minutes does it take?", "split": "test", "exact_value": 1.4285714285714286}
{"id": "physics_estimate_000829", "topic": "physics_estimate", "subtopic": "fill_rate", "prompt": "A faucet fills 30 liters at about 7 liters per minute. About how many minutes does it take?", "split": "test", "exact_value": 4.285714285714286}
{"id": "physics_estimate_000830", "topic": "physics_estimate", "subtopic": "fill_rate", "prompt": "A faucet fills 20 liters at about 6 liters per minute. About how many minutes does it take?", "split": "test", "exact_value": 3.3333333333333335}
{"id": "physics_estimate_000831", "topic": "physics_estimate", "subtopic": "fill_rate", "prompt": "A faucet fills 15 liters at about 5 liters per minute. About how many minutes does it take?", "split": "test", "exact_value": 3.0}
{"id": "physics_estimate_000832", "topic": "physics_estimate", "subtopic": "fill_rate", "prompt": "A faucet fills 15 liters at about 4 liters per minute. About how many minutes does it take?", "split": "test", "exact_value": 3.75}
{"id": "physics_estimate_000833", "topic": "physics_estimate", "subtopic": "fill_rate", "prompt": "A faucet fills 15 liters at about 6 liters per minute. About how many minutes does it take?", "split": "test", "exact_value": 2.5}
{"id": "physics_estimate_000834", "topic": "physics_estimate", "subtopic": "fill_rate", "prompt": "A faucet fills 15 liters at about 4 liters per minute. About how many minutes does it take?", "split": "test", "exact_value": 3.75}
{"id": "physics_estimate_000835", "topic": "physics_estimate", "subtopic": "fill_rate", "prompt": "A faucet fills 50 liters at about 8 liters per minute. About how many minutes does it take?", "split": "test", "exact_value": 6.25}
{"id": "physics_estimate_000836", "topic": "physics_estimate", "subtopic": "fill_rate", "prompt": "A faucet fills 30 liters at about 5 liters per minute. About how many minutes does it take?", "split": "test", "exact_value": 6.0}
{"id": "physics_estimate_000837", "topic": "physics_estimate", "subtopic": "fill_rate", "prompt": "A faucet fills 40 liters at about 4 liters per minute. About how many minutes does it take?", "split": "test", "exact_value": 10.0}
{"id": "physics_estimate_000838", "topic": "physics_estimate", "subtopic": "fill_rate", "prompt": "A faucet fills 50 liters at about 8 liters per minute. About how many minutes does it take?", "split": "test", "exact_value": 6.25}
{"id": "physics_estimate_000839", "topic": "physics_estimate", "subtopic": "fill_rate", "prompt": "A faucet fills 10 liters at about 5 liters per minute. About how many minutes does it take?", "split": "test", "exact_value": 2.0}
{"id": "physics_estimate_000840", "topic": "physics_estimate", "subtopic": "fill_rate", "prompt": "A faucet fills 20 liters at about 7 liters per minute. About how many minutes does it take?", "split": "test", "exact_value": 2.857142857142857}
{"id": "physics_estimate_000841", "topic": "physics_estimate", "subtopic": "fill_rate", "prompt": "A faucet fills 15 liters at about 4 liters per minute. About how many minutes does it take?", "split": "test", "exact_value": 3.75}
{"id": "physics_estimate_000842", "topic": "physics_estimate", "subtopic": "fill_rate", "prompt": "A faucet fills 30 liters at about 6 liters per minute. About how many minutes does it take?", "split": "test", "exact_value": 5.0}
{"id": "physics_estimate_000843", "topic": "physics_estimate", "subtopic": "fill_rate", "prompt": "A faucet fills 10 liters at about 4 liters per minute. About how many minutes does it take?", "split": "test", "exact_value": 2.5}
{"id": "physics_estimate_000844", "topic": "physics_estimate", "subtopic": "fill_rate", "prompt": "A faucet fills 50 liters at about 5 liters per minute. About how many minutes does it take?", "split": "test", "exact_value": 10.0}
{"id": "physics_estimate_000845", "topic": "physics_estimate", "subtopic": "fill_rate", "prompt": "A faucet fills 40 liters at about 6 liters per minute. About how many minutes does it take?", "split": "test", "exact_value": 6.666666666666667}
{"id": "physics_estimate_000846", "topic": "physics_estimate", "subtopic": "fill_rate", "prompt": "A faucet fills 40 liters at about 5 liters per minute. About how many minutes does it take?", "split": "test", "exact_value": 8.0}
{"id": "physics_estimate_000847", "topic": "physics_estimate", "subtopic": "fill_rate", "prompt": "A faucet fills 50 liters at about 8 liters per minute. About how many minutes does it take?", "split": "test", "exact_value": 6.25}
{"id": "physics_estimate_000848", "topic": "physics_estimate", "subtopic": "fill_rate", "prompt": "A faucet fills 20 liters at about 4 liters per minute. About how many minutes does it take?", "split": "test", "exact_value": 5.0}
{"id": "physics_estimate_000849", "topic": "physics_estimate", "subtopic": "fill_rate", "prompt": "A faucet fills 40 liters at about 5 liters per minute. About how many minutes does it take?", "split": "test", "exact_value": 8.0}
{"id": "physics_estimate_000850", "topic": "physics_estimate", "subtopic": "fill_rate", "prompt": "A faucet fills 15 liters at about 5 liters per minute. About how many minutes does it take?", "split": "test", "exact_value": 3.0}
{"id": "physics_estimate_000851", "topic": "physics_estimate", "subtopic": "fill_rate", "prompt": "A faucet fills 30 liters at about 4 liters per minute. About how many minutes does it take?", "split": "test", "exact_value": 7.5}
{"id": "physics_estimate_000852", "topic": "physics_estimate", "subtopic": "fill_rate", "prompt": "A faucet fills 10 liters at about 6 liters per minute. About how many minutes does it take?", "split": "test", "exact_value": 1.6666666666666667}
{"id": "physics_estimate_000853", "topic": "physics_estimate", "subtopic": "fill_rate", "prompt": "A faucet fills 20 liters at about 5 liters per minute. About how many minutes does it take?", "split": "test", "exact_value": 4.0}
{"id": "physics_estimate_000854", "topic": "physics_estimate", "subtopic": "fill_rate", "prompt": "A faucet fills 50 liters at about 6 liters per minute. About how many minutes does it take?", "split": "test", "exact_value": 8.333333333333334}
{"id": "physics_estimate_000855", "topic": "physics_estimate", "subtopic": "fill_rate", "prompt": "A faucet fills 10 liters at about 5 liters per minute. About how many minutes does it take?", "split": "test", "exact_value": 2.0}
{"id": "physics_estimate_000856", "topic": "physics_estimate", "subtopic": "fill_rate", "prompt": "A faucet fills 20 liters at about 7 liters per minute. About how many minutes does it take?", "split": "test", "exact_value": 2.857142857142857}
{"id": "physics_estimate_000857", "topic": "physics_estimate", "subtopic": "fill_rate", "prompt": "A faucet fills 50 liters at about 5 liters per minute. About how many minutes does it take?", "split": "test", "exact_value": 10.0}
{"id": "physics_estimate_000858", "topic": "physics_estimate", "subtopic": "fill_rate", "prompt": "A faucet fills 50 liters at about 6 liters per minute. About how many minutes does it take?", "split": "test", "exact_value": 8.333333333333334}
{"id": "physics_estimate_000859", "topic": "physics_estimate", "subtopic": "fill_rate", "prompt": "A faucet fills 15 liters at about 4 liters per minute. About how many minutes does it take?", "split": "test", "exact_value": 3.75}
{"id": "physics_estimate_000860", "topic": "physics_estimate", "subtopic": "fill_rate", "prompt": "A faucet fills 50 liters at about 7 liters per minute. About how many minutes does it take?", "split": "test", "exact_value": 7.142857142857143}
{"id": "physics_estimate_000861", "topic": "physics_estimate", "subtopic": "fill_rate", "prompt": "A faucet fills 10 liters at about 8 liters per minute. About how many minutes does it take?", "split": "test", "exact_value": 1.25}
{"id": "physics_estimate_000862", "topic": "physics_estimate", "subtopic": "fill_rate", "prompt": "A faucet fills 50 liters at about 4 liters per minute. About how many minutes does it take?", "split": "test", "exact_value": 12.5}
{"id": "physics_estimate_000863", "topic": "physics_estimate", "subtopic": "fill_rate", "prompt": "A faucet fills 30 liters at about 5 liters per minute. About how many minutes does it take?", "split": "test", "exact_value": 6.0}
{"id": "physics_estimate_000864", "topic": "physics_estimate", "subtopic": "fill_rate", "prompt": "A faucet fills 15 liters at about 6 liters per minute. About how many minutes does it take?", "split": "test", "exact_value": 2.5}
{"id": "physics_estimate_000865", "topic": "physics_estimate", "subtopic": "fill_rate", "prompt": "A faucet fills 20 liters at about 7 liters per minute. About how many minutes does it take?", "split": "test", "exact_value": 2.857142857142857}
{"id": "physics_estimate_000866", "topic": "physics_estimate", "subtopic": "fill_rate", "prompt": "A faucet fills 50 liters at about 4 liters per minute. About how many minutes does it take?", "split": "test", "exact_value": 12.5}
{"id": "physics_estimate_000867", "topic": "physics_estimate", "subtopic": "fill_rate", "prompt": "A faucet fills 50 liters at about 6 liters per minute. About how many minutes does it take?", "split": "test", "exact_value": 8.333333333333334}
{"id": "physics_estimate_000868", "topic": "physics_estimate", "subtopic": "fill_rate", "prompt": "A faucet fills 20 liters at about 5 liters per minute. About how many minutes does it take?", "split": "test", "exact_value": 4.0}
{"id": "physics_estimate_000869", "topic": "physics_estimate", "subtopic": "fill_rate", "prompt": "A faucet fills 15 liters at about 8 liters per minute. About how many minutes does it take?", "split": "test", "exact_value": 1.875}
{"id": "physics_estimate_000870", "topic": "physics_estimate", "subtopic": "fill_rate", "prompt": "A faucet fills 15 liters at about 6 liters per minute. About how many minutes does it take?", "split": "test", "exact_value": 2.5}
{"id": "physics_estimate_000871", "topic": "physics_estimate", "subtopic": "fill_rate", "prompt": "A faucet fills 20 liters at about 4 liters per minute. About how many minutes does it take?", "split": "test", "exact_value": 5.0}
{"id": "physics_estimate_000872", "topic": "physics_estimate", "subtopic": "fill_rate", "prompt": "A faucet fills 30 liters at about 7 liters per minute. About how many minutes does it take?", "split": "test", "exact_value": 4.285714285714286}
{"id": "physics_estimate_000873", "topic": "physics_estimate", "subtopic": "fill_rate", "prompt": "A faucet fills 40 liters at about 8 liters per minute. About how many minutes does it take?", "split": "test", "exact_value": 5.0}
{"id": "physics_estimate_000874", "topic": "physics_estimate", "subtopic": "fill_rate", "prompt": "A faucet fills 15 liters at about 5 liters per minute. About how many minutes does it take?", "split": "test", "exact_value": 3.0}
{"id": "physics_estimate_000875", "topic": "physics_estimate", "subtopic": "fill_rate", "prompt": "A faucet fills 10 liters at about 7 liters per minute. About how many minutes does it take?", "split": "test", "exact_value": 1.4285714285714286}
{"id": "physics_estimate_000876", "topic": "physics_estimate", "subtopic": "fill_rate", "prompt": "A faucet fills 40 liters at about 5 liters per minute. About how many minutes does it take?", "split": "test", "exact_value": 8.0}
{"id": "physics_estimate_000877", "topic": "physics_estimate", "subtopic": "fill_rate", "prompt": "A faucet fills 40 liters at about 8 liters per minute. About how many minutes does it take?", "split": "test", "exact_value": 5.0}
{"id": "physics_estimate_000878", "topic": "physics_estimate", "subtopic": "fill_rate", "prompt": "A faucet fills 50 liters at about 6 liters per minute. About how many minutes does it take?", "split": "test", "exact_value": 8.333333333333334}
{"id": "physics_estimate_000879", "topic": "physics_estimate", "subtopic": "fill_rate", "prompt": "A faucet fills 20 liters at about 8 liters per minute. About how many minutes does it take?", "split": "test", "exact_value": 2.5}
{"id": "physics_estimate_000880", "topic": "physics_estimate", "subtopic": "fill_rate", "prompt": "A faucet fills 50 liters at about 4 liters per minute. About how many minutes does it take?", "split": "test", "exact_value": 12.5}
{"id": "physics_estimate_000881", "topic": "physics_estimate", "subtopic": "fill_rate", "prompt": "A faucet fills 15 liters at about 8 liters per minute. About how many minutes does it take?", "split": "test", "exact_value": 1.875}
{"id": "physics_estimate_000882", "topic": "physics_estimate", "subtopic": "fill_rate", "prompt": "A faucet fills 20 liters at about 6 liters per minute. About how many minutes does it take?", "split": "test", "exact_value": 3.3333333333333335}
{"id": "physics_estimate_000883", "topic": "physics_estimate", "subtopic": "fill_rate", "prompt": "A faucet fills 30 liters at about 4 liters per minute. About how many minutes does it take?", "split": "test", "exact_value": 7.5}
{"id": "physics_estimate_000884", "topic": "physics_estimate", "subtopic": "fill_rate", "prompt": "A faucet fills 50 liters at about 8 liters per minute. About how many minutes does it take?", "split": "test", "exact_value": 6.25}
{"id": "physics_estimate_000885", "topic": "physics_estimate", "subtopic": "fill_rate", "prompt": "A faucet fills 30 liters at about 8 liters per minute. About how many minutes does it take?", "split": "test", "exact_value": 3.75}
{"id": "physics_estimate_000886", "topic": "physics_estimate", "subtopic": "fill_rate", "prompt": "A faucet fills 50 liters at about 4 liters per minute. About how many minutes does it take?", "split": "test", "exact_value": 12.5}
{"id": "physics_estimate_000887", "topic": "physics_estimate", "subtopic": "fill_rate", "prompt": "A faucet fills 40 liters at about 8 liters per minute. About how many minutes does it take?", "split": "test", "exact_value": 5.0}
{"id": "physics_estimate_000888", "topic": "physics_estimate", "subtopic": "fill_rate", "prompt": "A faucet fills 10 liters at about 7 liters per minute. About how many minutes does it take?", "split": "test", "exact_value": 1.4285714285714286}
{"id": "physics_estimate_000889", "topic": "physics_estimate", "subtopic": "fill_rate", "prompt": "A faucet fills 50 liters at about 5 liters per minute. About how many minutes does it take?", "split": "test", "exact_value": 10.0}
{"id": "physics_estimate_000890", "topic": "physics_estimate", "subtopic": "fill_rate", "prompt": "A faucet fills 20 liters at about 6 liters per minute. About how many minutes does it take?", "split": "test", "exact_value": 3.3333333333333335}
{"id": "physics_estimate_000891", "topic": "physics_estimate", "subtopic": "fill_rate", "prompt": "A faucet fills 40 liters at about 8 liters per minute. About how many minutes does it take?", "split": "test", "exact_value": 5.0}
{"id": "physics_estimate_000892", "topic": "physics_estimate", "subtopic": "fill_rate", "prompt": "A faucet fills 15 liters at about 4 liters per minute. About how many minutes does it take?", "split": "test", "exact_value": 3.75}
{"id": "physics_estimate_000893", "topic": "physics_estimate", "subtopic": "fill_rate", "prompt": "A faucet fills 20 liters at about 6 liters per minute. About how many minutes does it take?", "split": "test", "exact_value": 3.3333333333333335}
{"id": "physics_estimate_000894", "topic": "physics_estimate", "subtopic": "fill_rate", "prompt": "A faucet fills 15 liters at about 7 liters per minute. About how many minutes does it take?", "split": "test", "exact_value": 2.142857142857143}
{"id": "physics_estimate_000895", "topic": "physics_estimate", "subtopic": "fill_rate", "prompt": "A faucet fills 20 liters at about 4 liters per minute. About how many minutes does it take?", "split": "test", "exact_value": 5.0}
{"id": "physics_estimate_000896", "topic": "physics_estimate", "subtopic": "fill_rate", "prompt": "A faucet fills 15 liters at about 5 liters per minute. About how many minutes does it take?", "split": "test", "exact_value": 3.0}
{"id": "physics_estimate_000897", "topic": "physics_estimate", "subtopic": "fill_rate", "prompt": "A faucet fills 40 liters at about 7 liters per minute. About how many minutes does it take?", "split": "test", "exact_value": 5.714285714285714}
{"id": "physics_estimate_000898", "topic": "physics_estimate", "subtopic": "fill_rate", "prompt": "A faucet fills 10 liters at about 5 liters per minute. About how many minutes does it take?", "split": "test", "exact_value": 2.0}
{"id": "physics_estimate_000899", "topic": "physics_estimate", "subtopic": "fill_rate", "prompt": "A faucet fills 30 liters at about 7 liters per minute. About how many minutes does it take?", "split": "test", "exact_value": 4.285714285714286}
{"id": "physics_estimate_000900", "topic": "physics_estimate", "subtopic": "fill_rate", "prompt": "A faucet fills 50 liters at about 6 liters per minute. About how many minutes does it take?", "split": "test", "exact_value": 8.333333333333334}
{"id": "physics_estimate_000901", "topic": "physics_estimate", "subtopic": "fill_rate", "prompt": "A faucet fills 30 liters at about 4 liters per minute. About how many minutes does it take?", "split": "test", "exact_value": 7.5}
{"id": "physics_estimate_000902", "topic": "physics_estimate", "subtopic": "fill_rate", "prompt": "A faucet fills 30 liters at about 4 liters per minute. About how many minutes does it take?", "split": "test", "exact_value": 7.5}
{"id": "physics_estimate_000903", "topic": "physics_estimate", "subtopic": "fill_rate", "prompt": "A faucet fills 30 liters at about 4 liters per minute. About how many minutes does it take?", "split": "test", "exact_value": 7.5}
{"id": "physics_estimate_000904", "topic": "physics_estimate", "subtopic": "fill_rate", "prompt": "A faucet fills 20 liters at about 6 liters per minute. About how many minutes does it take?", "split": "test", "exact_value": 3.3333333333333335}
{"id": "physics_estimate_000905", "topic": "physics_estimate", "subtopic": "fill_rate", "prompt": "A faucet fills 15 liters at about 5 liters per minute. About how many minutes does it take?", "split": "test", "exact_value": 3.0}
{"id": "physics_estimate_000906", "topic": "physics_estimate", "subtopic": "fill_rate", "prompt": "A faucet fills 30 liters at about 4 liters per minute. About how many minutes does it take?", "split": "test", "exact_value": 7.5}
{"id": "physics_estimate_000907", "topic": "physics_estimate", "subtopic": "fill_rate", "prompt": "A faucet fills 30 liters at about 5 liters per minute. About how many minutes does it take?", "split": "test", "exact_value": 6.0}
{"id": "physics_estimate_000908", "topic": "physics_estimate", "subtopic": "fill_rate", "prompt": "A faucet fills 30 liters at about 7 liters per minute. About how many minutes does it take?", "split": "test", "exact_value": 4.285714285714286}
{"id": "physics_estimate_000909", "topic": "physics_estimate", "subtopic": "fill_rate", "prompt": "A faucet fills 10 liters at about 5 liters per minute. About how many minutes does it take?", "split": "test", "exact_value": 2.0}
{"id": "physics_estimate_000910", "topic": "physics_estimate", "subtopic": "fill_rate", "prompt": "A faucet fills 30 liters at about 6 liters per minute. About how many minutes does it take?", "split": "test", "exact_value": 5.0}
{"id": "physics_estimate_000911", "topic": "physics_estimate", "subtopic": "fill_rate", "prompt": "A faucet fills 30 liters at about 4 liters per minute. About how many minutes does it take?", "split": "test", "exact_value": 7.5}
{"id": "physics_estimate_000912", "topic": "physics_estimate", "subtopic": "fill_rate", "prompt": "A faucet fills 30 liters at about 8 liters per minute. About how many minutes does it take?", "split": "test", "exact_value": 3.75}
{"id": "physics_estimate_000913", "topic": "physics_estimate", "subtopic": "fill_rate", "prompt": "A faucet fills 20 liters at about 5 liters per minute. About how many minutes does it take?", "split": "test", "exact_value": 4.0}
{"id": "physics_estimate_000914", "topic": "physics_estimate", "subtopic": "fill_rate", "prompt": "A faucet fills 10 liters at about 5 liters per minute. About how many minutes does it take?", "split": "test", "exact_value": 2.0}
{"id": "physics_estimate_000915", "topic": "physics_estimate", "subtopic": "fill_rate", "prompt": "A faucet fills 10 liters at about 7 liters per minute. About how many minutes does it take?", "split": "test", "exact_value": 1.4285714285714286}
{"id": "physics_estimate_000916", "topic": "physics_estimate", "subtopic": "fill_rate", "prompt": "A faucet fills 40 liters at about 8 liters per minute. About how many minutes does it take?", "split": "test", "exact_value": 5.0}
{"id": "physics_estimate_000917", "topic": "physics_estimate", "subtopic": "fill_rate", "prompt": "A faucet fills 20 liters at about 4 liters per minute. About how many minutes does it take?", "split": "test", "exact_value": 5.0}
{"id": "physics_estimate_000918", "topic": "physics_estimate", "subtopic": "fill_rate", "prompt": "A faucet fills 50 liters at about 7 liters per minute. About how many minutes does it take?", "split": "test", "exact_value": 7.142857142857143}
{"id": "physics_estimate_000919", "topic": "physics_estimate", "subtopic": "fill_rate", "prompt": "A faucet fills 40 liters at about 7 liters per minute. About how many minutes does it take?", "split": "test", "exact_value": 5.714285714285714}
{"id": "physics_estimate_000920", "topic": "physics_estimate", "subtopic": "fill_rate", "prompt": "A faucet fills 15 liters at about 8 liters per minute. About how many minutes does it take?", "split": "test", "exact_value": 1.875}
{"id": "physics_estimate_000921", "topic": "physics_estimate", "subtopic": "fill_rate", "prompt": "A faucet fills 30 liters at about 7 liters per minute. About how many minutes does it take?", "split": "test", "exact_value": 4.285714285714286}
{"id": "physics_estimate_000922", "topic": "physics_estimate", "subtopic": "fill_rate", "prompt": "A faucet fills 15 liters at about 4 liters per minute. About how many minutes does it take?", "split": "test", "exact_value": 3.75}
{"id": "physics_estimate_000923", "topic": "physics_estimate", "subtopic": "fill_rate", "prompt": "A faucet fills 20 liters at about 4 liters per minute. About how many minutes does it take?", "split": "test", "exact_value": 5.0}
{"id": "physics_estimate_000924", "topic": "physics_estimate", "subtopic": "fill_rate", "prompt": "A faucet fills 40 liters at about 7 liters per minute. About how many minutes does it take?", "split": "test", "exact_value": 5.714285714285714}
{"id": "physics_estimate_000925", "topic": "physics_estimate", "subtopic": "fill_rate", "prompt": "A faucet fills 15 liters at about 8 liters per minute. About how many minutes does it take?", "split": "test", "exact_value": 1.875}
{"id": "physics_estimate_000926", "topic": "physics_estimate", "subtopic": "fill_rate", "prompt": "A faucet fills 15 liters at about 4 liters per minute. About how many minutes does it take?", "split": "test", "exact_value": 3.75}
{"id": "physics_estimate_000927", "topic": "physics_estimate", "subtopic": "fill_rate", "prompt": "A faucet fills 40 liters at about 4 liters per minute. About how many minutes does it take?", "split": "test", "exact_value": 10.0}
{"id": "physics_estimate_000928", "topic": "physics_estimate", "subtopic": "fill_rate", "prompt": "A faucet fills 50 liters at about 7 liters per minute. About how many minutes does it take?", "split": "test", "exact_value": 7.142857142857143}
{"id": "physics_estimate_000929", "topic": "physics_estimate", "subtopic": "fill_rate", "prompt": "A faucet fills 30 liters at about 8 liters per minute. About how many minutes does it take?", "split": "test", "exact_value": 3.75}
{"id": "physics_estimate_000930", "topic": "physics_estimate", "subtopic": "fill_rate", "prompt": "A faucet fills 50 liters at about 7 liters per minute. About how many minutes does it take?", "split": "test", "exact_value": 7.142857142857143}
{"id": "physics_estimate_000931", "topic": "physics_estimate", "subtopic": "fill_rate", "prompt": "A faucet fills 20 liters at about 8 liters per minute. About how many minutes does it take?", "split": "test", "exact_value": 2.5}
{"id": "physics_estimate_000932", "topic": "physics_estimate", "subtopic": "fill_rate", "prompt": "A faucet fills 30 liters at about 6 liters per minute. About how many minutes does it take?", "split": "test", "exact_value": 5.0}
{"id": "physics_estimate_000933", "topic": "physics_estimate", "subtopic": "fill_rate", "prompt": "A faucet fills 30 liters at about 6 liters per minute. About how many minutes does it take?", "split": "test", "exact_value": 5.0}
{"id": "physics_estimate_000934", "topic": "physics_estimate", "subtopic": "fill_rate", "prompt": "A faucet fills 10 liters at about 4 liters per minute. About how many minutes does it take?", "split": "test", "exact_value": 2.5}
{"id": "physics_estimate_000935", "topic": "physics_estimate", "subtopic": "fill_rate", "prompt": "A faucet fills 40 liters at about 5 liters per minute. About how many minutes does it take?", "split": "test", "exact_value": 8.0}
{"id": "physics_estimate_000936", "topic": "physics_estimate", "subtopic": "fill_rate", "prompt": "A faucet fills 50 liters at about 6 liters per minute. About how many minutes does it take?", "split": "test", "exact_value": 8.333333333333334}
{"id": "physics_estimate_000937", "topic": "physics_estimate", "subtopic": "fill_rate", "prompt": "A faucet fills 20 liters at about 5 liters per minute. About how many minutes does it take?", "split": "test", "exact_value": 4.0}
{"id": "physics_estimate_000938", "topic": "physics_estimate", "subtopic": "fill_rate", "prompt": "A faucet fills 10 liters at about 7 liters per minute. About how many minutes does it take?", "split": "test", "exact_value": 1.4285714285714286}
{"id": "physics_estimate_000939", "topic": "physics_estimate", "subtopic": "fill_rate", "prompt": "A faucet fills 20 liters at about 6 liters per minute. About how many minutes does it take?", "split": "test", "exact_value": 3.3333333333333335}
{"id": "physics_estimate_000940", "topic": "physics_estimate", "subtopic": "fill_rate", "prompt": "A faucet fills 10 liters at about 6 liters per minute. About how many minutes does it take?", "split": "test", "exact_value": 1.6666666666666667}
{"id": "physics_estimate_000941", "topic": "physics_estimate", "subtopic": "fill_rate", "prompt": "A faucet fills 30 liters at about 4 liters per minute. About how many minutes does it take?", "split": "test", "exact_value": 7.5}
{"id": "physics_estimate_000942", "topic": "physics_estimate", "subtopic": "fill_rate", "prompt": "A faucet fills 30 liters at about 4 liters per minute. About how many minutes does it take?", "split": "test", "exact_value": 7.5}
{"id": "physics_estimate_000943", "topic": "physics_estimate", "subtopic": "fill_rate", "prompt": "A faucet fills 20 liters at about 5 liters per minute. About how many minutes does it take?", "split": "test", "exact_value": 4.0}
{"id": "physics_estimate_000944", "topic": "physics_estimate", "subtopic": "fill_rate", "prompt": "A faucet fills 40 liters at about 6 liters per minute. About how many minutes does it take?", "split": "test", "exact_value": 6.666666666666667}
{"id": "physics_estimate_000945", "topic": "physics_estimate", "subtopic": "fill_rate", "prompt": "A faucet fills 10 liters at about 5 liters per minute. About how many minutes does it take?", "split": "test", "exact_value": 2.0}
{"id": "physics_estimate_000946", "topic": "physics_estimate", "subtopic": "fill_rate", "prompt": "A faucet fills 40 liters at about 7 liters per minute. About how many minutes does it take?", "split": "test", "exact_value": 5.714285714285714}
{"id": "physics_estimate_000947", "topic": "physics_estimate", "subtopic": "fill_rate", "prompt": "A faucet fills 15 liters at about 7 liters per minute. About how many minutes does it take?", "split": "test", "exact_value": 2.142857142857143}
{"id": "physics_estimate_000948", "topic": "physics_estimate", "subtopic": "fill_rate", "prompt": "A faucet fills 30 liters at about 6 liters per minute. About how many minutes does it take?", "split": "test", "exact_value": 5.0}
{"id": "physics_estimate_000949", "topic": "physics_estimate", "subtopic": "fill_rate", "prompt": "A faucet fills 20 liters at about 6 liters per minute. About how many minutes does it take?", "split": "test", "exact_value": 3.3333333333333335}
{"id": "physics_estimate_000950", "topic": "physics_estimate", "subtopic": "fill_rate", "prompt": "A faucet fills 30 liters at about 7 liters per minute. About how many minutes does it take?", "split": "test", "exact_value": 4.285714285714286}
{"id": "physics_estimate_000951", "topic": "physics_estimate", "subtopic": "fill_rate", "prompt": "A faucet fills 40 liters at about 4 liters per minute. About how many minutes does it take?", "split": "test", "exact_value": 10.0}
{"id": "physics_estimate_000952", "topic": "physics_estimate", "subtopic": "fill_rate", "prompt": "A faucet fills 40 liters at about 6 liters per minute. About how many minutes does it take?", "split": "test", "exact_value": 6.666666666666667}
{"id": "physics_estimate_000953", "topic": "physics_estimate", "subtopic": "fill_rate", "prompt": "A faucet fills 10 liters at about 6 liters per minute. About how many minutes does it take?", "split": "test", "exact_value": 1.6666666666666667}
{"id": "physics_estimate_000954", "topic": "physics_estimate", "subtopic": "fill_rate", "prompt": "A faucet fills 15 liters at about 6 liters per minute. About how many minutes does it take?", "split": "test", "exact_value": 2.5}
{"id": "physics_estimate_000955", "topic": "physics_estimate", "subtopic": "fill_rate", "prompt": "A faucet fills 50 liters at about 4 liters per minute. About how many minutes does it take?", "split": "test", "exact_value": 12.5}
{"id": "physics_estimate_000956", "topic": "physics_estimate", "subtopic": "fill_rate", "prompt": "A faucet fills 40 liters at about 6 liters per minute. About how many minutes does it take?", "split": "test", "exact_value": 6.666666666666667}
{"id": "physics_estimate_000957", "topic": "physics_estimate", "subtopic": "fill_rate", "prompt": "A faucet fills 30 liters at about 5 liters per minute. About how many minutes does it take?", "split": "test", "exact_value": 6.0}
{"id": "physics_estimate_000958", "topic": "physics_estimate", "subtopic": "fill_rate", "prompt": "A faucet fills 30 liters at about 4 liters per minute. About how many minutes does it take?", "split": "test", "exact_value": 7.5}
{"id": "physics_estimate_000959", "topic": "physics_estimate", "subtopic": "fill_rate", "prompt": "A faucet fills 15 liters at about 8 liters per minute. About how many minutes does it take?", "split": "test", "exact_value": 1.875}
{"id": "physics_estimate_000960", "topic": "physics_estimate", "subtopic": "fill_rate", "prompt": "A faucet fills 20 liters at about 6 liters per minute. About how many minutes does it take?", "split": "test", "exact_value": 3.3333333333333335}
{"id": "physics_estimate_000961", "topic": "physics_estimate", "subtopic": "fill_rate", "prompt": "A faucet fills 15 liters at about 8 liters per minute. About how many minutes does it take?", "split": "test", "exact_value": 1.875}
{"id": "physics_estimate_000962", "topic": "physics_estimate", "subtopic": "fill_rate", "prompt": "A faucet fills 40 liters at about 5 liters per minute. About how many minutes does it take?", "split": "test", "exact_value": 8.0}
{"id": "physics_estimate_000963", "topic": "physics_estimate", "subtopic": "fill_rate", "prompt": "A faucet fills 15 liters at about 4 liters per minute. About how many minutes does it take?", "split": "test", "exact_value": 3.75}
{"id": "physics_estimate_000964", "topic": "physics_estimate", "subtopic": "fill_rate", "prompt": "A faucet fills 15 liters at about 5 liters per minute. About how many minutes does it take?", "split": "test", "exact_value": 3.0}
{"id": "physics_estimate_000965", "topic": "physics_estimate", "subtopic": "fill_rate", "prompt": "A faucet fills 40 liters at about 8 liters per minute. About how many minutes does it take?", "split": "test", "exact_value": 5.0}
{"id": "physics_estimate_000966", "topic": "physics_estimate", "subtopic": "fill_rate", "prompt": "A faucet fills 30 liters at about 7 liters per minute. About how many minutes does it take?", "split": "test", "exact_value": 4.285714285714286}
{"id": "physics_estimate_000967", "topic": "physics_estimate", "subtopic": "fill_rate", "prompt": "A faucet fills 40 liters at about 5 liters per minute. About how many minutes does it take?", "split": "test", "exact_value": 8.0}
{"id": "physics_estimate_000968", "topic": "physics_estimate", "subtopic": "fill_rate", "prompt": "A faucet fills 20 liters at about 5 liters per minute. About how many minutes does it take?", "split": "test", "exact_value": 4.0}
{"id": "physics_estimate_000969", "topic": "physics_estimate", "subtopic": "fill_rate", "prompt": "A faucet fills 20 liters at about 8 liters per minute. About how many minutes does it take?", "split": "test", "exact_value": 2.5}
{"id": "physics_estimate_000970", "topic": "physics_estimate", "subtopic": "fill_rate", "prompt": "A faucet fills 50 liters at about 6 liters per minute. About how many minutes does it take?", "split": "test", "exact_value": 8.333333333333334}
{"id": "physics_estimate_000971", "topic": "physics_estimate", "subtopic": "fill_rate", "prompt": "A faucet fills 40 liters at about 8 liters per minute. About how many minutes does it take?", "split": "test", "exact_value": 5.0}
{"id": "physics_estimate_000972", "topic": "physics_estimate", "subtopic": "fill_rate", "prompt": "A faucet fills 10 liters at about 8 liters per minute. About how many minutes does it take?", "split": "test", "exact_value": 1.25}
{"id": "physics_estimate_000973", "topic": "physics_estimate", "subtopic": "fill_rate", "prompt": "A faucet fills 30 liters at about 7 liters per minute. About how many minutes does it take?", "split": "test", "exact_value": 4.285714285714286}
{"id": "physics_estimate_000974", "topic": "physics_estimate", "subtopic": "fill_rate", "prompt": "A faucet fills 30 liters at about 5 liters per minute. About how many minutes does it take?", "split": "test", "exact_value": 6.0}
{"id": "physics_estimate_000975", "topic": "physics_estimate", "subtopic": "fill_rate", "prompt": "A faucet fills 40 liters at about 6 liters per minute. About how many minutes does it take?", "split": "test", "exact_value": 6.666666666666667}
{"id": "physics_estimate_000976", "topic": "physics_estimate", "subtopic": "fill_rate", "prompt": "A faucet fills 40 liters at about 7 liters per minute. About how many minutes does it take?", "split": "test", "exact_value": 5.714285714285714}
{"id": "physics_estimate_000977", "topic": "physics_estimate", "subtopic": "fill_rate", "prompt": "A faucet fills 50 liters at about 8 liters per minute. About how many minutes does it take?", "split": "test", "exact_value": 6.25}
{"id": "physics_estimate_000978", "topic": "physics_estimate", "subtopic": "fill_rate", "prompt": "A faucet fills 15 liters at about 5 liters per minute. About how many minutes does it take?", "split": "test", "exact_value": 3.0}
{"id": "physics_estimate_000979", "topic": "physics_estimate", "subtopic": "fill_rate", "prompt": "A faucet fills 20 liters at about 6 liters per minute. About how many minutes does it take?", "split": "test", "exact_value": 3.3333333333333335}
{"id": "physics_estimate_000980", "topic": "physics_estimate", "subtopic": "fill_rate", "prompt": "A faucet fills 15 liters at about 7 liters per minute. About how many minutes does it take?", "split": "test", "exact_value": 2.142857142857143}
{"id": "physics_estimate_000981", "topic": "physics_estimate", "subtopic": "fill_rate", "prompt": "A faucet fills 50 liters at about 7 liters per minute. About how many minutes does it take?", "split": "test", "exact_value": 7.142857142857143}
{"id": "physics_estimate_000982", "topic": "physics_estimate", "subtopic": "fill_rate", "prompt": "A faucet fills 15 liters at about 7 liters per minute. About how many minutes does it take?", "split": "test", "exact_value": 2.142857142857143}
{"id": "physics_estimate_000983", "topic": "physics_estimate", "subtopic": "fill_rate", "prompt": "A faucet fills 30 liters at about 5 liters per minute. About how many minutes does it take?", "split": "test", "exact_value": 6.0}
{"id": "physics_estimate_000984", "topic": "physics_estimate", "subtopic": "fill_rate", "prompt": "A faucet fills 40 liters at about 7 liters per minute. About how many minutes does it take?", "split": "test", "exact_value": 5.714285714285714}
{"id": "physics_estimate_000985", "topic": "physics_estimate", "subtopic": "fill_rate", "prompt": "A faucet fills 10 liters at about 4 liters per minute. About how many minutes does it take?", "split": "test", "exact_value": 2.5}
{"id": "physics_estimate_000986", "topic": "physics_estimate", "subtopic": "fill_rate", "prompt": "A faucet fills 30 liters at about 4 liters per minute. About how many minutes does it take?", "split": "test", "exact_value": 7.5}
{"id": "physics_estimate_000987", "topic": "physics_estimate", "subtopic": "fill_rate", "prompt": "A faucet fills 30 liters at about 6 liters per minute. About how many minutes does it take?", "split": "test", "exact_value": 5.0}
{"id": "physics_estimate_000988", "topic": "physics_estimate", "subtopic": "fill_rate", "prompt": "A faucet fills 15 liters at about 6 liters per minute. About how many minutes does it take?", "split": "test", "exact_value": 2.5}
{"id": "physics_estimate_000989", "topic": "physics_estimate", "subtopic": "fill_rate", "prompt": "A faucet fills 40 liters at about 6 liters per minute. About how many minutes does it take?", "split": "test", "exact_value": 6.666666666666667}
{"id": "physics_estimate_000990", "topic": "physics_estimate", "subtopic": "fill_rate", "prompt": "A faucet fills 20 liters at about 5 liters per minute. About how many minutes does it take?", "split": "test", "exact_value": 4.0}
{"id": "physics_estimate_000991", "topic": "physics_estimate", "subtopic": "fill_rate", "prompt": "A faucet fills 40 liters at about 6 liters per minute. About how many minutes does it take?", "split": "test", "exact_value": 6.666666666666667}
{"id": "physics_estimate_000992", "topic": "physics_estimate", "subtopic": "fill_rate", "prompt": "A faucet fills 20 liters at about 4 liters per minute. About how many minutes does it take?", "split": "test", "exact_value": 5.0}
{"id": "physics_estimate_000993", "topic": "physics_estimate", "subtopic": "fill_rate", "prompt": "A faucet fills 30 liters at about 8 liters per minute. About how many minutes does it take?", "split": "test", "exact_value": 3.75}
{"id": "physics_estimate_000994", "topic": "physics_estimate", "subtopic": "fill_rate", "prompt": "A faucet fills 40 liters at about 8 liters per minute. About how many minutes does it take?", "split": "test", "exact_value": 5.0}
{"id": "physics_estimate_000995", "topic": "physics_estimate", "subtopic": "fill_rate", "prompt": "A faucet fills 20 liters at about 8 liters per minute. About how many minutes does it take?", "split": "test", "exact_value": 2.5}
{"id": "physics_estimate_000996", "topic": "physics_estimate", "subtopic": "fill_rate", "prompt": "A faucet fills 50 liters at about 5 liters per minute. About how many minutes does it take?", "split": "test", "exact_value": 10.0}
{"id": "physics_estimate_000997", "topic": "physics_estimate", "subtopic": "fill_rate", "prompt": "A faucet fills 40 liters at about 6 liters per minute. About how many minutes does it take?", "split": "test", "exact_value": 6.666666666666667}
{"id": "physics_estimate_000998", "topic": "physics_estimate", "subtopic": "fill_rate", "prompt": "A faucet fills 40 liters at about 7 liters per minute. About how many minutes does it take?", "split": "test", "exact_value": 5.714285714285714}
{"id": "physics_estimate_000999", "topic": "physics_estimate", "subtopic": "fill_rate", "prompt": "A faucet fills 15 liters at about 4 liters per minute. About how many minutes does it take?", "split": "test", "exact_value": 3.75}
{"id": "physics_estimate_001000", "topic": "physics_estimate", "subtopic": "fill_rate", "prompt": "A faucet fills 40 liters at about 8 liters per minute. About how many minutes does it take?", "split": "test", "exact_value": 5.0}
{"id": "physics_estimate_001001", "topic": "physics_estimate", "subtopic": "fill_rate", "prompt": "A faucet fills 50 liters at about 7 liters per minute. About how many minutes does it take?", "split": "test", "exact_value": 7.142857142857143}
{"id": "physics_estimate_001002", "topic": "physics_estimate", "subtopic": "fill_rate", "prompt": "A faucet fills 50 liters at about 5 liters per minute. About how many minutes does it take?", "split": "test", "exact_value": 10.0}
{"id": "physics_estimate_001003", "topic": "physics_estimate", "subtopic": "fill_rate", "prompt": "A faucet fills 40 liters at about 6 liters per minute. About how many minutes does it take?", "split": "test", "exact_value": 6.666666666666667}
{"id": "physics_estimate_001004", "topic": "physics_estimate", "subtopic": "fill_rate", "prompt": "A faucet fills 20 liters at about 6 liters per minute. About how many minutes does it take?", "split": "test", "exact_value": 3.3333333333333335}
{"id": "physics_estimate_001005", "topic": "physics_estimate", "subtopic": "fill_rate", "prompt": "A faucet fills 10 liters at about 7 liters per minute. About how many minutes does it take?", "split": "test", "exact_value": 1.4285714285714286}
{"id": "physics_estimate_001006", "topic": "physics_estimate", "subtopic": "fill_rate", "prompt": "A faucet fills 40 liters at about 5 liters per minute. About how many minutes does it take?", "split": "test", "exact_value": 8.0}
{"id": "physics_estimate_001007", "topic": "physics_estimate", "subtopic": "fill_rate", "prompt": "A faucet fills 50 liters at about 8 liters per minute. About how many minutes does it take?", "split": "test", "exact_value": 6.25}
{"id": "physics_estimate_001008", "topic": "physics_estimate", "subtopic": "fill_rate", "prompt": "A faucet fills 20 liters at about 5 liters per minute. About how many minutes does it take?", "split": "test", "exact_value": 4.0}
{"id": "physics_estimate_001009", "topic": "physics_estimate", "subtopic": "fill_rate", "prompt": "A faucet fills 10 liters at about 6 liters per minute. About how many minutes does it take?", "split": "test", "exact_value": 1.6666666666666667}
{"id": "physics_estimate_001010", "topic": "physics_estimate", "subtopic": "fill_rate", "prompt": "A faucet fills 40 liters at about 4 liters per minute. About how many minutes does it take?", "split": "test", "exact_value": 10.0}
{"id": "physics_estimate_001011", "topic": "physics_estimate", "subtopic": "fill_rate", "prompt": "A faucet fills 20 liters at about 5 liters per minute. About how many minutes does it take?", "split": "test", "exact_value": 4.0}
{"id": "physics_estimate_001012", "topic": "physics_estimate", "subtopic": "fill_rate", "prompt": "A faucet fills 10 liters at about 6 liters per minute. About how many minutes does it take?", "split": "test", "exact_value": 1.6666666666666667}
{"id": "physics_estimate_001013", "topic": "physics_estimate", "subtopic": "fill_rate", "prompt": "A faucet fills 20 liters at about 6 liters per minute. About how many minutes does it take?", "split": "test", "exact_value": 3.3333333333333335}
{"id": "physics_estimate_001014", "topic": "physics_estimate", "subtopic": "fill_rate", "prompt": "A faucet fills 50 liters at about 4 liters per minute. About how many minutes does it take?", "split": "test", "exact_value": 12.5}
{"id": "physics_estimate_001015", "topic": "physics_estimate", "subtopic": "fill_rate", "prompt": "A faucet fills 40 liters at about 7 liters per minute. About how many minutes does it take?", "split": "test", "exact_value": 5.714285714285714}
{"id": "physics_estimate_001016", "topic": "physics_estimate", "subtopic": "fill_rate", "prompt": "A faucet fills 30 liters at about 7 liters per minute. About how many minutes does it take?", "split": "test", "exact_value": 4.285714285714286}
{"id": "physics_estimate_001017", "topic": "physics_estimate", "subtopic": "fill_rate", "prompt": "A faucet fills 15 liters at about 6 liters per minute. About how many minutes does it take?", "split": "test", "exact_value": 2.5}
{"id": "physics_estimate_001018", "topic": "physics_estimate", "subtopic": "fill_rate", "prompt": "A faucet fills 15 liters at about 8 liters per minute. About how many minutes does it take?", "split": "test", "exact_value": 1.875}
{"id": "physics_estimate_001019", "topic": "physics_estimate", "subtopic": "fill_rate", "prompt": "A faucet fills 20 liters at about 7 liters per minute. About how many minutes does it take?", "split": "test", "exact_value": 2.857142857142857}
{"id": "physics_estimate_001020", "topic": "physics_estimate", "subtopic": "fill_rate", "prompt": "A faucet fills 20 liters at about 4 liters per minute. About how many minutes does it take?", "split": "test", "exact_value": 5.0}
{"id": "physics_estimate_001021", "topic": "physics_estimate", "subtopic": "fill_rate", "prompt": "A faucet fills 20 liters at about 4 liters per minute. About how many minutes does it take?", "split": "test", "exact_value": 5.0}
{"id": "physics_estimate_001022", "topic": "physics_estimate", "subtopic": "fill_rate", "prompt": "A faucet fills 20 liters at about 5 liters per minute. About how many minutes does it take?", "split": "test", "exact_value": 4.0}
{"id": "physics_estimate_001023", "topic": "physics_estimate", "subtopic": "fill_rate", "prompt": "A faucet fills 50 liters at about 7 liters per minute. About how many minutes does it take?", "split": "test", "exact_value": 7.142857142857143}
{"id": "physics_estimate_001024", "topic": "physics_estimate", "subtopic": "fill_rate", "prompt": "A faucet fills 50 liters at about 7 liters per minute. About how many minutes does it take?", "split": "test", "exact_value": 7.142857142857143}
{"id": "physics_estimate_001025", "topic": "physics_estimate", "subtopic": "fill_rate", "prompt": "A faucet fills 10 liters at about 5 liters per minute. About how many minutes does it take?", "split": "test", "exact_value": 2.0}
{"id": "physics_estimate_001026", "topic": "physics_estimate", "subtopic": "fill_rate", "prompt": "A faucet fills 20 liters at about 6 liters per minute. About how many minutes does it take?", "split": "test", "exact_value": 3.3333333333333335}
{"id": "physics_estimate_001027", "topic": "physics_estimate", "subtopic": "fill_rate", "prompt": "A faucet fills 30 liters at about 7 liters per minute. About how many minutes does it take?", "split": "test", "exact_value": 4.285714285714286}
{"id": "physics_estimate_001028", "topic": "physics_estimate", "subtopic": "fill_rate", "prompt": "A faucet fills 30 liters at about 5 liters per minute. About how many minutes does it take?", "split": "test", "exact_value": 6.0}
{"id": "physics_estimate_001029", "topic": "physics_estimate", "subtopic": "fill_rate", "prompt": "A faucet fills 10 liters at about 7 liters per minute. About how many minutes does it take?", "split": "test", "exact_value": 1.4285714285714286}
{"id": "physics_estimate_001030", "topic": "physics_estimate", "subtopic": "fill_rate", "prompt": "A faucet fills 50 liters at about 7 liters per minute. About how many minutes does it take?", "split": "test", "exact_value": 7.142857142857143}
{"id": "physics_estimate_001031", "topic": "physics_estimate", "subtopic": "fill_rate", "prompt": "A faucet fills 40 liters at about 8 liters per minute. About how many minutes does it take?", "split": "test", "exact_value": 5.0}
{"id": "physics_estimate_001032", "topic": "physics_estimate", "subtopic": "fill_rate", "prompt": "A faucet fills 30 liters at about 6 liters per minute. About how many minutes does it take?", "split": "test", "exact_value": 5.0}
{"id": "physics_estimate_001033", "topic": "physics_estimate", "subtopic": "fill_rate", "prompt": "A faucet fills 10 liters at about 4 liters per minute. About how many minutes does it take?", "split": "test", "exact_value": 2.5}
{"id": "physics_estimate_001034", "topic": "physics_estimate", "subtopic": "fill_rate", "prompt": "A faucet fills 40 liters at about 4 liters per minute. About how many minutes does it take?", "split": "test", "exact_value": 10.0}
{"id": "physics_estimate_001035", "topic": "physics_estimate", "subtopic": "fill_rate", "prompt": "A faucet fills 30 liters at about 6 liters per minute. About how many minutes does it take?", "split": "test", "exact_value": 5.0}
{"id": "physics_estimate_001036", "topic": "physics_estimate", "subtopic": "fill_rate", "prompt": "A faucet fills 10 liters at about 8 liters per minute. About how many minutes does it take?", "split": "test", "exact_value": 1.25}
{"id": "physics_estimate_001037", "topic": "physics_estimate", "subtopic": "fill_rate", "prompt": "A faucet fills 20 liters at about 4 liters per minute. About how many minutes does it take?", "split": "test", "exact_value": 5.0}
{"id": "physics_estimate_001038", "topic": "physics_estimate", "subtopic": "fill_rate", "prompt": "A faucet fills 30 liters at about 5 liters per minute. About how many minutes does it take?", "split": "test", "exact_value": 6.0}
{"id": "physics_estimate_001039", "topic": "physics_estimate", "subtopic": "fill_rate", "prompt": "A faucet fills 15 liters at about 6 liters per minute. About how many minutes does it take?", "split": "test", "exact_value": 2.5}
{"id": "physics_estimate_001040", "topic": "physics_estimate", "subtopic": "fill_rate", "prompt": "A faucet fills 30 liters at about 4 liters per minute. About how many minutes does it take?", "split": "test", "exact_value": 7.5}
{"id": "physics_estimate_001041", "topic": "physics_estimate", "subtopic": "fill_rate", "prompt": "A faucet fills 20 liters at about 4 liters per minute. About how many minutes does it take?", "split": "test", "exact_value": 5.0}
{"id": "physics_estimate_001042", "topic": "physics_estimate", "subtopic": "fill_rate", "prompt": "A faucet fills 20 liters at about 4 liters per minute. About how many minutes does it take?", "split": "test", "exact_value": 5.0}
{"id": "physics_estimate_001043", "topic": "physics_estimate", "subtopic": "fill_rate", "prompt": "A faucet fills 50 liters at about 4 liters per minute. About how many minutes does it take?", "split": "test", "exact_value": 12.5}
{"id": "physics_estimate_001044", "topic": "physics_estimate", "subtopic": "fill_rate", "prompt": "A faucet fills 30 liters at about 4 liters per minute. About how many minutes does it take?", "split": "test", "exact_value": 7.5}
{"id": "physics_estimate_001045", "topic": "physics_estimate", "subtopic": "fill_rate", "prompt": "A faucet fills 40 liters at about 5 liters per minute. About how many minutes does it take?", "split": "test", "exact_value": 8.0}
{"id": "physics_estimate_001046", "topic": "physics_estimate", "subtopic": "fill_rate", "prompt": "A faucet fills 40 liters at about 5 liters per minute. About how many minutes does it take?", "split": "test", "exact_value": 8.0}
{"id": "physics_estimate_001047", "topic": "physics_estimate", "subtopic": "fill_rate", "prompt": "A faucet fills 15 liters at about 4 liters per minute. About how many minutes does it take?", "split": "test", "exact_value": 3.75}
{"id": "physics_estimate_001048", "topic": "physics_estimate", "subtopic": "fill_rate", "prompt": "A faucet fills 40 liters at about 5 liters per minute. About how many minutes does it take?", "split": "test", "exact_value": 8.0}
{"id": "physics_estimate_001049", "topic": "physics_estimate", "subtopic": "fill_rate", "prompt": "A faucet fills 20 liters at about 4 liters per minute. About how many minutes does it take?", "split": "test", "exact_value": 5.0}
{"id": "physics_estimate_001050", "topic": "physics_estimate", "subtopic": "fill_rate", "prompt": "A faucet fills 50 liters at about 5 liters per minute. About how many minutes does it take?", "split": "test", "exact_value": 10.0}
{"id": "physics_estimate_001051", "topic": "physics_estimate", "subtopic": "fill_rate", "prompt": "A faucet fills 40 liters at about 4 liters per minute. About how many minutes does it take?", "split": "test", "exact_value": 10.0}
{"id": "physics_estimate_001052", "topic": "physics_estimate", "subtopic": "fill_rate", "prompt": "A faucet fills 10 liters at about 5 liters per minute. About how many minutes does it take?", "split": "test", "exact_value": 2.0}
{"id": "physics_estimate_001053", "topic": "physics_estimate", "subtopic": "fill_rate", "prompt": "A faucet fills 40 liters at about 6 liters per minute. About how many minutes does it take?", "split": "test", "exact_value": 6.666666666666667}
{"id": "physics_estimate_001054", "topic": "physics_estimate", "subtopic": "fill_rate", "prompt": "A faucet fills 10 liters at about 4 liters per minute. About how many minutes does it take?", "split": "test", "exact_value": 2.5}
{"id": "physics_estimate_001055", "topic": "physics_estimate", "subtopic": "fill_rate", "prompt": "A faucet fills 50 liters at about 4 liters per minute. About how many minutes does it take?", "split": "test", "exact_value": 12.5}
{"id": "physics_estimate_001056", "topic": "physics_estimate", "subtopic": "fill_rate", "prompt": "A faucet fills 20 liters at about 7 liters per minute. About how many minutes does it take?", "split": "test", "exact_value": 2.857142857142857}
{"id": "physics_estimate_001057", "topic": "physics_estimate", "subtopic": "fill_rate", "prompt": "A faucet fills 20 liters at about 7 liters per minute. About how many minutes does it take?", "split": "test", "exact_value": 2.857142857142857}
{"id": "physics_estimate_001058", "topic": "physics_estimate", "subtopic": "fill_rate", "prompt": "A faucet fills 15 liters at about 8 liters per minute. About how many minutes does it take?", "split": "test", "exact_value": 1.875}
{"id": "physics_estimate_001059", "topic": "physics_estimate", "subtopic": "fill_rate", "prompt": "A faucet fills 40 liters at about 4 liters per minute. About how many minutes does it take?", "split": "test", "exact_value": 10.0}
{"id": "physics_estimate_001060", "topic": "physics_estimate", "subtopic": "fill_rate", "prompt": "A faucet fills 50 liters at about 6 liters per minute. About how many minutes does it take?", "split": "test", "exact_value": 8.333333333333334}
{"id": "physics_estimate_001061", "topic": "physics_estimate", "subtopic": "fill_rate", "prompt": "A faucet fills 20 liters at about 6 liters per minute. About how many minutes does it take?", "split": "test", "exact_value": 3.3333333333333335}
{"id": "physics_estimate_001062", "topic": "physics_estimate", "subtopic": "fill_rate", "prompt": "A faucet fills 15 liters at about 5 liters per minute. About how many minutes does it take?", "split": "test", "exact_value": 3.0}
{"id": "physics_estimate_001063", "topic": "physics_estimate", "subtopic": "fill_rate", "prompt": "A faucet fills 30 liters at about 8 liters per minute. About how many minutes does it take?", "split": "test", "exact_value": 3.75}
{"id": "physics_estimate_001064", "topic": "physics_estimate", "subtopic": "fill_rate", "prompt": "A faucet fills 15 liters at about 8 liters per minute. About how many minutes does it take?", "split": "test", "exact_value": 1.875}
{"id": "physics_estimate_001065", "topic": "physics_estimate", "subtopic": "fill_rate", "prompt": "A faucet fills 10 liters at about 6 liters per minute. About how many minutes does it take?", "split": "test", "exact_value": 1.6666666666666667}
{"id": "physics_estimate_001066", "topic": "physics_estimate", "subtopic": "fill_rate", "prompt": "A faucet fills 40 liters at about 7 liters per minute. About how many minutes does it take?", "split": "test", "exact_value": 5.714285714285714}
{"id": "physics_estimate_001067", "topic": "physics_estimate", "subtopic": "fill_rate", "prompt": "A faucet fills 20 liters at about 7 liters per minute. About how many minutes does it take?", "split": "test", "exact_value": 2.857142857142857}
{"id": "physics_estimate_001068", "topic": "physics_estimate", "subtopic": "fill_rate", "prompt": "A faucet fills 50 liters at about 6 liters per minute. About how many minutes does it take?", "split": "test", "exact_value": 8.333333333333334}
{"id": "physics_estimate_001069", "topic": "physics_estimate", "subtopic": "fill_rate", "prompt": "A faucet fills 20 liters at about 7 liters per minute. About how many minutes does it take?", "split": "test", "exact_value": 2.857142857142857}
{"id": "physics_estimate_001070", "topic": "physics_estimate", "subtopic": "fill_rate", "prompt": "A faucet fills 40 liters at about 6 liters per minute. About how many minutes does it take?", "split": "test", "exact_value": 6.666666666666667}
{"id": "physics_estimate_001071", "topic": "physics_estimate", "subtopic": "fill_rate", "prompt": "A faucet fills 20 liters at about 5 liters per minute. About how many minutes does it take?", "split": "test", "exact_value": 4.0}
