{"id": "basket_sum_000171", "topic": "basket_sum", "subtopic": "decimal_prices", "prompt": "You’re buying 3 items: $7.04, $12.56, $5.78. About how much will you pay (before tax)?", "exact_value": 25.38, "model": "qwen/qwen2.5-3b-instruct", "provider": "transformers", "response": "Final answer: 19.6", "numeric_answer": 19.6, "relative_error": 0.2277383766745468, "thinking_text": null, "has_tool_call": false, "tool_call": null, "usage": {"prompt_tokens": 101, "completion_tokens": 9, "total_tokens": 110, "token_count_source": "tokenizer"}, "decoding": {"temperature": 0.2, "top_p": null, "top_k": null, "max_tokens": 256, "seed": 42}, "prompt_tokens": 101, "completion_tokens": 9, "total_tokens": 110, "token_count_source": "tokenizer", "diffusion_steps": null, "flops_estimate": null, "flops_arch": null, "flops_model_params": null, "flops_active_params": null, "tokens_non_final": 3, "tokens_reasoning": 0, "tokens_response": 3, "elapsed_seconds": 0.3097646236419678, "judgement": "Mildly off"}
{"id": "basket_sum_000191", "topic": "basket_sum", "subtopic": "decimal_prices", "prompt": "You’re buying 5 items: $17.31, $7.03, $9.93, $19.51, $11.17. About how much will you pay (before tax)?", "exact_value": 64.95, "model": "qwen/qwen2.5-3b-instruct", "provider": "transformers", "response": "Final answer: 106.0", "numeric_answer": 106.0, "relative_error": 0.632024634334103, "thinking_text": null, "has_tool_call": false, "tool_call": null, "usage": {"prompt_tokens": 115, "completion_tokens": 10, "total_tokens": 125, "token_count_source": "tokenizer"}, "decoding": {"temperature": 0.2, "top_p": null, "top_k": null, "max_tokens": 256, "seed": 42}, "prompt_tokens": 115, "completion_tokens": 10, "total_tokens": 125, "token_count_source": "tokenizer", "diffusion_steps": null, "flops_estimate": null, "flops_arch": null, "flops_model_params": null, "flops_active_params": null, "tokens_non_final": 3, "tokens_reasoning": 0, "tokens_response": 3, "elapsed_seconds": 0.33697938919067383, "judgement": "Way off"}
{"id": "basket_sum_000211", "topic": "basket_sum", "subtopic": "decimal_prices", "prompt": "You’re buying 6 items: $13.05, $4.61, $17.83, $17.37, $4.97, $2.96. About how much will you pay (before tax)?", "exact_value": 60.79, "model": "qwen/qwen2.5-3b-instruct", "provider": "transformers", "response": "Final answer: 178.0", "numeric_answer": 178.0, "relative_error": 1.9281131765092945, "thinking_text": null, "has_tool_call": false, "tool_call": null, "usage": {"prompt_tokens": 121, "completion_tokens": 10, "total_tokens": 131, "token_count_source": "tokenizer"}, "decoding": {"temperature": 0.2, "top_p": null, "top_k": null, "max_tokens": 256, "seed": 42}, "prompt_tokens": 121, "completion_tokens": 10, "total_tokens": 131, "token_count_source": "tokenizer", "diffusion_steps": null, "flops_estimate": null, "flops_arch": null, "flops_model_params": null, "flops_active_params": null, "tokens_non_final": 3, "tokens_reasoning": 0, "tokens_response": 3, "elapsed_seconds": 0.33438658714294434, "judgement": "Way off"}
{"id": "basket_sum_000231", "topic": "basket_sum", "subtopic": "decimal_prices", "prompt": "You’re buying 6 items: $4.43, $10.89, $5.57, $12.80, $4.22, $15.17. About how much will you pay (before tax)?", "exact_value": 53.08, "model": "qwen/qwen2.5-3b-instruct", "provider": "transformers", "response": "Final answer: 31.2", "numeric_answer": 31.2, "relative_error": 0.41220798794272795, "thinking_text": null, "has_tool_call": false, "tool_call": null, "usage": {"prompt_tokens": 121, "completion_tokens": 9, "total_tokens": 130, "token_count_source": "tokenizer"}, "decoding": {"temperature": 0.2, "top_p": null, "top_k": null, "max_tokens": 256, "seed": 42}, "prompt_tokens": 121, "completion_tokens": 9, "total_tokens": 130, "token_count_source": "tokenizer", "diffusion_steps": null, "flops_estimate": null, "flops_arch": null, "flops_model_params": null, "flops_active_params": null, "tokens_non_final": 3, "tokens_reasoning": 0, "tokens_response": 3, "elapsed_seconds": 0.299943208694458, "judgement": "Mildly off"}
{"id": "basket_sum_000251", "topic": "basket_sum", "subtopic": "decimal_prices", "prompt": "You’re buying 4 items: $7.24, $9.93, $15.10, $11.31. About how much will you pay (before tax)?", "exact_value": 43.58, "model": "qwen/qwen2.5-3b-instruct", "provider": "transformers", "response": "Final answer: 36", "numeric_answer": 36.0, "relative_error": 0.17393299678751717, "thinking_text": null, "has_tool_call": false, "tool_call": null, "usage": {"prompt_tokens": 108, "completion_tokens": 7, "total_tokens": 115, "token_count_source": "tokenizer"}, "decoding": {"temperature": 0.2, "top_p": null, "top_k": null, "max_tokens": 256, "seed": 42}, "prompt_tokens": 108, "completion_tokens": 7, "total_tokens": 115, "token_count_source": "tokenizer", "diffusion_steps": null, "flops_estimate": null, "flops_arch": null, "flops_model_params": null, "flops_active_params": null, "tokens_non_final": 3, "tokens_reasoning": 0, "tokens_response": 3, "elapsed_seconds": 0.23182177543640137, "judgement": "Good approximation"}
{"id": "basket_sum_000271", "topic": "basket_sum", "subtopic": "decimal_prices", "prompt": "You’re buying 4 items: $19.91, $19.58, $6.09, $1.98. About how much will you pay (before tax)?", "exact_value": 47.56, "model": "qwen/qwen2.5-3b-instruct", "provider": "transformers", "response": "Final answer: 20.0", "numeric_answer": 20.0, "relative_error": 0.5794785534062238, "thinking_text": null, "has_tool_call": false, "tool_call": null, "usage": {"prompt_tokens": 108, "completion_tokens": 9, "total_tokens": 117, "token_count_source": "tokenizer"}, "decoding": {"temperature": 0.2, "top_p": null, "top_k": null, "max_tokens": 256, "seed": 42}, "prompt_tokens": 108, "completion_tokens": 9, "total_tokens": 117, "token_count_source": "tokenizer", "diffusion_steps": null, "flops_estimate": null, "flops_arch": null, "flops_model_params": null, "flops_active_params": null, "tokens_non_final": 3, "tokens_reasoning": 0, "tokens_response": 3, "elapsed_seconds": 0.2976386547088623, "judgement": "Mildly off"}
{"id": "basket_sum_000291", "topic": "basket_sum", "subtopic": "decimal_prices", "prompt": "You’re buying 4 items: $10.75, $8.39, $14.91, $11.50. About how much will you pay (before tax)?", "exact_value": 45.55, "model": "qwen/qwen2.5-3b-instruct", "provider": "transformers", "response": "Final answer: 36.0", "numeric_answer": 36.0, "relative_error": 0.20965971459934132, "thinking_text": null, "has_tool_call": false, "tool_call": null, "usage": {"prompt_tokens": 109, "completion_tokens": 9, "total_tokens": 118, "token_count_source": "tokenizer"}, "decoding": {"temperature": 0.2, "top_p": null, "top_k": null, "max_tokens": 256, "seed": 42}, "prompt_tokens": 109, "completion_tokens": 9, "total_tokens": 118, "token_count_source": "tokenizer", "diffusion_steps": null, "flops_estimate": null, "flops_arch": null, "flops_model_params": null, "flops_active_params": null, "tokens_non_final": 3, "tokens_reasoning": 0, "tokens_response": 3, "elapsed_seconds": 0.30172276496887207, "judgement": "Mildly off"}
{"id": "basket_sum_000311", "topic": "basket_sum", "subtopic": "decimal_prices", "prompt": "You’re buying 3 items: $15.35, $16.98, $2.04. About how much will you pay (before tax)?", "exact_value": 34.37, "model": "qwen/qwen2.5-3b-instruct", "provider": "transformers", "response": "Final answer: 18", "numeric_answer": 18.0, "relative_error": 0.47628745999418093, "thinking_text": null, "has_tool_call": false, "tool_call": null, "usage": {"prompt_tokens": 102, "completion_tokens": 7, "total_tokens": 109, "token_count_source": "tokenizer"}, "decoding": {"temperature": 0.2, "top_p": null, "top_k": null, "max_tokens": 256, "seed": 42}, "prompt_tokens": 102, "completion_tokens": 7, "total_tokens": 109, "token_count_source": "tokenizer", "diffusion_steps": null, "flops_estimate": null, "flops_arch": null, "flops_model_params": null, "flops_active_params": null, "tokens_non_final": 3, "tokens_reasoning": 0, "tokens_response": 3, "elapsed_seconds": 0.24398350715637207, "judgement": "Mildly off"}
{"id": "basket_sum_000331", "topic": "basket_sum", "subtopic": "decimal_prices", "prompt": "You’re buying 6 items: $10.51, $16.13, $18.17, $3.75, $7.32, $10.07. About how much will you pay (before tax)?", "exact_value": 65.95, "model": "qwen/qwen2.5-3b-instruct", "provider": "transformers", "response": "Final answer: 33.16", "numeric_answer": 33.16, "relative_error": 0.49719484457922675, "thinking_text": null, "has_tool_call": false, "tool_call": null, "usage": {"prompt_tokens": 122, "completion_tokens": 10, "total_tokens": 132, "token_count_source": "tokenizer"}, "decoding": {"temperature": 0.2, "top_p": null, "top_k": null, "max_tokens": 256, "seed": 42}, "prompt_tokens": 122, "completion_tokens": 10, "total_tokens": 132, "token_count_source": "tokenizer", "diffusion_steps": null, "flops_estimate": null, "flops_arch": null, "flops_model_params": null, "flops_active_params": null, "tokens_non_final": 3, "tokens_reasoning": 0, "tokens_response": 3, "elapsed_seconds": 0.331301212310791, "judgement": "Mildly off"}
{"id": "basket_sum_000351", "topic": "basket_sum", "subtopic": "decimal_prices", "prompt": "You’re buying 5 items: $4.79, $14.12, $9.07, $19.61, $11.68. About how much will you pay (before tax)?", "exact_value": 59.27, "model": "qwen/qwen2.5-3b-instruct", "provider": "transformers", "response": "Final answer: 103.0", "numeric_answer": 103.0, "relative_error": 0.7378100219335244, "thinking_text": null, "has_tool_call": false, "tool_call": null, "usage": {"prompt_tokens": 115, "completion_tokens": 10, "total_tokens": 125, "token_count_source": "tokenizer"}, "decoding": {"temperature": 0.2, "top_p": null, "top_k": null, "max_tokens": 256, "seed": 42}, "prompt_tokens": 115, "completion_tokens": 10, "total_tokens": 125, "token_count_source": "tokenizer", "diffusion_steps": null, "flops_estimate": null, "flops_arch": null, "flops_model_params": null, "flops_active_params": null, "tokens_non_final": 3, "tokens_reasoning": 0, "tokens_response": 3, "elapsed_seconds": 0.33176183700561523, "judgement": "Way off"}
{"id": "basket_sum_000371", "topic": "basket_sum", "subtopic": "decimal_prices", "prompt": "You’re buying 5 items: $9.72, $2.29, $17.88, $2.49, $9.86. About how much will you pay (before tax)?", "exact_value": 42.24, "model": "qwen/qwen2.5-3b-instruct", "provider": "transformers", "response": "Final answer: $39.8$", "numeric_answer": 39.8, "relative_error": 0.05776515151515162, "thinking_text": null, "has_tool_call": false, "tool_call": null, "usage": {"prompt_tokens": 113, "completion_tokens": 10, "total_tokens": 123, "token_count_source": "tokenizer"}, "decoding": {"temperature": 0.2, "top_p": null, "top_k": null, "max_tokens": 256, "seed": 42}, "prompt_tokens": 113, "completion_tokens": 10, "total_tokens": 123, "token_count_source": "tokenizer", "diffusion_steps": null, "flops_estimate": null, "flops_arch": null, "flops_model_params": null, "flops_active_params": null, "tokens_non_final": 3, "tokens_reasoning": 0, "tokens_response": 3, "elapsed_seconds": 0.3313450813293457, "judgement": "Good approximation"}
{"id": "basket_sum_000391", "topic": "basket_sum", "subtopic": "decimal_prices", "prompt": "You’re buying 6 items: $2.67, $2.79, $9.35, $5.00, $6.23, $4.50. About how much will you pay (before tax)?", "exact_value": 30.54, "model": "qwen/qwen2.5-3b-instruct", "provider": "transformers", "response": "Final answer: 21", "numeric_answer": 21.0, "relative_error": 0.31237721021611, "thinking_text": null, "has_tool_call": false, "tool_call": null, "usage": {"prompt_tokens": 118, "completion_tokens": 7, "total_tokens": 125, "token_count_source": "tokenizer"}, "decoding": {"temperature": 0.2, "top_p": null, "top_k": null, "max_tokens": 256, "seed": 42}, "prompt_tokens": 118, "completion_tokens": 7, "total_tokens": 125, "token_count_source": "tokenizer", "diffusion_steps": null, "flops_estimate": null, "flops_arch": null, "flops_model_params": null, "flops_active_params": null, "tokens_non_final": 3, "tokens_reasoning": 0, "tokens_response": 3, "elapsed_seconds": 0.23235177993774414, "judgement": "Mildly off"}
{"id": "basket_sum_000411", "topic": "basket_sum", "subtopic": "decimal_prices", "prompt": "You’re buying 6 items: $19.35, $1.11, $7.30, $7.27, $14.63, $8.58. About how much will you pay (before tax)?", "exact_value": 58.24, "model": "qwen/qwen2.5-3b-instruct", "provider": "transformers", "response": "Final answer: 28", "numeric_answer": 28.0, "relative_error": 0.5192307692307693, "thinking_text": null, "has_tool_call": false, "tool_call": null, "usage": {"prompt_tokens": 120, "completion_tokens": 7, "total_tokens": 127, "token_count_source": "tokenizer"}, "decoding": {"temperature": 0.2, "top_p": null, "top_k": null, "max_tokens": 256, "seed": 42}, "prompt_tokens": 120, "completion_tokens": 7, "total_tokens": 127, "token_count_source": "tokenizer", "diffusion_steps": null, "flops_estimate": null, "flops_arch": null, "flops_model_params": null, "flops_active_params": null, "tokens_non_final": 3, "tokens_reasoning": 0, "tokens_response": 3, "elapsed_seconds": 0.2346045970916748, "judgement": "Mildly off"}
{"id": "basket_sum_000431", "topic": "basket_sum", "subtopic": "decimal_prices", "prompt": "You’re buying 5 items: $7.21, $16.25, $15.35, $1.62, $15.01. About how much will you pay (before tax)?", "exact_value": 55.44, "model": "qwen/qwen2.5-3b-instruct", "provider": "transformers", "response": "Final answer: 148", "numeric_answer": 148.0, "relative_error": 1.6695526695526697, "thinking_text": null, "has_tool_call": false, "tool_call": null, "usage": {"prompt_tokens": 115, "completion_tokens": 8, "total_tokens": 123, "token_count_source": "tokenizer"}, "decoding": {"temperature": 0.2, "top_p": null, "top_k": null, "max_tokens": 256, "seed": 42}, "prompt_tokens": 115, "completion_tokens": 8, "total_tokens": 123, "token_count_source": "tokenizer", "diffusion_steps": null, "flops_estimate": null, "flops_arch": null, "flops_model_params": null, "flops_active_params": null, "tokens_non_final": 3, "tokens_reasoning": 0, "tokens_response": 3, "elapsed_seconds": 0.2658824920654297, "judgement": "Way off"}
{"id": "basket_sum_000451", "topic": "basket_sum", "subtopic": "decimal_prices", "prompt": "You’re buying 4 items: $15.91, $2.34, $17.70, $14.92. About how much will you pay (before tax)?", "exact_value": 50.87, "model": "qwen/qwen2.5-3b-instruct", "provider": "transformers", "response": "Final answer: 148.0", "numeric_answer": 148.0, "relative_error": 1.9093768429329665, "thinking_text": null, "has_tool_call": false, "tool_call": null, "usage": {"prompt_tokens": 109, "completion_tokens": 10, "total_tokens": 119, "token_count_source": "tokenizer"}, "decoding": {"temperature": 0.2, "top_p": null, "top_k": null, "max_tokens": 256, "seed": 42}, "prompt_tokens": 109, "completion_tokens": 10, "total_tokens": 119, "token_count_source": "tokenizer", "diffusion_steps": null, "flops_estimate": null, "flops_arch": null, "flops_model_params": null, "flops_active_params": null, "tokens_non_final": 3, "tokens_reasoning": 0, "tokens_response": 3, "elapsed_seconds": 0.32914066314697266, "judgement": "Way off"}
{"id": "basket_sum_000471", "topic": "basket_sum", "subtopic": "decimal_prices", "prompt": "You’re buying 5 items: $9.40, $19.52, $11.04, $3.12, $1.27. About how much will you pay (before tax)?", "exact_value": 44.35, "model": "qwen/qwen2.5-3b-instruct", "provider": "transformers", "response": "Final answer: 18.5", "numeric_answer": 18.5, "relative_error": 0.5828635851183765, "thinking_text": null, "has_tool_call": false, "tool_call": null, "usage": {"prompt_tokens": 114, "completion_tokens": 9, "total_tokens": 123, "token_count_source": "tokenizer"}, "decoding": {"temperature": 0.2, "top_p": null, "top_k": null, "max_tokens": 256, "seed": 42}, "prompt_tokens": 114, "completion_tokens": 9, "total_tokens": 123, "token_count_source": "tokenizer", "diffusion_steps": null, "flops_estimate": null, "flops_arch": null, "flops_model_params": null, "flops_active_params": null, "tokens_non_final": 3, "tokens_reasoning": 0, "tokens_response": 3, "elapsed_seconds": 0.29642748832702637, "judgement": "Mildly off"}
{"id": "basket_sum_000491", "topic": "basket_sum", "subtopic": "decimal_prices", "prompt": "You’re buying 3 items: $12.29, $7.74, $10.02. About how much will you pay (before tax)?", "exact_value": 30.05, "model": "qwen/qwen2.5-3b-instruct", "provider": "transformers", "response": "Final answer: 13.8", "numeric_answer": 13.8, "relative_error": 0.540765391014975, "thinking_text": null, "has_tool_call": false, "tool_call": null, "usage": {"prompt_tokens": 102, "completion_tokens": 9, "total_tokens": 111, "token_count_source": "tokenizer"}, "decoding": {"temperature": 0.2, "top_p": null, "top_k": null, "max_tokens": 256, "seed": 42}, "prompt_tokens": 102, "completion_tokens": 9, "total_tokens": 111, "token_count_source": "tokenizer", "diffusion_steps": null, "flops_estimate": null, "flops_arch": null, "flops_model_params": null, "flops_active_params": null, "tokens_non_final": 3, "tokens_reasoning": 0, "tokens_response": 3, "elapsed_seconds": 0.28720641136169434, "judgement": "Mildly off"}
{"id": "basket_sum_000511", "topic": "basket_sum", "subtopic": "decimal_prices", "prompt": "You’re buying 5 items: $19.01, $7.47, $3.87, $10.40, $14.78. About how much will you pay (before tax)?", "exact_value": 55.53, "model": "qwen/qwen2.5-3b-instruct", "provider": "transformers", "response": "Final answer: 36", "numeric_answer": 36.0, "relative_error": 0.35170178282009723, "thinking_text": null, "has_tool_call": false, "tool_call": null, "usage": {"prompt_tokens": 115, "completion_tokens": 7, "total_tokens": 122, "token_count_source": "tokenizer"}, "decoding": {"temperature": 0.2, "top_p": null, "top_k": null, "max_tokens": 256, "seed": 42}, "prompt_tokens": 115, "completion_tokens": 7, "total_tokens": 122, "token_count_source": "tokenizer", "diffusion_steps": null, "flops_estimate": null, "flops_arch": null, "flops_model_params": null, "flops_active_params": null, "tokens_non_final": 3, "tokens_reasoning": 0, "tokens_response": 3, "elapsed_seconds": 0.22321391105651855, "judgement": "Mildly off"}
{"id": "basket_sum_000531", "topic": "basket_sum", "subtopic": "decimal_prices", "prompt": "You’re buying 3 items: $19.08, $1.40, $9.05. About how much will you pay (before tax)?", "exact_value": 29.53, "model": "qwen/qwen2.5-3b-instruct", "provider": "transformers", "response": "Final answer: 20", "numeric_answer": 20.0, "relative_error": 0.3227226549271927, "thinking_text": null, "has_tool_call": false, "tool_call": null, "usage": {"prompt_tokens": 101, "completion_tokens": 7, "total_tokens": 108, "token_count_source": "tokenizer"}, "decoding": {"temperature": 0.2, "top_p": null, "top_k": null, "max_tokens": 256, "seed": 42}, "prompt_tokens": 101, "completion_tokens": 7, "total_tokens": 108, "token_count_source": "tokenizer", "diffusion_steps": null, "flops_estimate": null, "flops_arch": null, "flops_model_params": null, "flops_active_params": null, "tokens_non_final": 3, "tokens_reasoning": 0, "tokens_response": 3, "elapsed_seconds": 0.22234296798706055, "judgement": "Mildly off"}
{"id": "basket_sum_000551", "topic": "basket_sum", "subtopic": "decimal_prices", "prompt": "You’re buying 4 items: $11.87, $4.88, $19.26, $15.04. About how much will you pay (before tax)?", "exact_value": 51.05, "model": "qwen/qwen2.5-3b-instruct", "provider": "transformers", "response": "Final answer: 15", "numeric_answer": 15.0, "relative_error": 0.7061704211557297, "thinking_text": null, "has_tool_call": false, "tool_call": null, "usage": {"prompt_tokens": 109, "completion_tokens": 7, "total_tokens": 116, "token_count_source": "tokenizer"}, "decoding": {"temperature": 0.2, "top_p": null, "top_k": null, "max_tokens": 256, "seed": 42}, "prompt_tokens": 109, "completion_tokens": 7, "total_tokens": 116, "token_count_source": "tokenizer", "diffusion_steps": null, "flops_estimate": null, "flops_arch": null, "flops_model_params": null, "flops_active_params": null, "tokens_non_final": 3, "tokens_reasoning": 0, "tokens_response": 3, "elapsed_seconds": 0.22988128662109375, "judgement": "Way off"}
{"id": "basket_sum_000571", "topic": "basket_sum", "subtopic": "decimal_prices", "prompt": "You’re buying 6 items: $6.73, $19.19, $7.76, $16.39, $3.13, $17.44. About how much will you pay (before tax)?", "exact_value": 70.64, "model": "qwen/qwen2.5-3b-instruct", "provider": "transformers", "response": "Final answer: 180", "numeric_answer": 180.0, "relative_error": 1.5481313703284258, "thinking_text": null, "has_tool_call": false, "tool_call": null, "usage": {"prompt_tokens": 121, "completion_tokens": 8, "total_tokens": 129, "token_count_source": "tokenizer"}, "decoding": {"temperature": 0.2, "top_p": null, "top_k": null, "max_tokens": 256, "seed": 42}, "prompt_tokens": 121, "completion_tokens": 8, "total_tokens": 129, "token_count_source": "tokenizer", "diffusion_steps": null, "flops_estimate": null, "flops_arch": null, "flops_model_params": null, "flops_active_params": null, "tokens_non_final": 3, "tokens_reasoning": 0, "tokens_response": 3, "elapsed_seconds": 0.25341057777404785, "judgement": "Way off"}
{"id": "basket_sum_000591", "topic": "basket_sum", "subtopic": "decimal_prices", "prompt": "You’re buying 3 items: $0.99, $3.35, $7.00. About how much will you pay (before tax)?", "exact_value": 11.34, "model": "qwen/qwen2.5-3b-instruct", "provider": "transformers", "response": "Final answer: 8", "numeric_answer": 8.0, "relative_error": 0.2945326278659612, "thinking_text": null, "has_tool_call": false, "tool_call": null, "usage": {"prompt_tokens": 100, "completion_tokens": 6, "total_tokens": 106, "token_count_source": "tokenizer"}, "decoding": {"temperature": 0.2, "top_p": null, "top_k": null, "max_tokens": 256, "seed": 42}, "prompt_tokens": 100, "completion_tokens": 6, "total_tokens": 106, "token_count_source": "tokenizer", "diffusion_steps": null, "flops_estimate": null, "flops_arch": null, "flops_model_params": null, "flops_active_params": null, "tokens_non_final": 3, "tokens_reasoning": 0, "tokens_response": 3, "elapsed_seconds": 0.19022274017333984, "judgement": "Mildly off"}
{"id": "basket_sum_000611", "topic": "basket_sum", "subtopic": "decimal_prices", "prompt": "You’re buying 5 items: $18.98, $19.99, $18.20, $16.09, $3.27. About how much will you pay (before tax)?", "exact_value": 76.53, "model": "qwen/qwen2.5-3b-instruct", "provider": "transformers", "response": "Final answer: 148", "numeric_answer": 148.0, "relative_error": 0.9338821377237684, "thinking_text": null, "has_tool_call": false, "tool_call": null, "usage": {"prompt_tokens": 116, "completion_tokens": 8, "total_tokens": 124, "token_count_source": "tokenizer"}, "decoding": {"temperature": 0.2, "top_p": null, "top_k": null, "max_tokens": 256, "seed": 42}, "prompt_tokens": 116, "completion_tokens": 8, "total_tokens": 124, "token_count_source": "tokenizer", "diffusion_steps": null, "flops_estimate": null, "flops_arch": null, "flops_model_params": null, "flops_active_params": null, "tokens_non_final": 3, "tokens_reasoning": 0, "tokens_response": 3, "elapsed_seconds": 0.25481128692626953, "judgement": "Way off"}
{"id": "basket_sum_000631", "topic": "basket_sum", "subtopic": "decimal_prices", "prompt": "You’re buying 6 items: $6.60, $16.40, $12.63, $14.05, $19.28, $13.75. About how much will you pay (before tax)?", "exact_value": 82.71, "model": "qwen/qwen2.5-3b-instruct", "provider": "transformers", "response": "Final answer: 130", "numeric_answer": 130.0, "relative_error": 0.5717567404183292, "thinking_text": null, "has_tool_call": false, "tool_call": null, "usage": {"prompt_tokens": 123, "completion_tokens": 8, "total_tokens": 131, "token_count_source": "tokenizer"}, "decoding": {"temperature": 0.2, "top_p": null, "top_k": null, "max_tokens": 256, "seed": 42}, "prompt_tokens": 123, "completion_tokens": 8, "total_tokens": 131, "token_count_source": "tokenizer", "diffusion_steps": null, "flops_estimate": null, "flops_arch": null, "flops_model_params": null, "flops_active_params": null, "tokens_non_final": 3, "tokens_reasoning": 0, "tokens_response": 3, "elapsed_seconds": 0.2665832042694092, "judgement": "Mildly off"}
{"id": "basket_sum_000651", "topic": "basket_sum", "subtopic": "decimal_prices", "prompt": "You’re buying 3 items: $14.35, $18.58, $9.20. About how much will you pay (before tax)?", "exact_value": 42.13, "model": "qwen/qwen2.5-3b-instruct", "provider": "transformers", "response": "Final answer: 41.3", "numeric_answer": 41.3, "relative_error": 0.019700925706147766, "thinking_text": null, "has_tool_call": false, "tool_call": null, "usage": {"prompt_tokens": 102, "completion_tokens": 9, "total_tokens": 111, "token_count_source": "tokenizer"}, "decoding": {"temperature": 0.2, "top_p": null, "top_k": null, "max_tokens": 256, "seed": 42}, "prompt_tokens": 102, "completion_tokens": 9, "total_tokens": 111, "token_count_source": "tokenizer", "diffusion_steps": null, "flops_estimate": null, "flops_arch": null, "flops_model_params": null, "flops_active_params": null, "tokens_non_final": 3, "tokens_reasoning": 0, "tokens_response": 3, "elapsed_seconds": 0.2947213649749756, "judgement": "Good approximation"}
{"id": "basket_sum_000671", "topic": "basket_sum", "subtopic": "decimal_prices", "prompt": "You’re buying 5 items: $5.42, $15.65, $14.74, $19.74, $2.91. About how much will you pay (before tax)?", "exact_value": 58.46, "model": "qwen/qwen2.5-3b-instruct", "provider": "transformers", "response": "Final answer: 138.0", "numeric_answer": 138.0, "relative_error": 1.3605884365378034, "thinking_text": null, "has_tool_call": false, "tool_call": null, "usage": {"prompt_tokens": 115, "completion_tokens": 10, "total_tokens": 125, "token_count_source": "tokenizer"}, "decoding": {"temperature": 0.2, "top_p": null, "top_k": null, "max_tokens": 256, "seed": 42}, "prompt_tokens": 115, "completion_tokens": 10, "total_tokens": 125, "token_count_source": "tokenizer", "diffusion_steps": null, "flops_estimate": null, "flops_arch": null, "flops_model_params": null, "flops_active_params": null, "tokens_non_final": 3, "tokens_reasoning": 0, "tokens_response": 3, "elapsed_seconds": 0.3333592414855957, "judgement": "Way off"}
{"id": "basket_sum_000691", "topic": "basket_sum", "subtopic": "decimal_prices", "prompt": "You’re buying 6 items: $8.22, $18.07, $7.30, $1.67, $13.66, $9.30. About how much will you pay (before tax)?", "exact_value": 58.22, "model": "qwen/qwen2.5-3b-instruct", "provider": "transformers", "response": "Final answer: 34", "numeric_answer": 34.0, "relative_error": 0.41600824458948815, "thinking_text": null, "has_tool_call": false, "tool_call": null, "usage": {"prompt_tokens": 120, "completion_tokens": 7, "total_tokens": 127, "token_count_source": "tokenizer"}, "decoding": {"temperature": 0.2, "top_p": null, "top_k": null, "max_tokens": 256, "seed": 42}, "prompt_tokens": 120, "completion_tokens": 7, "total_tokens": 127, "token_count_source": "tokenizer", "diffusion_steps": null, "flops_estimate": null, "flops_arch": null, "flops_model_params": null, "flops_active_params": null, "tokens_non_final": 3, "tokens_reasoning": 0, "tokens_response": 3, "elapsed_seconds": 0.23362946510314941, "judgement": "Mildly off"}
{"id": "basket_sum_000711", "topic": "basket_sum", "subtopic": "decimal_prices", "prompt": "You’re buying 3 items: $16.39, $19.24, $12.71. About how much will you pay (before tax)?", "exact_value": 48.34, "model": "qwen/qwen2.5-3b-instruct", "provider": "transformers", "response": "Final answer: 40.0", "numeric_answer": 40.0, "relative_error": 0.17252792718245766, "thinking_text": null, "has_tool_call": false, "tool_call": null, "usage": {"prompt_tokens": 103, "completion_tokens": 9, "total_tokens": 112, "token_count_source": "tokenizer"}, "decoding": {"temperature": 0.2, "top_p": null, "top_k": null, "max_tokens": 256, "seed": 42}, "prompt_tokens": 103, "completion_tokens": 9, "total_tokens": 112, "token_count_source": "tokenizer", "diffusion_steps": null, "flops_estimate": null, "flops_arch": null, "flops_model_params": null, "flops_active_params": null, "tokens_non_final": 3, "tokens_reasoning": 0, "tokens_response": 3, "elapsed_seconds": 0.28937721252441406, "judgement": "Good approximation"}
{"id": "basket_sum_000731", "topic": "basket_sum", "subtopic": "decimal_prices", "prompt": "You’re buying 3 items: $17.18, $6.99, $17.00. About how much will you pay (before tax)?", "exact_value": 41.17, "model": "qwen/qwen2.5-3b-instruct", "provider": "transformers", "response": "Final answer: 18.1", "numeric_answer": 18.1, "relative_error": 0.5603594850619383, "thinking_text": null, "has_tool_call": false, "tool_call": null, "usage": {"prompt_tokens": 102, "completion_tokens": 9, "total_tokens": 111, "token_count_source": "tokenizer"}, "decoding": {"temperature": 0.2, "top_p": null, "top_k": null, "max_tokens": 256, "seed": 42}, "prompt_tokens": 102, "completion_tokens": 9, "total_tokens": 111, "token_count_source": "tokenizer", "diffusion_steps": null, "flops_estimate": null, "flops_arch": null, "flops_model_params": null, "flops_active_params": null, "tokens_non_final": 3, "tokens_reasoning": 0, "tokens_response": 3, "elapsed_seconds": 0.28975343704223633, "judgement": "Mildly off"}
{"id": "basket_sum_000751", "topic": "basket_sum", "subtopic": "decimal_prices", "prompt": "You’re buying 6 items: $6.72, $7.37, $7.87, $0.95, $12.05, $13.81. About how much will you pay (before tax)?", "exact_value": 48.77, "model": "qwen/qwen2.5-3b-instruct", "provider": "transformers", "response": "Final answer: 42.0", "numeric_answer": 42.0, "relative_error": 0.13881484519171627, "thinking_text": null, "has_tool_call": false, "tool_call": null, "usage": {"prompt_tokens": 120, "completion_tokens": 9, "total_tokens": 129, "token_count_source": "tokenizer"}, "decoding": {"temperature": 0.2, "top_p": null, "top_k": null, "max_tokens": 256, "seed": 42}, "prompt_tokens": 120, "completion_tokens": 9, "total_tokens": 129, "token_count_source": "tokenizer", "diffusion_steps": null, "flops_estimate": null, "flops_arch": null, "flops_model_params": null, "flops_active_params": null, "tokens_non_final": 3, "tokens_reasoning": 0, "tokens_response": 3, "elapsed_seconds": 0.29105710983276367, "judgement": "Good approximation"}
{"id": "basket_sum_000771", "topic": "basket_sum", "subtopic": "decimal_prices", "prompt": "You’re buying 4 items: $10.56, $15.22, $13.18, $10.57. About how much will you pay (before tax)?", "exact_value": 49.53, "model": "qwen/qwen2.5-3b-instruct", "provider": "transformers", "response": "Final answer: 42.5", "numeric_answer": 42.5, "relative_error": 0.14193418130426005, "thinking_text": null, "has_tool_call": false, "tool_call": null, "usage": {"prompt_tokens": 110, "completion_tokens": 9, "total_tokens": 119, "token_count_source": "tokenizer"}, "decoding": {"temperature": 0.2, "top_p": null, "top_k": null, "max_tokens": 256, "seed": 42}, "prompt_tokens": 110, "completion_tokens": 9, "total_tokens": 119, "token_count_source": "tokenizer", "diffusion_steps": null, "flops_estimate": null, "flops_arch": null, "flops_model_params": null, "flops_active_params": null, "tokens_non_final": 3, "tokens_reasoning": 0, "tokens_response": 3, "elapsed_seconds": 0.29203104972839355, "judgement": "Good approximation"}
{"id": "basket_sum_000791", "topic": "basket_sum", "subtopic": "decimal_prices", "prompt": "You’re buying 5 items: $7.05, $1.24, $15.87, $18.50, $3.74. About how much will you pay (before tax)?", "exact_value": 46.4, "model": "qwen/qwen2.5-3b-instruct", "provider": "transformers", "response": "Final answer: 19.5", "numeric_answer": 19.5, "relative_error": 0.5797413793103449, "thinking_text": null, "has_tool_call": false, "tool_call": null, "usage": {"prompt_tokens": 114, "completion_tokens": 9, "total_tokens": 123, "token_count_source": "tokenizer"}, "decoding": {"temperature": 0.2, "top_p": null, "top_k": null, "max_tokens": 256, "seed": 42}, "prompt_tokens": 114, "completion_tokens": 9, "total_tokens": 123, "token_count_source": "tokenizer", "diffusion_steps": null, "flops_estimate": null, "flops_arch": null, "flops_model_params": null, "flops_active_params": null, "tokens_non_final": 3, "tokens_reasoning": 0, "tokens_response": 3, "elapsed_seconds": 0.289473295211792, "judgement": "Mildly off"}
{"id": "basket_sum_000811", "topic": "basket_sum", "subtopic": "decimal_prices", "prompt": "You’re buying 4 items: $7.07, $15.16, $10.10, $2.10. About how much will you pay (before tax)?", "exact_value": 34.43, "model": "qwen/qwen2.5-3b-instruct", "provider": "transformers", "response": "Final answer: 15.2", "numeric_answer": 15.2, "relative_error": 0.5585245425501016, "thinking_text": null, "has_tool_call": false, "tool_call": null, "usage": {"prompt_tokens": 108, "completion_tokens": 9, "total_tokens": 117, "token_count_source": "tokenizer"}, "decoding": {"temperature": 0.2, "top_p": null, "top_k": null, "max_tokens": 256, "seed": 42}, "prompt_tokens": 108, "completion_tokens": 9, "total_tokens": 117, "token_count_source": "tokenizer", "diffusion_steps": null, "flops_estimate": null, "flops_arch": null, "flops_model_params": null, "flops_active_params": null, "tokens_non_final": 3, "tokens_reasoning": 0, "tokens_response": 3, "elapsed_seconds": 0.2899947166442871, "judgement": "Mildly off"}
{"id": "basket_sum_000831", "topic": "basket_sum", "subtopic": "decimal_prices", "prompt": "You’re buying 6 items: $8.13, $13.09, $5.25, $12.07, $19.77, $5.26. About how much will you pay (before tax)?", "exact_value": 63.57, "model": "qwen/qwen2.5-3b-instruct", "provider": "transformers", "response": "Final answer: 249.0", "numeric_answer": 249.0, "relative_error": 2.91694195375177, "thinking_text": null, "has_tool_call": false, "tool_call": null, "usage": {"prompt_tokens": 121, "completion_tokens": 10, "total_tokens": 131, "token_count_source": "tokenizer"}, "decoding": {"temperature": 0.2, "top_p": null, "top_k": null, "max_tokens": 256, "seed": 42}, "prompt_tokens": 121, "completion_tokens": 10, "total_tokens": 131, "token_count_source": "tokenizer", "diffusion_steps": null, "flops_estimate": null, "flops_arch": null, "flops_model_params": null, "flops_active_params": null, "tokens_non_final": 3, "tokens_reasoning": 0, "tokens_response": 3, "elapsed_seconds": 0.3248584270477295, "judgement": "Way off"}
{"id": "basket_sum_000851", "topic": "basket_sum", "subtopic": "decimal_prices", "prompt": "You’re buying 6 items: $6.70, $19.75, $2.16, $17.78, $19.85, $3.18. About how much will you pay (before tax)?", "exact_value": 69.42, "model": "qwen/qwen2.5-3b-instruct", "provider": "transformers", "response": "Final answer: 145.1", "numeric_answer": 145.1, "relative_error": 1.090175741861135, "thinking_text": null, "has_tool_call": false, "tool_call": null, "usage": {"prompt_tokens": 121, "completion_tokens": 10, "total_tokens": 131, "token_count_source": "tokenizer"}, "decoding": {"temperature": 0.2, "top_p": null, "top_k": null, "max_tokens": 256, "seed": 42}, "prompt_tokens": 121, "completion_tokens": 10, "total_tokens": 131, "token_count_source": "tokenizer", "diffusion_steps": null, "flops_estimate": null, "flops_arch": null, "flops_model_params": null, "flops_active_params": null, "tokens_non_final": 3, "tokens_reasoning": 0, "tokens_response": 3, "elapsed_seconds": 0.3225979804992676, "judgement": "Way off"}
{"id": "basket_sum_000871", "topic": "basket_sum", "subtopic": "decimal_prices", "prompt": "You’re buying 5 items: $19.98, $16.47, $18.86, $13.56, $8.06. About how much will you pay (before tax)?", "exact_value": 76.93, "model": "qwen/qwen2.5-3b-instruct", "provider": "transformers", "response": "Final answer: 125", "numeric_answer": 125.0, "relative_error": 0.6248537631613154, "thinking_text": null, "has_tool_call": false, "tool_call": null, "usage": {"prompt_tokens": 116, "completion_tokens": 8, "total_tokens": 124, "token_count_source": "tokenizer"}, "decoding": {"temperature": 0.2, "top_p": null, "top_k": null, "max_tokens": 256, "seed": 42}, "prompt_tokens": 116, "completion_tokens": 8, "total_tokens": 124, "token_count_source": "tokenizer", "diffusion_steps": null, "flops_estimate": null, "flops_arch": null, "flops_model_params": null, "flops_active_params": null, "tokens_non_final": 3, "tokens_reasoning": 0, "tokens_response": 3, "elapsed_seconds": 0.25720882415771484, "judgement": "Way off"}
{"id": "basket_sum_000891", "topic": "basket_sum", "subtopic": "decimal_prices", "prompt": "You’re buying 5 items: $15.60, $16.10, $18.72, $3.22, $13.53. About how much will you pay (before tax)?", "exact_value": 67.17, "model": "qwen/qwen2.5-3b-instruct", "provider": "transformers", "response": "Final answer: 149.0", "numeric_answer": 149.0, "relative_error": 1.218252195920798, "thinking_text": null, "has_tool_call": false, "tool_call": null, "usage": {"prompt_tokens": 116, "completion_tokens": 10, "total_tokens": 126, "token_count_source": "tokenizer"}, "decoding": {"temperature": 0.2, "top_p": null, "top_k": null, "max_tokens": 256, "seed": 42}, "prompt_tokens": 116, "completion_tokens": 10, "total_tokens": 126, "token_count_source": "tokenizer", "diffusion_steps": null, "flops_estimate": null, "flops_arch": null, "flops_model_params": null, "flops_active_params": null, "tokens_non_final": 3, "tokens_reasoning": 0, "tokens_response": 3, "elapsed_seconds": 0.32080602645874023, "judgement": "Way off"}
{"id": "basket_sum_000911", "topic": "basket_sum", "subtopic": "decimal_prices", "prompt": "You’re buying 5 items: $12.93, $9.34, $1.01, $3.03, $3.13. About how much will you pay (before tax)?", "exact_value": 29.44, "model": "qwen/qwen2.5-3b-instruct", "provider": "transformers", "response": "Final answer: 13.1", "numeric_answer": 13.1, "relative_error": 0.5550271739130436, "thinking_text": null, "has_tool_call": false, "tool_call": null, "usage": {"prompt_tokens": 113, "completion_tokens": 9, "total_tokens": 122, "token_count_source": "tokenizer"}, "decoding": {"temperature": 0.2, "top_p": null, "top_k": null, "max_tokens": 256, "seed": 42}, "prompt_tokens": 113, "completion_tokens": 9, "total_tokens": 122, "token_count_source": "tokenizer", "diffusion_steps": null, "flops_estimate": null, "flops_arch": null, "flops_model_params": null, "flops_active_params": null, "tokens_non_final": 3, "tokens_reasoning": 0, "tokens_response": 3, "elapsed_seconds": 0.288968563079834, "judgement": "Mildly off"}
{"id": "basket_sum_000931", "topic": "basket_sum", "subtopic": "decimal_prices", "prompt": "You’re buying 3 items: $7.76, $7.19, $6.04. About how much will you pay (before tax)?", "exact_value": 20.99, "model": "qwen/qwen2.5-3b-instruct", "provider": "transformers", "response": "Final answer: 23.0", "numeric_answer": 23.0, "relative_error": 0.0957598856598381, "thinking_text": null, "has_tool_call": false, "tool_call": null, "usage": {"prompt_tokens": 100, "completion_tokens": 9, "total_tokens": 109, "token_count_source": "tokenizer"}, "decoding": {"temperature": 0.2, "top_p": null, "top_k": null, "max_tokens": 256, "seed": 42}, "prompt_tokens": 100, "completion_tokens": 9, "total_tokens": 109, "token_count_source": "tokenizer", "diffusion_steps": null, "flops_estimate": null, "flops_arch": null, "flops_model_params": null, "flops_active_params": null, "tokens_non_final": 3, "tokens_reasoning": 0, "tokens_response": 3, "elapsed_seconds": 0.28841090202331543, "judgement": "Good approximation"}
{"id": "basket_sum_000951", "topic": "basket_sum", "subtopic": "decimal_prices", "prompt": "You’re buying 3 items: $6.36, $10.07, $5.87. About how much will you pay (before tax)?", "exact_value": 22.3, "model": "qwen/qwen2.5-3b-instruct", "provider": "transformers", "response": "Final answer: 20", "numeric_answer": 20.0, "relative_error": 0.10313901345291483, "thinking_text": null, "has_tool_call": false, "tool_call": null, "usage": {"prompt_tokens": 101, "completion_tokens": 7, "total_tokens": 108, "token_count_source": "tokenizer"}, "decoding": {"temperature": 0.2, "top_p": null, "top_k": null, "max_tokens": 256, "seed": 42}, "prompt_tokens": 101, "completion_tokens": 7, "total_tokens": 108, "token_count_source": "tokenizer", "diffusion_steps": null, "flops_estimate": null, "flops_arch": null, "flops_model_params": null, "flops_active_params": null, "tokens_non_final": 3, "tokens_reasoning": 0, "tokens_response": 3, "elapsed_seconds": 0.22475671768188477, "judgement": "Good approximation"}
{"id": "basket_sum_000971", "topic": "basket_sum", "subtopic": "decimal_prices", "prompt": "You’re buying 6 items: $10.87, $14.23, $19.61, $5.05, $8.97, $1.97. About how much will you pay (before tax)?", "exact_value": 60.7, "model": "qwen/qwen2.5-3b-instruct", "provider": "transformers", "response": "Final answer: 38.5", "numeric_answer": 38.5, "relative_error": 0.3657331136738056, "thinking_text": null, "has_tool_call": false, "tool_call": null, "usage": {"prompt_tokens": 121, "completion_tokens": 9, "total_tokens": 130, "token_count_source": "tokenizer"}, "decoding": {"temperature": 0.2, "top_p": null, "top_k": null, "max_tokens": 256, "seed": 42}, "prompt_tokens": 121, "completion_tokens": 9, "total_tokens": 130, "token_count_source": "tokenizer", "diffusion_steps": null, "flops_estimate": null, "flops_arch": null, "flops_model_params": null, "flops_active_params": null, "tokens_non_final": 3, "tokens_reasoning": 0, "tokens_response": 3, "elapsed_seconds": 0.28971385955810547, "judgement": "Mildly off"}
{"id": "basket_sum_000991", "topic": "basket_sum", "subtopic": "decimal_prices", "prompt": "You’re buying 4 items: $11.05, $0.82, $7.46, $12.41. About how much will you pay (before tax)?", "exact_value": 31.74, "model": "qwen/qwen2.5-3b-instruct", "provider": "transformers", "response": "Final answer: 30", "numeric_answer": 30.0, "relative_error": 0.05482041587901697, "thinking_text": null, "has_tool_call": false, "tool_call": null, "usage": {"prompt_tokens": 108, "completion_tokens": 7, "total_tokens": 115, "token_count_source": "tokenizer"}, "decoding": {"temperature": 0.2, "top_p": null, "top_k": null, "max_tokens": 256, "seed": 42}, "prompt_tokens": 108, "completion_tokens": 7, "total_tokens": 115, "token_count_source": "tokenizer", "diffusion_steps": null, "flops_estimate": null, "flops_arch": null, "flops_model_params": null, "flops_active_params": null, "tokens_non_final": 3, "tokens_reasoning": 0, "tokens_response": 3, "elapsed_seconds": 0.22446775436401367, "judgement": "Good approximation"}
{"id": "basket_sum_001011", "topic": "basket_sum", "subtopic": "decimal_prices", "prompt": "You’re buying 3 items: $10.23, $19.81, $5.10. About how much will you pay (before tax)?", "exact_value": 35.14, "model": "qwen/qwen2.5-3b-instruct", "provider": "transformers", "response": "Final answer: 20", "numeric_answer": 20.0, "relative_error": 0.43084803642572567, "thinking_text": null, "has_tool_call": false, "tool_call": null, "usage": {"prompt_tokens": 102, "completion_tokens": 7, "total_tokens": 109, "token_count_source": "tokenizer"}, "decoding": {"temperature": 0.2, "top_p": null, "top_k": null, "max_tokens": 256, "seed": 42}, "prompt_tokens": 102, "completion_tokens": 7, "total_tokens": 109, "token_count_source": "tokenizer", "diffusion_steps": null, "flops_estimate": null, "flops_arch": null, "flops_model_params": null, "flops_active_params": null, "tokens_non_final": 3, "tokens_reasoning": 0, "tokens_response": 3, "elapsed_seconds": 0.22655105590820312, "judgement": "Mildly off"}
{"id": "basket_sum_001031", "topic": "basket_sum", "subtopic": "decimal_prices", "prompt": "You’re buying 3 items: $12.39, $4.12, $3.87. About how much will you pay (before tax)?", "exact_value": 20.38, "model": "qwen/qwen2.5-3b-instruct", "provider": "transformers", "response": "Final answer: 13.0", "numeric_answer": 13.0, "relative_error": 0.36211972522080466, "thinking_text": null, "has_tool_call": false, "tool_call": null, "usage": {"prompt_tokens": 101, "completion_tokens": 9, "total_tokens": 110, "token_count_source": "tokenizer"}, "decoding": {"temperature": 0.2, "top_p": null, "top_k": null, "max_tokens": 256, "seed": 42}, "prompt_tokens": 101, "completion_tokens": 9, "total_tokens": 110, "token_count_source": "tokenizer", "diffusion_steps": null, "flops_estimate": null, "flops_arch": null, "flops_model_params": null, "flops_active_params": null, "tokens_non_final": 3, "tokens_reasoning": 0, "tokens_response": 3, "elapsed_seconds": 0.29653000831604004, "judgement": "Mildly off"}
{"id": "basket_sum_001051", "topic": "basket_sum", "subtopic": "decimal_prices", "prompt": "You’re buying 6 items: $2.66, $1.08, $15.50, $6.73, $17.45, $16.10. About how much will you pay (before tax)?", "exact_value": 59.52, "model": "qwen/qwen2.5-3b-instruct", "provider": "transformers", "response": "Final answer: 16.1", "numeric_answer": 16.1, "relative_error": 0.729502688172043, "thinking_text": null, "has_tool_call": false, "tool_call": null, "usage": {"prompt_tokens": 121, "completion_tokens": 9, "total_tokens": 130, "token_count_source": "tokenizer"}, "decoding": {"temperature": 0.2, "top_p": null, "top_k": null, "max_tokens": 256, "seed": 42}, "prompt_tokens": 121, "completion_tokens": 9, "total_tokens": 130, "token_count_source": "tokenizer", "diffusion_steps": null, "flops_estimate": null, "flops_arch": null, "flops_model_params": null, "flops_active_params": null, "tokens_non_final": 3, "tokens_reasoning": 0, "tokens_response": 3, "elapsed_seconds": 0.29363203048706055, "judgement": "Way off"}
{"id": "basket_sum_001071", "topic": "basket_sum", "subtopic": "decimal_prices", "prompt": "You’re buying 4 items: $7.01, $19.73, $18.82, $15.05. About how much will you pay (before tax)?", "exact_value": 60.61, "model": "qwen/qwen2.5-3b-instruct", "provider": "transformers", "response": "Final answer: 60", "numeric_answer": 60.0, "relative_error": 0.010064345817521851, "thinking_text": null, "has_tool_call": false, "tool_call": null, "usage": {"prompt_tokens": 109, "completion_tokens": 7, "total_tokens": 116, "token_count_source": "tokenizer"}, "decoding": {"temperature": 0.2, "top_p": null, "top_k": null, "max_tokens": 256, "seed": 42}, "prompt_tokens": 109, "completion_tokens": 7, "total_tokens": 116, "token_count_source": "tokenizer", "diffusion_steps": null, "flops_estimate": null, "flops_arch": null, "flops_model_params": null, "flops_active_params": null, "tokens_non_final": 3, "tokens_reasoning": 0, "tokens_response": 3, "elapsed_seconds": 0.22861266136169434, "judgement": "Good approximation"}
{"id": "basket_sum_001091", "topic": "basket_sum", "subtopic": "decimal_prices", "prompt": "You’re buying 6 items: $5.22, $14.42, $3.22, $3.06, $11.87, $8.32. About how much will you pay (before tax)?", "exact_value": 46.11, "model": "qwen/qwen2.5-3b-instruct", "provider": "transformers", "response": "Final answer: $22.8$", "numeric_answer": 22.8, "relative_error": 0.505530253741054, "thinking_text": null, "has_tool_call": false, "tool_call": null, "usage": {"prompt_tokens": 120, "completion_tokens": 10, "total_tokens": 130, "token_count_source": "tokenizer"}, "decoding": {"temperature": 0.2, "top_p": null, "top_k": null, "max_tokens": 256, "seed": 42}, "prompt_tokens": 120, "completion_tokens": 10, "total_tokens": 130, "token_count_source": "tokenizer", "diffusion_steps": null, "flops_estimate": null, "flops_arch": null, "flops_model_params": null, "flops_active_params": null, "tokens_non_final": 3, "tokens_reasoning": 0, "tokens_response": 3, "elapsed_seconds": 0.3296661376953125, "judgement": "Mildly off"}
{"id": "basket_sum_001111", "topic": "basket_sum", "subtopic": "decimal_prices", "prompt": "You’re buying 4 items: $19.10, $10.16, $17.74, $8.93. About how much will you pay (before tax)?", "exact_value": 55.93, "model": "qwen/qwen2.5-3b-instruct", "provider": "transformers", "response": "Final answer: 155.0", "numeric_answer": 155.0, "relative_error": 1.7713212944752368, "thinking_text": null, "has_tool_call": false, "tool_call": null, "usage": {"prompt_tokens": 109, "completion_tokens": 10, "total_tokens": 119, "token_count_source": "tokenizer"}, "decoding": {"temperature": 0.2, "top_p": null, "top_k": null, "max_tokens": 256, "seed": 42}, "prompt_tokens": 109, "completion_tokens": 10, "total_tokens": 119, "token_count_source": "tokenizer", "diffusion_steps": null, "flops_estimate": null, "flops_arch": null, "flops_model_params": null, "flops_active_params": null, "tokens_non_final": 3, "tokens_reasoning": 0, "tokens_response": 3, "elapsed_seconds": 0.3297996520996094, "judgement": "Way off"}
{"id": "basket_sum_001131", "topic": "basket_sum", "subtopic": "decimal_prices", "prompt": "You’re buying 3 items: $18.72, $17.46, $5.78. About how much will you pay (before tax)?", "exact_value": 41.96, "model": "qwen/qwen2.5-3b-instruct", "provider": "transformers", "response": "Final answer: 40", "numeric_answer": 40.0, "relative_error": 0.04671115347950431, "thinking_text": null, "has_tool_call": false, "tool_call": null, "usage": {"prompt_tokens": 102, "completion_tokens": 7, "total_tokens": 109, "token_count_source": "tokenizer"}, "decoding": {"temperature": 0.2, "top_p": null, "top_k": null, "max_tokens": 256, "seed": 42}, "prompt_tokens": 102, "completion_tokens": 7, "total_tokens": 109, "token_count_source": "tokenizer", "diffusion_steps": null, "flops_estimate": null, "flops_arch": null, "flops_model_params": null, "flops_active_params": null, "tokens_non_final": 3, "tokens_reasoning": 0, "tokens_response": 3, "elapsed_seconds": 0.22485947608947754, "judgement": "Good approximation"}
{"id": "basket_sum_001151", "topic": "basket_sum", "subtopic": "decimal_prices", "prompt": "You’re buying 6 items: $8.31, $2.74, $14.88, $17.68, $5.94, $4.74. About how much will you pay (before tax)?", "exact_value": 54.29, "model": "qwen/qwen2.5-3b-instruct", "provider": "transformers", "response": "Final answer: 180.0", "numeric_answer": 180.0, "relative_error": 2.3155277214956715, "thinking_text": null, "has_tool_call": false, "tool_call": null, "usage": {"prompt_tokens": 120, "completion_tokens": 10, "total_tokens": 130, "token_count_source": "tokenizer"}, "decoding": {"temperature": 0.2, "top_p": null, "top_k": null, "max_tokens": 256, "seed": 42}, "prompt_tokens": 120, "completion_tokens": 10, "total_tokens": 130, "token_count_source": "tokenizer", "diffusion_steps": null, "flops_estimate": null, "flops_arch": null, "flops_model_params": null, "flops_active_params": null, "tokens_non_final": 3, "tokens_reasoning": 0, "tokens_response": 3, "elapsed_seconds": 0.3196086883544922, "judgement": "Way off"}
{"id": "basket_sum_001171", "topic": "basket_sum", "subtopic": "decimal_prices", "prompt": "You’re buying 3 items: $10.17, $0.89, $7.55. About how much will you pay (before tax)?", "exact_value": 18.61, "model": "qwen/qwen2.5-3b-instruct", "provider": "transformers", "response": "Final answer: 8", "numeric_answer": 8.0, "relative_error": 0.5701235894680279, "thinking_text": null, "has_tool_call": false, "tool_call": null, "usage": {"prompt_tokens": 101, "completion_tokens": 6, "total_tokens": 107, "token_count_source": "tokenizer"}, "decoding": {"temperature": 0.2, "top_p": null, "top_k": null, "max_tokens": 256, "seed": 42}, "prompt_tokens": 101, "completion_tokens": 6, "total_tokens": 107, "token_count_source": "tokenizer", "diffusion_steps": null, "flops_estimate": null, "flops_arch": null, "flops_model_params": null, "flops_active_params": null, "tokens_non_final": 3, "tokens_reasoning": 0, "tokens_response": 3, "elapsed_seconds": 0.19227290153503418, "judgement": "Mildly off"}
{"id": "basket_sum_001191", "topic": "basket_sum", "subtopic": "decimal_prices", "prompt": "You’re buying 5 items: $16.57, $13.87, $17.29, $12.64, $9.09. About how much will you pay (before tax)?", "exact_value": 69.46, "model": "qwen/qwen2.5-3b-instruct", "provider": "transformers", "response": "Final answer: 39.0", "numeric_answer": 39.0, "relative_error": 0.43852577022746897, "thinking_text": null, "has_tool_call": false, "tool_call": null, "usage": {"prompt_tokens": 116, "completion_tokens": 9, "total_tokens": 125, "token_count_source": "tokenizer"}, "decoding": {"temperature": 0.2, "top_p": null, "top_k": null, "max_tokens": 256, "seed": 42}, "prompt_tokens": 116, "completion_tokens": 9, "total_tokens": 125, "token_count_source": "tokenizer", "diffusion_steps": null, "flops_estimate": null, "flops_arch": null, "flops_model_params": null, "flops_active_params": null, "tokens_non_final": 3, "tokens_reasoning": 0, "tokens_response": 3, "elapsed_seconds": 0.2899336814880371, "judgement": "Mildly off"}
{"id": "basket_sum_001211", "topic": "basket_sum", "subtopic": "decimal_prices", "prompt": "You’re buying 4 items: $2.44, $1.26, $19.22, $2.64. About how much will you pay (before tax)?", "exact_value": 25.56, "model": "qwen/qwen2.5-3b-instruct", "provider": "transformers", "response": "Final answer: 20", "numeric_answer": 20.0, "relative_error": 0.217527386541471, "thinking_text": null, "has_tool_call": false, "tool_call": null, "usage": {"prompt_tokens": 107, "completion_tokens": 7, "total_tokens": 114, "token_count_source": "tokenizer"}, "decoding": {"temperature": 0.2, "top_p": null, "top_k": null, "max_tokens": 256, "seed": 42}, "prompt_tokens": 107, "completion_tokens": 7, "total_tokens": 114, "token_count_source": "tokenizer", "diffusion_steps": null, "flops_estimate": null, "flops_arch": null, "flops_model_params": null, "flops_active_params": null, "tokens_non_final": 3, "tokens_reasoning": 0, "tokens_response": 3, "elapsed_seconds": 0.22619152069091797, "judgement": "Mildly off"}
{"id": "basket_sum_001231", "topic": "basket_sum", "subtopic": "decimal_prices", "prompt": "You’re buying 5 items: $4.51, $9.17, $1.90, $5.25, $12.09. About how much will you pay (before tax)?", "exact_value": 32.92, "model": "qwen/qwen2.5-3b-instruct", "provider": "transformers", "response": "Final answer: 30", "numeric_answer": 30.0, "relative_error": 0.08869987849331717, "thinking_text": null, "has_tool_call": false, "tool_call": null, "usage": {"prompt_tokens": 113, "completion_tokens": 7, "total_tokens": 120, "token_count_source": "tokenizer"}, "decoding": {"temperature": 0.2, "top_p": null, "top_k": null, "max_tokens": 256, "seed": 42}, "prompt_tokens": 113, "completion_tokens": 7, "total_tokens": 120, "token_count_source": "tokenizer", "diffusion_steps": null, "flops_estimate": null, "flops_arch": null, "flops_model_params": null, "flops_active_params": null, "tokens_non_final": 3, "tokens_reasoning": 0, "tokens_response": 3, "elapsed_seconds": 0.22486591339111328, "judgement": "Good approximation"}
{"id": "basket_sum_001251", "topic": "basket_sum", "subtopic": "decimal_prices", "prompt": "You’re buying 5 items: $3.91, $8.11, $15.11, $18.54, $3.32. About how much will you pay (before tax)?", "exact_value": 48.99, "model": "qwen/qwen2.5-3b-instruct", "provider": "transformers", "response": "Final answer: 15.11", "numeric_answer": 15.11, "relative_error": 0.6915697081036947, "thinking_text": null, "has_tool_call": false, "tool_call": null, "usage": {"prompt_tokens": 114, "completion_tokens": 10, "total_tokens": 124, "token_count_source": "tokenizer"}, "decoding": {"temperature": 0.2, "top_p": null, "top_k": null, "max_tokens": 256, "seed": 42}, "prompt_tokens": 114, "completion_tokens": 10, "total_tokens": 124, "token_count_source": "tokenizer", "diffusion_steps": null, "flops_estimate": null, "flops_arch": null, "flops_model_params": null, "flops_active_params": null, "tokens_non_final": 3, "tokens_reasoning": 0, "tokens_response": 3, "elapsed_seconds": 0.31984400749206543, "judgement": "Way off"}
{"id": "basket_sum_001271", "topic": "basket_sum", "subtopic": "decimal_prices", "prompt": "You’re buying 6 items: $11.14, $3.12, $17.66, $16.12, $12.45, $13.45. About how much will you pay (before tax)?", "exact_value": 73.94, "model": "qwen/qwen2.5-3b-instruct", "provider": "transformers", "response": "Final answer: 38.5", "numeric_answer": 38.5, "relative_error": 0.4793075466594536, "thinking_text": null, "has_tool_call": false, "tool_call": null, "usage": {"prompt_tokens": 123, "completion_tokens": 9, "total_tokens": 132, "token_count_source": "tokenizer"}, "decoding": {"temperature": 0.2, "top_p": null, "top_k": null, "max_tokens": 256, "seed": 42}, "prompt_tokens": 123, "completion_tokens": 9, "total_tokens": 132, "token_count_source": "tokenizer", "diffusion_steps": null, "flops_estimate": null, "flops_arch": null, "flops_model_params": null, "flops_active_params": null, "tokens_non_final": 3, "tokens_reasoning": 0, "tokens_response": 3, "elapsed_seconds": 0.2908320426940918, "judgement": "Mildly off"}
{"id": "basket_sum_001291", "topic": "basket_sum", "subtopic": "decimal_prices", "prompt": "You’re buying 5 items: $18.82, $5.77, $12.43, $2.83, $5.24. About how much will you pay (before tax)?", "exact_value": 45.09, "model": "qwen/qwen2.5-3b-instruct", "provider": "transformers", "response": "Final answer: 20", "numeric_answer": 20.0, "relative_error": 0.5564426702151254, "thinking_text": null, "has_tool_call": false, "tool_call": null, "usage": {"prompt_tokens": 114, "completion_tokens": 7, "total_tokens": 121, "token_count_source": "tokenizer"}, "decoding": {"temperature": 0.2, "top_p": null, "top_k": null, "max_tokens": 256, "seed": 42}, "prompt_tokens": 114, "completion_tokens": 7, "total_tokens": 121, "token_count_source": "tokenizer", "diffusion_steps": null, "flops_estimate": null, "flops_arch": null, "flops_model_params": null, "flops_active_params": null, "tokens_non_final": 3, "tokens_reasoning": 0, "tokens_response": 3, "elapsed_seconds": 0.22495484352111816, "judgement": "Mildly off"}
{"id": "basket_sum_001311", "topic": "basket_sum", "subtopic": "decimal_prices", "prompt": "You’re buying 5 items: $13.47, $7.46, $8.43, $3.25, $17.73. About how much will you pay (before tax)?", "exact_value": 50.34, "model": "qwen/qwen2.5-3b-instruct", "provider": "transformers", "response": "Final answer: 190", "numeric_answer": 190.0, "relative_error": 2.774334525228446, "thinking_text": null, "has_tool_call": false, "tool_call": null, "usage": {"prompt_tokens": 114, "completion_tokens": 8, "total_tokens": 122, "token_count_source": "tokenizer"}, "decoding": {"temperature": 0.2, "top_p": null, "top_k": null, "max_tokens": 256, "seed": 42}, "prompt_tokens": 114, "completion_tokens": 8, "total_tokens": 122, "token_count_source": "tokenizer", "diffusion_steps": null, "flops_estimate": null, "flops_arch": null, "flops_model_params": null, "flops_active_params": null, "tokens_non_final": 3, "tokens_reasoning": 0, "tokens_response": 3, "elapsed_seconds": 0.2565798759460449, "judgement": "Way off"}
{"id": "basket_sum_001331", "topic": "basket_sum", "subtopic": "decimal_prices", "prompt": "You’re buying 3 items: $9.47, $11.89, $1.27. About how much will you pay (before tax)?", "exact_value": 22.63, "model": "qwen/qwen2.5-3b-instruct", "provider": "transformers", "response": "Final answer: 13.5", "numeric_answer": 13.5, "relative_error": 0.4034467520989836, "thinking_text": null, "has_tool_call": false, "tool_call": null, "usage": {"prompt_tokens": 101, "completion_tokens": 9, "total_tokens": 110, "token_count_source": "tokenizer"}, "decoding": {"temperature": 0.2, "top_p": null, "top_k": null, "max_tokens": 256, "seed": 42}, "prompt_tokens": 101, "completion_tokens": 9, "total_tokens": 110, "token_count_source": "tokenizer", "diffusion_steps": null, "flops_estimate": null, "flops_arch": null, "flops_model_params": null, "flops_active_params": null, "tokens_non_final": 3, "tokens_reasoning": 0, "tokens_response": 3, "elapsed_seconds": 0.2888646125793457, "judgement": "Mildly off"}
{"id": "basket_sum_001351", "topic": "basket_sum", "subtopic": "decimal_prices", "prompt": "You’re buying 5 items: $7.84, $15.52, $18.73, $11.56, $13.11. About how much will you pay (before tax)?", "exact_value": 66.76, "model": "qwen/qwen2.5-3b-instruct", "provider": "transformers", "response": "Final answer: 60", "numeric_answer": 60.0, "relative_error": 0.10125823846614747, "thinking_text": null, "has_tool_call": false, "tool_call": null, "usage": {"prompt_tokens": 116, "completion_tokens": 7, "total_tokens": 123, "token_count_source": "tokenizer"}, "decoding": {"temperature": 0.2, "top_p": null, "top_k": null, "max_tokens": 256, "seed": 42}, "prompt_tokens": 116, "completion_tokens": 7, "total_tokens": 123, "token_count_source": "tokenizer", "diffusion_steps": null, "flops_estimate": null, "flops_arch": null, "flops_model_params": null, "flops_active_params": null, "tokens_non_final": 3, "tokens_reasoning": 0, "tokens_response": 3, "elapsed_seconds": 0.224015474319458, "judgement": "Good approximation"}
{"id": "basket_sum_001371", "topic": "basket_sum", "subtopic": "decimal_prices", "prompt": "You’re buying 3 items: $1.87, $13.03, $1.99. About how much will you pay (before tax)?", "exact_value": 16.89, "model": "qwen/qwen2.5-3b-instruct", "provider": "transformers", "response": "final answer: 15", "numeric_answer": 15.0, "relative_error": 0.11190053285968031, "thinking_text": null, "has_tool_call": false, "tool_call": null, "usage": {"prompt_tokens": 101, "completion_tokens": 7, "total_tokens": 108, "token_count_source": "tokenizer"}, "decoding": {"temperature": 0.2, "top_p": null, "top_k": null, "max_tokens": 256, "seed": 42}, "prompt_tokens": 101, "completion_tokens": 7, "total_tokens": 108, "token_count_source": "tokenizer", "diffusion_steps": null, "flops_estimate": null, "flops_arch": null, "flops_model_params": null, "flops_active_params": null, "tokens_non_final": 3, "tokens_reasoning": 0, "tokens_response": 3, "elapsed_seconds": 0.22747159004211426, "judgement": "Good approximation"}
{"id": "basket_sum_001391", "topic": "basket_sum", "subtopic": "decimal_prices", "prompt": "You’re buying 5 items: $7.94, $8.05, $12.09, $1.44, $14.25. About how much will you pay (before tax)?", "exact_value": 43.77, "model": "qwen/qwen2.5-3b-instruct", "provider": "transformers", "response": "Final answer: 36", "numeric_answer": 36.0, "relative_error": 0.177518848526388, "thinking_text": null, "has_tool_call": false, "tool_call": null, "usage": {"prompt_tokens": 114, "completion_tokens": 7, "total_tokens": 121, "token_count_source": "tokenizer"}, "decoding": {"temperature": 0.2, "top_p": null, "top_k": null, "max_tokens": 256, "seed": 42}, "prompt_tokens": 114, "completion_tokens": 7, "total_tokens": 121, "token_count_source": "tokenizer", "diffusion_steps": null, "flops_estimate": null, "flops_arch": null, "flops_model_params": null, "flops_active_params": null, "tokens_non_final": 3, "tokens_reasoning": 0, "tokens_response": 3, "elapsed_seconds": 0.22476816177368164, "judgement": "Good approximation"}
{"id": "basket_sum_001411", "topic": "basket_sum", "subtopic": "decimal_prices", "prompt": "You’re buying 4 items: $6.59, $2.57, $8.16, $4.24. About how much will you pay (before tax)?", "exact_value": 21.56, "model": "qwen/qwen2.5-3b-instruct", "provider": "transformers", "response": "Final answer: 23.0", "numeric_answer": 23.0, "relative_error": 0.06679035250463829, "thinking_text": null, "has_tool_call": false, "tool_call": null, "usage": {"prompt_tokens": 106, "completion_tokens": 9, "total_tokens": 115, "token_count_source": "tokenizer"}, "decoding": {"temperature": 0.2, "top_p": null, "top_k": null, "max_tokens": 256, "seed": 42}, "prompt_tokens": 106, "completion_tokens": 9, "total_tokens": 115, "token_count_source": "tokenizer", "diffusion_steps": null, "flops_estimate": null, "flops_arch": null, "flops_model_params": null, "flops_active_params": null, "tokens_non_final": 3, "tokens_reasoning": 0, "tokens_response": 3, "elapsed_seconds": 0.28719282150268555, "judgement": "Good approximation"}
{"id": "basket_sum_001431", "topic": "basket_sum", "subtopic": "decimal_prices", "prompt": "You’re buying 4 items: $11.75, $19.89, $12.61, $11.14. About how much will you pay (before tax)?", "exact_value": 55.39, "model": "qwen/qwen2.5-3b-instruct", "provider": "transformers", "response": "Final answer: 36", "numeric_answer": 36.0, "relative_error": 0.3500631883011374, "thinking_text": null, "has_tool_call": false, "tool_call": null, "usage": {"prompt_tokens": 110, "completion_tokens": 7, "total_tokens": 117, "token_count_source": "tokenizer"}, "decoding": {"temperature": 0.2, "top_p": null, "top_k": null, "max_tokens": 256, "seed": 42}, "prompt_tokens": 110, "completion_tokens": 7, "total_tokens": 117, "token_count_source": "tokenizer", "diffusion_steps": null, "flops_estimate": null, "flops_arch": null, "flops_model_params": null, "flops_active_params": null, "tokens_non_final": 3, "tokens_reasoning": 0, "tokens_response": 3, "elapsed_seconds": 0.22306275367736816, "judgement": "Mildly off"}
{"id": "basket_sum_001451", "topic": "basket_sum", "subtopic": "decimal_prices", "prompt": "You’re buying 6 items: $19.50, $8.67, $13.01, $12.67, $3.45, $12.69. About how much will you pay (before tax)?", "exact_value": 69.99, "model": "qwen/qwen2.5-3b-instruct", "provider": "transformers", "response": "Final answer: 20.0", "numeric_answer": 20.0, "relative_error": 0.7142448921274468, "thinking_text": null, "has_tool_call": false, "tool_call": null, "usage": {"prompt_tokens": 122, "completion_tokens": 9, "total_tokens": 131, "token_count_source": "tokenizer"}, "decoding": {"temperature": 0.2, "top_p": null, "top_k": null, "max_tokens": 256, "seed": 42}, "prompt_tokens": 122, "completion_tokens": 9, "total_tokens": 131, "token_count_source": "tokenizer", "diffusion_steps": null, "flops_estimate": null, "flops_arch": null, "flops_model_params": null, "flops_active_params": null, "tokens_non_final": 3, "tokens_reasoning": 0, "tokens_response": 3, "elapsed_seconds": 0.2896878719329834, "judgement": "Way off"}
{"id": "basket_sum_001471", "topic": "basket_sum", "subtopic": "decimal_prices", "prompt": "You’re buying 5 items: $9.92, $9.24, $6.45, $15.07, $14.14. About how much will you pay (before tax)?", "exact_value": 54.82, "model": "qwen/qwen2.5-3b-instruct", "provider": "transformers", "response": "Final answer: 38.0", "numeric_answer": 38.0, "relative_error": 0.3068223276176578, "thinking_text": null, "has_tool_call": false, "tool_call": null, "usage": {"prompt_tokens": 114, "completion_tokens": 9, "total_tokens": 123, "token_count_source": "tokenizer"}, "decoding": {"temperature": 0.2, "top_p": null, "top_k": null, "max_tokens": 256, "seed": 42}, "prompt_tokens": 114, "completion_tokens": 9, "total_tokens": 123, "token_count_source": "tokenizer", "diffusion_steps": null, "flops_estimate": null, "flops_arch": null, "flops_model_params": null, "flops_active_params": null, "tokens_non_final": 3, "tokens_reasoning": 0, "tokens_response": 3, "elapsed_seconds": 0.28731369972229004, "judgement": "Mildly off"}
{"id": "basket_sum_001491", "topic": "basket_sum", "subtopic": "decimal_prices", "prompt": "You’re buying 6 items: $10.66, $19.06, $6.54, $17.44, $5.57, $6.08. About how much will you pay (before tax)?", "exact_value": 65.35, "model": "qwen/qwen2.5-3b-instruct", "provider": "transformers", "response": "Final answer: 200", "numeric_answer": 200.0, "relative_error": 2.0604437643458304, "thinking_text": null, "has_tool_call": false, "tool_call": null, "usage": {"prompt_tokens": 121, "completion_tokens": 8, "total_tokens": 129, "token_count_source": "tokenizer"}, "decoding": {"temperature": 0.2, "top_p": null, "top_k": null, "max_tokens": 256, "seed": 42}, "prompt_tokens": 121, "completion_tokens": 8, "total_tokens": 129, "token_count_source": "tokenizer", "diffusion_steps": null, "flops_estimate": null, "flops_arch": null, "flops_model_params": null, "flops_active_params": null, "tokens_non_final": 3, "tokens_reasoning": 0, "tokens_response": 3, "elapsed_seconds": 0.25583910942077637, "judgement": "Way off"}
{"id": "basket_sum_001511", "topic": "basket_sum", "subtopic": "decimal_prices", "prompt": "You’re buying 3 items: $3.49, $15.57, $17.51. About how much will you pay (before tax)?", "exact_value": 36.57, "model": "qwen/qwen2.5-3b-instruct", "provider": "transformers", "response": "Final answer: 20", "numeric_answer": 20.0, "relative_error": 0.4531036368608149, "thinking_text": null, "has_tool_call": false, "tool_call": null, "usage": {"prompt_tokens": 102, "completion_tokens": 7, "total_tokens": 109, "token_count_source": "tokenizer"}, "decoding": {"temperature": 0.2, "top_p": null, "top_k": null, "max_tokens": 256, "seed": 42}, "prompt_tokens": 102, "completion_tokens": 7, "total_tokens": 109, "token_count_source": "tokenizer", "diffusion_steps": null, "flops_estimate": null, "flops_arch": null, "flops_model_params": null, "flops_active_params": null, "tokens_non_final": 3, "tokens_reasoning": 0, "tokens_response": 3, "elapsed_seconds": 0.22345733642578125, "judgement": "Mildly off"}
{"id": "basket_sum_001531", "topic": "basket_sum", "subtopic": "decimal_prices", "prompt": "You’re buying 3 items: $9.37, $8.45, $4.74. About how much will you pay (before tax)?", "exact_value": 22.56, "model": "qwen/qwen2.5-3b-instruct", "provider": "transformers", "response": "Final answer: 26", "numeric_answer": 26.0, "relative_error": 0.15248226950354615, "thinking_text": null, "has_tool_call": false, "tool_call": null, "usage": {"prompt_tokens": 100, "completion_tokens": 7, "total_tokens": 107, "token_count_source": "tokenizer"}, "decoding": {"temperature": 0.2, "top_p": null, "top_k": null, "max_tokens": 256, "seed": 42}, "prompt_tokens": 100, "completion_tokens": 7, "total_tokens": 107, "token_count_source": "tokenizer", "diffusion_steps": null, "flops_estimate": null, "flops_arch": null, "flops_model_params": null, "flops_active_params": null, "tokens_non_final": 3, "tokens_reasoning": 0, "tokens_response": 3, "elapsed_seconds": 0.2228984832763672, "judgement": "Good approximation"}
{"id": "basket_sum_001551", "topic": "basket_sum", "subtopic": "decimal_prices", "prompt": "You’re buying 4 items: $3.21, $10.67, $16.25, $3.53. About how much will you pay (before tax)?", "exact_value": 33.66, "model": "qwen/qwen2.5-3b-instruct", "provider": "transformers", "response": "Final answer: 16.25", "numeric_answer": 16.25, "relative_error": 0.5172311348781936, "thinking_text": null, "has_tool_call": false, "tool_call": null, "usage": {"prompt_tokens": 108, "completion_tokens": 10, "total_tokens": 118, "token_count_source": "tokenizer"}, "decoding": {"temperature": 0.2, "top_p": null, "top_k": null, "max_tokens": 256, "seed": 42}, "prompt_tokens": 108, "completion_tokens": 10, "total_tokens": 118, "token_count_source": "tokenizer", "diffusion_steps": null, "flops_estimate": null, "flops_arch": null, "flops_model_params": null, "flops_active_params": null, "tokens_non_final": 3, "tokens_reasoning": 0, "tokens_response": 3, "elapsed_seconds": 0.31916165351867676, "judgement": "Mildly off"}
{"id": "basket_sum_001571", "topic": "basket_sum", "subtopic": "decimal_prices", "prompt": "You’re buying 3 items: $19.20, $19.01, $6.48. About how much will you pay (before tax)?", "exact_value": 44.69, "model": "qwen/qwen2.5-3b-instruct", "provider": "transformers", "response": "Final answer: 47", "numeric_answer": 47.0, "relative_error": 0.05168941597672863, "thinking_text": null, "has_tool_call": false, "tool_call": null, "usage": {"prompt_tokens": 102, "completion_tokens": 7, "total_tokens": 109, "token_count_source": "tokenizer"}, "decoding": {"temperature": 0.2, "top_p": null, "top_k": null, "max_tokens": 256, "seed": 42}, "prompt_tokens": 102, "completion_tokens": 7, "total_tokens": 109, "token_count_source": "tokenizer", "diffusion_steps": null, "flops_estimate": null, "flops_arch": null, "flops_model_params": null, "flops_active_params": null, "tokens_non_final": 3, "tokens_reasoning": 0, "tokens_response": 3, "elapsed_seconds": 0.22373247146606445, "judgement": "Good approximation"}
{"id": "basket_sum_001591", "topic": "basket_sum", "subtopic": "decimal_prices", "prompt": "You’re buying 3 items: $7.46, $15.92, $17.15. About how much will you pay (before tax)?", "exact_value": 40.53, "model": "qwen/qwen2.5-3b-instruct", "provider": "transformers", "response": "Final answer: 40", "numeric_answer": 40.0, "relative_error": 0.013076733283987198, "thinking_text": null, "has_tool_call": false, "tool_call": null, "usage": {"prompt_tokens": 102, "completion_tokens": 7, "total_tokens": 109, "token_count_source": "tokenizer"}, "decoding": {"temperature": 0.2, "top_p": null, "top_k": null, "max_tokens": 256, "seed": 42}, "prompt_tokens": 102, "completion_tokens": 7, "total_tokens": 109, "token_count_source": "tokenizer", "diffusion_steps": null, "flops_estimate": null, "flops_arch": null, "flops_model_params": null, "flops_active_params": null, "tokens_non_final": 3, "tokens_reasoning": 0, "tokens_response": 3, "elapsed_seconds": 0.22357487678527832, "judgement": "Good approximation"}
{"id": "basket_sum_001611", "topic": "basket_sum", "subtopic": "decimal_prices", "prompt": "You’re buying 5 items: $9.07, $7.79, $18.56, $5.30, $11.17. About how much will you pay (before tax)?", "exact_value": 51.89, "model": "qwen/qwen2.5-3b-instruct", "provider": "transformers", "response": "Final answer: 24", "numeric_answer": 24.0, "relative_error": 0.5374831374060512, "thinking_text": null, "has_tool_call": false, "tool_call": null, "usage": {"prompt_tokens": 114, "completion_tokens": 7, "total_tokens": 121, "token_count_source": "tokenizer"}, "decoding": {"temperature": 0.2, "top_p": null, "top_k": null, "max_tokens": 256, "seed": 42}, "prompt_tokens": 114, "completion_tokens": 7, "total_tokens": 121, "token_count_source": "tokenizer", "diffusion_steps": null, "flops_estimate": null, "flops_arch": null, "flops_model_params": null, "flops_active_params": null, "tokens_non_final": 3, "tokens_reasoning": 0, "tokens_response": 3, "elapsed_seconds": 0.22346854209899902, "judgement": "Mildly off"}
{"id": "basket_sum_001631", "topic": "basket_sum", "subtopic": "decimal_prices", "prompt": "You’re buying 5 items: $1.32, $18.17, $11.61, $17.29, $19.14. About how much will you pay (before tax)?", "exact_value": 67.53, "model": "qwen/qwen2.5-3b-instruct", "provider": "transformers", "response": "Final answer: 31", "numeric_answer": 31.0, "relative_error": 0.540944765289501, "thinking_text": null, "has_tool_call": false, "tool_call": null, "usage": {"prompt_tokens": 116, "completion_tokens": 7, "total_tokens": 123, "token_count_source": "tokenizer"}, "decoding": {"temperature": 0.2, "top_p": null, "top_k": null, "max_tokens": 256, "seed": 42}, "prompt_tokens": 116, "completion_tokens": 7, "total_tokens": 123, "token_count_source": "tokenizer", "diffusion_steps": null, "flops_estimate": null, "flops_arch": null, "flops_model_params": null, "flops_active_params": null, "tokens_non_final": 3, "tokens_reasoning": 0, "tokens_response": 3, "elapsed_seconds": 0.22340893745422363, "judgement": "Mildly off"}
{"id": "basket_sum_001651", "topic": "basket_sum", "subtopic": "decimal_prices", "prompt": "You’re buying 6 items: $4.75, $14.03, $18.54, $0.88, $5.41, $16.41. About how much will you pay (before tax)?", "exact_value": 60.02, "model": "qwen/qwen2.5-3b-instruct", "provider": "transformers", "response": "Final answer: 22", "numeric_answer": 22.0, "relative_error": 0.6334555148283906, "thinking_text": null, "has_tool_call": false, "tool_call": null, "usage": {"prompt_tokens": 121, "completion_tokens": 7, "total_tokens": 128, "token_count_source": "tokenizer"}, "decoding": {"temperature": 0.2, "top_p": null, "top_k": null, "max_tokens": 256, "seed": 42}, "prompt_tokens": 121, "completion_tokens": 7, "total_tokens": 128, "token_count_source": "tokenizer", "diffusion_steps": null, "flops_estimate": null, "flops_arch": null, "flops_model_params": null, "flops_active_params": null, "tokens_non_final": 3, "tokens_reasoning": 0, "tokens_response": 3, "elapsed_seconds": 0.2240128517150879, "judgement": "Way off"}
{"id": "basket_sum_001671", "topic": "basket_sum", "subtopic": "decimal_prices", "prompt": "You’re buying 4 items: $14.69, $6.97, $1.53, $18.10. About how much will you pay (before tax)?", "exact_value": 41.29, "model": "qwen/qwen2.5-3b-instruct", "provider": "transformers", "response": "Final answer: 20", "numeric_answer": 20.0, "relative_error": 0.5156212157907484, "thinking_text": null, "has_tool_call": false, "tool_call": null, "usage": {"prompt_tokens": 108, "completion_tokens": 7, "total_tokens": 115, "token_count_source": "tokenizer"}, "decoding": {"temperature": 0.2, "top_p": null, "top_k": null, "max_tokens": 256, "seed": 42}, "prompt_tokens": 108, "completion_tokens": 7, "total_tokens": 115, "token_count_source": "tokenizer", "diffusion_steps": null, "flops_estimate": null, "flops_arch": null, "flops_model_params": null, "flops_active_params": null, "tokens_non_final": 3, "tokens_reasoning": 0, "tokens_response": 3, "elapsed_seconds": 0.22353482246398926, "judgement": "Mildly off"}
{"id": "basket_sum_001691", "topic": "basket_sum", "subtopic": "decimal_prices", "prompt": "You’re buying 3 items: $7.15, $2.52, $18.68. About how much will you pay (before tax)?", "exact_value": 28.35, "model": "qwen/qwen2.5-3b-instruct", "provider": "transformers", "response": "Final answer: 20", "numeric_answer": 20.0, "relative_error": 0.29453262786596124, "thinking_text": null, "has_tool_call": false, "tool_call": null, "usage": {"prompt_tokens": 101, "completion_tokens": 7, "total_tokens": 108, "token_count_source": "tokenizer"}, "decoding": {"temperature": 0.2, "top_p": null, "top_k": null, "max_tokens": 256, "seed": 42}, "prompt_tokens": 101, "completion_tokens": 7, "total_tokens": 108, "token_count_source": "tokenizer", "diffusion_steps": null, "flops_estimate": null, "flops_arch": null, "flops_model_params": null, "flops_active_params": null, "tokens_non_final": 3, "tokens_reasoning": 0, "tokens_response": 3, "elapsed_seconds": 0.2233419418334961, "judgement": "Mildly off"}
{"id": "basket_sum_001711", "topic": "basket_sum", "subtopic": "decimal_prices", "prompt": "You’re buying 3 items: $16.26, $18.33, $17.33. About how much will you pay (before tax)?", "exact_value": 51.92, "model": "qwen/qwen2.5-3b-instruct", "provider": "transformers", "response": "Final answer: 40.0", "numeric_answer": 40.0, "relative_error": 0.22958397534668723, "thinking_text": null, "has_tool_call": false, "tool_call": null, "usage": {"prompt_tokens": 103, "completion_tokens": 9, "total_tokens": 112, "token_count_source": "tokenizer"}, "decoding": {"temperature": 0.2, "top_p": null, "top_k": null, "max_tokens": 256, "seed": 42}, "prompt_tokens": 103, "completion_tokens": 9, "total_tokens": 112, "token_count_source": "tokenizer", "diffusion_steps": null, "flops_estimate": null, "flops_arch": null, "flops_model_params": null, "flops_active_params": null, "tokens_non_final": 3, "tokens_reasoning": 0, "tokens_response": 3, "elapsed_seconds": 0.28713321685791016, "judgement": "Mildly off"}
{"id": "basket_sum_001731", "topic": "basket_sum", "subtopic": "decimal_prices", "prompt": "You’re buying 6 items: $7.02, $16.08, $18.94, $8.53, $17.47, $9.71. About how much will you pay (before tax)?", "exact_value": 77.75, "model": "qwen/qwen2.5-3b-instruct", "provider": "transformers", "response": "Final answer: 33.0", "numeric_answer": 33.0, "relative_error": 0.5755627009646302, "thinking_text": null, "has_tool_call": false, "tool_call": null, "usage": {"prompt_tokens": 121, "completion_tokens": 9, "total_tokens": 130, "token_count_source": "tokenizer"}, "decoding": {"temperature": 0.2, "top_p": null, "top_k": null, "max_tokens": 256, "seed": 42}, "prompt_tokens": 121, "completion_tokens": 9, "total_tokens": 130, "token_count_source": "tokenizer", "diffusion_steps": null, "flops_estimate": null, "flops_arch": null, "flops_model_params": null, "flops_active_params": null, "tokens_non_final": 3, "tokens_reasoning": 0, "tokens_response": 3, "elapsed_seconds": 0.2883286476135254, "judgement": "Mildly off"}
{"id": "basket_sum_001751", "topic": "basket_sum", "subtopic": "decimal_prices", "prompt": "You’re buying 5 items: $16.63, $10.06, $3.60, $6.03, $6.93. About how much will you pay (before tax)?", "exact_value": 43.25, "model": "qwen/qwen2.5-3b-instruct", "provider": "transformers", "response": "Final answer: 24", "numeric_answer": 24.0, "relative_error": 0.44508670520231214, "thinking_text": null, "has_tool_call": false, "tool_call": null, "usage": {"prompt_tokens": 114, "completion_tokens": 7, "total_tokens": 121, "token_count_source": "tokenizer"}, "decoding": {"temperature": 0.2, "top_p": null, "top_k": null, "max_tokens": 256, "seed": 42}, "prompt_tokens": 114, "completion_tokens": 7, "total_tokens": 121, "token_count_source": "tokenizer", "diffusion_steps": null, "flops_estimate": null, "flops_arch": null, "flops_model_params": null, "flops_active_params": null, "tokens_non_final": 3, "tokens_reasoning": 0, "tokens_response": 3, "elapsed_seconds": 0.22432589530944824, "judgement": "Mildly off"}
{"id": "basket_sum_001771", "topic": "basket_sum", "subtopic": "decimal_prices", "prompt": "You’re buying 3 items: $10.59, $6.35, $1.24. About how much will you pay (before tax)?", "exact_value": 18.18, "model": "qwen/qwen2.5-3b-instruct", "provider": "transformers", "response": "Final answer: 13.7", "numeric_answer": 13.7, "relative_error": 0.24642464246424645, "thinking_text": null, "has_tool_call": false, "tool_call": null, "usage": {"prompt_tokens": 101, "completion_tokens": 9, "total_tokens": 110, "token_count_source": "tokenizer"}, "decoding": {"temperature": 0.2, "top_p": null, "top_k": null, "max_tokens": 256, "seed": 42}, "prompt_tokens": 101, "completion_tokens": 9, "total_tokens": 110, "token_count_source": "tokenizer", "diffusion_steps": null, "flops_estimate": null, "flops_arch": null, "flops_model_params": null, "flops_active_params": null, "tokens_non_final": 3, "tokens_reasoning": 0, "tokens_response": 3, "elapsed_seconds": 0.2864375114440918, "judgement": "Mildly off"}
{"id": "basket_sum_001791", "topic": "basket_sum", "subtopic": "decimal_prices", "prompt": "You’re buying 6 items: $4.14, $2.95, $14.71, $9.53, $17.81, $14.13. About how much will you pay (before tax)?", "exact_value": 63.27, "model": "qwen/qwen2.5-3b-instruct", "provider": "transformers", "response": "Final answer: 140", "numeric_answer": 140.0, "relative_error": 1.2127390548443178, "thinking_text": null, "has_tool_call": false, "tool_call": null, "usage": {"prompt_tokens": 121, "completion_tokens": 8, "total_tokens": 129, "token_count_source": "tokenizer"}, "decoding": {"temperature": 0.2, "top_p": null, "top_k": null, "max_tokens": 256, "seed": 42}, "prompt_tokens": 121, "completion_tokens": 8, "total_tokens": 129, "token_count_source": "tokenizer", "diffusion_steps": null, "flops_estimate": null, "flops_arch": null, "flops_model_params": null, "flops_active_params": null, "tokens_non_final": 3, "tokens_reasoning": 0, "tokens_response": 3, "elapsed_seconds": 0.2551283836364746, "judgement": "Way off"}
{"id": "basket_sum_001811", "topic": "basket_sum", "subtopic": "decimal_prices", "prompt": "You’re buying 3 items: $10.30, $18.37, $14.13. About how much will you pay (before tax)?", "exact_value": 42.8, "model": "qwen/qwen2.5-3b-instruct", "provider": "transformers", "response": "Final answer: 13.5", "numeric_answer": 13.5, "relative_error": 0.6845794392523364, "thinking_text": null, "has_tool_call": false, "tool_call": null, "usage": {"prompt_tokens": 103, "completion_tokens": 9, "total_tokens": 112, "token_count_source": "tokenizer"}, "decoding": {"temperature": 0.2, "top_p": null, "top_k": null, "max_tokens": 256, "seed": 42}, "prompt_tokens": 103, "completion_tokens": 9, "total_tokens": 112, "token_count_source": "tokenizer", "diffusion_steps": null, "flops_estimate": null, "flops_arch": null, "flops_model_params": null, "flops_active_params": null, "tokens_non_final": 3, "tokens_reasoning": 0, "tokens_response": 3, "elapsed_seconds": 0.28553128242492676, "judgement": "Way off"}
{"id": "basket_sum_001831", "topic": "basket_sum", "subtopic": "decimal_prices", "prompt": "You’re buying 3 items: $9.20, $7.83, $14.21. About how much will you pay (before tax)?", "exact_value": 31.24, "model": "qwen/qwen2.5-3b-instruct", "provider": "transformers", "response": "Final answer: 14", "numeric_answer": 14.0, "relative_error": 0.5518565941101152, "thinking_text": null, "has_tool_call": false, "tool_call": null, "usage": {"prompt_tokens": 101, "completion_tokens": 7, "total_tokens": 108, "token_count_source": "tokenizer"}, "decoding": {"temperature": 0.2, "top_p": null, "top_k": null, "max_tokens": 256, "seed": 42}, "prompt_tokens": 101, "completion_tokens": 7, "total_tokens": 108, "token_count_source": "tokenizer", "diffusion_steps": null, "flops_estimate": null, "flops_arch": null, "flops_model_params": null, "flops_active_params": null, "tokens_non_final": 3, "tokens_reasoning": 0, "tokens_response": 3, "elapsed_seconds": 0.22240829467773438, "judgement": "Mildly off"}
{"id": "basket_sum_001851", "topic": "basket_sum", "subtopic": "decimal_prices", "prompt": "You’re buying 5 items: $6.62, $11.07, $7.07, $6.71, $19.00. About how much will you pay (before tax)?", "exact_value": 50.47, "model": "qwen/qwen2.5-3b-instruct", "provider": "transformers", "response": "Final answer: 34", "numeric_answer": 34.0, "relative_error": 0.3263324747374678, "thinking_text": null, "has_tool_call": false, "tool_call": null, "usage": {"prompt_tokens": 114, "completion_tokens": 7, "total_tokens": 121, "token_count_source": "tokenizer"}, "decoding": {"temperature": 0.2, "top_p": null, "top_k": null, "max_tokens": 256, "seed": 42}, "prompt_tokens": 114, "completion_tokens": 7, "total_tokens": 121, "token_count_source": "tokenizer", "diffusion_steps": null, "flops_estimate": null, "flops_arch": null, "flops_model_params": null, "flops_active_params": null, "tokens_non_final": 3, "tokens_reasoning": 0, "tokens_response": 3, "elapsed_seconds": 0.22318196296691895, "judgement": "Mildly off"}
{"id": "basket_sum_001871", "topic": "basket_sum", "subtopic": "decimal_prices", "prompt": "You’re buying 5 items: $6.25, $5.41, $5.02, $12.38, $15.22. About how much will you pay (before tax)?", "exact_value": 44.28, "model": "qwen/qwen2.5-3b-instruct", "provider": "transformers", "response": "Final answer: 59", "numeric_answer": 59.0, "relative_error": 0.33242999096657627, "thinking_text": null, "has_tool_call": false, "tool_call": null, "usage": {"prompt_tokens": 114, "completion_tokens": 7, "total_tokens": 121, "token_count_source": "tokenizer"}, "decoding": {"temperature": 0.2, "top_p": null, "top_k": null, "max_tokens": 256, "seed": 42}, "prompt_tokens": 114, "completion_tokens": 7, "total_tokens": 121, "token_count_source": "tokenizer", "diffusion_steps": null, "flops_estimate": null, "flops_arch": null, "flops_model_params": null, "flops_active_params": null, "tokens_non_final": 3, "tokens_reasoning": 0, "tokens_response": 3, "elapsed_seconds": 0.2233572006225586, "judgement": "Mildly off"}
{"id": "discounts_000183", "topic": "discounts", "subtopic": "buy_n_get_m", "prompt": "Buy 4 get 1 free on items priced $5.05 each. You take 6 total. About how much do you pay?", "exact_value": 25.25, "model": "qwen/qwen2.5-3b-instruct", "provider": "transformers", "response": "Final answer: 12.0", "numeric_answer": 12.0, "relative_error": 0.5247524752475248, "thinking_text": null, "has_tool_call": false, "tool_call": null, "usage": {"prompt_tokens": 95, "completion_tokens": 9, "total_tokens": 104, "token_count_source": "tokenizer"}, "decoding": {"temperature": 0.2, "top_p": null, "top_k": null, "max_tokens": 256, "seed": 42}, "prompt_tokens": 95, "completion_tokens": 9, "total_tokens": 104, "token_count_source": "tokenizer", "diffusion_steps": null, "flops_estimate": null, "flops_arch": null, "flops_model_params": null, "flops_active_params": null, "tokens_non_final": 3, "tokens_reasoning": 0, "tokens_response": 3, "elapsed_seconds": 0.28740429878234863, "judgement": "Mildly off"}
{"id": "discounts_000203", "topic": "discounts", "subtopic": "threshold", "prompt": "Threshold coupon applies: $5 off $30+ spend. Cart: $27.77, $19.83, $30.00, $13.61. About how much do you pay?", "exact_value": 86.21, "model": "qwen/qwen2.5-3b-instruct", "provider": "transformers", "response": "Final answer: 21.6", "numeric_answer": 21.6, "relative_error": 0.7494490198352858, "thinking_text": null, "has_tool_call": false, "tool_call": null, "usage": {"prompt_tokens": 115, "completion_tokens": 9, "total_tokens": 124, "token_count_source": "tokenizer"}, "decoding": {"temperature": 0.2, "top_p": null, "top_k": null, "max_tokens": 256, "seed": 42}, "prompt_tokens": 115, "completion_tokens": 9, "total_tokens": 124, "token_count_source": "tokenizer", "diffusion_steps": null, "flops_estimate": null, "flops_arch": null, "flops_model_params": null, "flops_active_params": null, "tokens_non_final": 3, "tokens_reasoning": 0, "tokens_response": 3, "elapsed_seconds": 0.28613996505737305, "judgement": "Way off"}
{"id": "discounts_000223", "topic": "discounts", "subtopic": "threshold", "prompt": "Threshold coupon applies: $5 off $40+ spend. Cart: $7.86, $25.35, $26.15, $22.93, $33.93. About how much do you pay?", "exact_value": 111.22, "model": "qwen/qwen2.5-3b-instruct", "provider": "transformers", "response": "Final answer: 11.0", "numeric_answer": 11.0, "relative_error": 0.9010969250134868, "thinking_text": null, "has_tool_call": false, "tool_call": null, "usage": {"prompt_tokens": 121, "completion_tokens": 9, "total_tokens": 130, "token_count_source": "tokenizer"}, "decoding": {"temperature": 0.2, "top_p": null, "top_k": null, "max_tokens": 256, "seed": 42}, "prompt_tokens": 121, "completion_tokens": 9, "total_tokens": 130, "token_count_source": "tokenizer", "diffusion_steps": null, "flops_estimate": null, "flops_arch": null, "flops_model_params": null, "flops_active_params": null, "tokens_non_final": 3, "tokens_reasoning": 0, "tokens_response": 3, "elapsed_seconds": 0.2886521816253662, "judgement": "Way off"}
{"id": "discounts_000243", "topic": "discounts", "subtopic": "percent", "prompt": "Cart: $41.98, $22.60, $24.78, $44.56, $29.87. A 20% discount applies to everything. About how much do you pay?", "exact_value": 131.03, "model": "qwen/qwen2.5-3b-instruct", "provider": "transformers", "response": "Final answer: 30.33", "numeric_answer": 30.33, "relative_error": 0.7685262916889262, "thinking_text": null, "has_tool_call": false, "tool_call": null, "usage": {"prompt_tokens": 119, "completion_tokens": 10, "total_tokens": 129, "token_count_source": "tokenizer"}, "decoding": {"temperature": 0.2, "top_p": null, "top_k": null, "max_tokens": 256, "seed": 42}, "prompt_tokens": 119, "completion_tokens": 10, "total_tokens": 129, "token_count_source": "tokenizer", "diffusion_steps": null, "flops_estimate": null, "flops_arch": null, "flops_model_params": null, "flops_active_params": null, "tokens_non_final": 3, "tokens_reasoning": 0, "tokens_response": 3, "elapsed_seconds": 0.3186075687408447, "judgement": "Way off"}
{"id": "discounts_000263", "topic": "discounts", "subtopic": "stacked", "prompt": "Stacked deal: 20% off, then $10 coupon if you spend $50 or more. Cart: $24.93, $20.51, $23.47. About how much do you pay?", "exact_value": 45.13, "model": "qwen/qwen2.5-3b-instruct", "provider": "transformers", "response": "Final answer: 2.49", "numeric_answer": 2.49, "relative_error": 0.9448260580545091, "thinking_text": null, "has_tool_call": false, "tool_call": null, "usage": {"prompt_tokens": 119, "completion_tokens": 9, "total_tokens": 128, "token_count_source": "tokenizer"}, "decoding": {"temperature": 0.2, "top_p": null, "top_k": null, "max_tokens": 256, "seed": 42}, "prompt_tokens": 119, "completion_tokens": 9, "total_tokens": 128, "token_count_source": "tokenizer", "diffusion_steps": null, "flops_estimate": null, "flops_arch": null, "flops_model_params": null, "flops_active_params": null, "tokens_non_final": 3, "tokens_reasoning": 0, "tokens_response": 3, "elapsed_seconds": 0.2858715057373047, "judgement": "Way off"}
{"id": "discounts_000283", "topic": "discounts", "subtopic": "threshold", "prompt": "Threshold coupon applies: $15 off $30+ spend. Cart: $27.33, $21.91, $39.19, $18.59. About how much do you pay?", "exact_value": 92.02, "model": "qwen/qwen2.5-3b-instruct", "provider": "transformers", "response": "Final answer: 24.5", "numeric_answer": 24.5, "relative_error": 0.7337535318409042, "thinking_text": null, "has_tool_call": false, "tool_call": null, "usage": {"prompt_tokens": 116, "completion_tokens": 9, "total_tokens": 125, "token_count_source": "tokenizer"}, "decoding": {"temperature": 0.2, "top_p": null, "top_k": null, "max_tokens": 256, "seed": 42}, "prompt_tokens": 116, "completion_tokens": 9, "total_tokens": 125, "token_count_source": "tokenizer", "diffusion_steps": null, "flops_estimate": null, "flops_arch": null, "flops_model_params": null, "flops_active_params": null, "tokens_non_final": 3, "tokens_reasoning": 0, "tokens_response": 3, "elapsed_seconds": 0.2854938507080078, "judgement": "Way off"}
{"id": "discounts_000303", "topic": "discounts", "subtopic": "threshold", "prompt": "Threshold coupon applies: $10 off $40+ spend. Cart: $36.04, $15.68, $34.87. About how much do you pay?", "exact_value": 76.59, "model": "qwen/qwen2.5-3b-instruct", "provider": "transformers", "response": "Final answer: 29.8", "numeric_answer": 29.8, "relative_error": 0.6109152630891762, "thinking_text": null, "has_tool_call": false, "tool_call": null, "usage": {"prompt_tokens": 109, "completion_tokens": 9, "total_tokens": 118, "token_count_source": "tokenizer"}, "decoding": {"temperature": 0.2, "top_p": null, "top_k": null, "max_tokens": 256, "seed": 42}, "prompt_tokens": 109, "completion_tokens": 9, "total_tokens": 118, "token_count_source": "tokenizer", "diffusion_steps": null, "flops_estimate": null, "flops_arch": null, "flops_model_params": null, "flops_active_params": null, "tokens_non_final": 3, "tokens_reasoning": 0, "tokens_response": 3, "elapsed_seconds": 0.2854743003845215, "judgement": "Way off"}
{"id": "discounts_000323", "topic": "discounts", "subtopic": "stacked", "prompt": "Stacked deal: 20% off, then $5 coupon if you spend $50 or more. Cart: $37.30, $35.35, $7.26, $28.69, $36.32, $11.49. About how much do you pay?", "exact_value": 120.13, "model": "qwen/qwen2.5-3b-instruct", "provider": "transformers", "response": "Final answer: 11.41", "numeric_answer": 11.41, "relative_error": 0.905019562141014, "thinking_text": null, "has_tool_call": false, "tool_call": null, "usage": {"prompt_tokens": 138, "completion_tokens": 10, "total_tokens": 148, "token_count_source": "tokenizer"}, "decoding": {"temperature": 0.2, "top_p": null, "top_k": null, "max_tokens": 256, "seed": 42}, "prompt_tokens": 138, "completion_tokens": 10, "total_tokens": 148, "token_count_source": "tokenizer", "diffusion_steps": null, "flops_estimate": null, "flops_arch": null, "flops_model_params": null, "flops_active_params": null, "tokens_non_final": 3, "tokens_reasoning": 0, "tokens_response": 3, "elapsed_seconds": 0.32188916206359863, "judgement": "Way off"}
{"id": "discounts_000343", "topic": "discounts", "subtopic": "threshold", "prompt": "Threshold coupon applies: $5 off $30+ spend. Cart: $26.24, $32.30, $4.60, $26.47, $26.89. About how much do you pay?", "exact_value": 111.5, "model": "qwen/qwen2.5-3b-instruct", "provider": "transformers", "response": "Final answer: 18.2", "numeric_answer": 18.2, "relative_error": 0.8367713004484305, "thinking_text": null, "has_tool_call": false, "tool_call": null, "usage": {"prompt_tokens": 121, "completion_tokens": 9, "total_tokens": 130, "token_count_source": "tokenizer"}, "decoding": {"temperature": 0.2, "top_p": null, "top_k": null, "max_tokens": 256, "seed": 42}, "prompt_tokens": 121, "completion_tokens": 9, "total_tokens": 130, "token_count_source": "tokenizer", "diffusion_steps": null, "flops_estimate": null, "flops_arch": null, "flops_model_params": null, "flops_active_params": null, "tokens_non_final": 3, "tokens_reasoning": 0, "tokens_response": 3, "elapsed_seconds": 0.2857038974761963, "judgement": "Way off"}
{"id": "discounts_000363", "topic": "discounts", "subtopic": "threshold", "prompt": "Threshold coupon applies: $10 off $25+ spend. Cart: $8.84, $27.18, $39.97. About how much do you pay?", "exact_value": 65.99, "model": "qwen/qwen2.5-3b-instruct", "provider": "transformers", "response": "Final answer: 36.8", "numeric_answer": 36.8, "relative_error": 0.44233974844673435, "thinking_text": null, "has_tool_call": false, "tool_call": null, "usage": {"prompt_tokens": 108, "completion_tokens": 9, "total_tokens": 117, "token_count_source": "tokenizer"}, "decoding": {"temperature": 0.2, "top_p": null, "top_k": null, "max_tokens": 256, "seed": 42}, "prompt_tokens": 108, "completion_tokens": 9, "total_tokens": 117, "token_count_source": "tokenizer", "diffusion_steps": null, "flops_estimate": null, "flops_arch": null, "flops_model_params": null, "flops_active_params": null, "tokens_non_final": 3, "tokens_reasoning": 0, "tokens_response": 3, "elapsed_seconds": 0.2861804962158203, "judgement": "Mildly off"}
{"id": "discounts_000383", "topic": "discounts", "subtopic": "stacked", "prompt": "Stacked deal: 15% off, then $5 coupon if you spend $40 or more. Cart: $32.36, $39.44, $31.86. About how much do you pay?", "exact_value": 83.11, "model": "qwen/qwen2.5-3b-instruct", "provider": "transformers", "response": "Final answer: 22.06", "numeric_answer": 22.06, "relative_error": 0.7345686439658284, "thinking_text": null, "has_tool_call": false, "tool_call": null, "usage": {"prompt_tokens": 118, "completion_tokens": 10, "total_tokens": 128, "token_count_source": "tokenizer"}, "decoding": {"temperature": 0.2, "top_p": null, "top_k": null, "max_tokens": 256, "seed": 42}, "prompt_tokens": 118, "completion_tokens": 10, "total_tokens": 128, "token_count_source": "tokenizer", "diffusion_steps": null, "flops_estimate": null, "flops_arch": null, "flops_model_params": null, "flops_active_params": null, "tokens_non_final": 3, "tokens_reasoning": 0, "tokens_response": 3, "elapsed_seconds": 0.31717705726623535, "judgement": "Way off"}
{"id": "discounts_000403", "topic": "discounts", "subtopic": "buy_n_get_m", "prompt": "Buy 4 get 3 free on items priced $7.01 each. You take 7 total. About how much do you pay?", "exact_value": 28.04, "model": "qwen/qwen2.5-3b-instruct", "provider": "transformers", "response": "Final answer: 20.03", "numeric_answer": 20.03, "relative_error": 0.285663338088445, "thinking_text": null, "has_tool_call": false, "tool_call": null, "usage": {"prompt_tokens": 95, "completion_tokens": 10, "total_tokens": 105, "token_count_source": "tokenizer"}, "decoding": {"temperature": 0.2, "top_p": null, "top_k": null, "max_tokens": 256, "seed": 42}, "prompt_tokens": 95, "completion_tokens": 10, "total_tokens": 105, "token_count_source": "tokenizer", "diffusion_steps": null, "flops_estimate": null, "flops_arch": null, "flops_model_params": null, "flops_active_params": null, "tokens_non_final": 3, "tokens_reasoning": 0, "tokens_response": 3, "elapsed_seconds": 0.3195817470550537, "judgement": "Mildly off"}
{"id": "discounts_000423", "topic": "discounts", "subtopic": "threshold", "prompt": "Threshold coupon applies: $15 off $50+ spend. Cart: $37.39, $36.57. About how much do you pay?", "exact_value": 58.96, "model": "qwen/qwen2.5-3b-instruct", "provider": "transformers", "response": "Final answer: 38.3", "numeric_answer": 38.3, "relative_error": 0.35040705563093627, "thinking_text": null, "has_tool_call": false, "tool_call": null, "usage": {"prompt_tokens": 102, "completion_tokens": 9, "total_tokens": 111, "token_count_source": "tokenizer"}, "decoding": {"temperature": 0.2, "top_p": null, "top_k": null, "max_tokens": 256, "seed": 42}, "prompt_tokens": 102, "completion_tokens": 9, "total_tokens": 111, "token_count_source": "tokenizer", "diffusion_steps": null, "flops_estimate": null, "flops_arch": null, "flops_model_params": null, "flops_active_params": null, "tokens_non_final": 3, "tokens_reasoning": 0, "tokens_response": 3, "elapsed_seconds": 0.28705406188964844, "judgement": "Mildly off"}
{"id": "discounts_000443", "topic": "discounts", "subtopic": "threshold", "prompt": "Threshold coupon applies: $10 off $40+ spend. Cart: $11.05, $31.68, $27.63, $4.93, $26.15. About how much do you pay?", "exact_value": 91.44, "model": "qwen/qwen2.5-3b-instruct", "provider": "transformers", "response": "Final answer: 22.0", "numeric_answer": 22.0, "relative_error": 0.7594050743657043, "thinking_text": null, "has_tool_call": false, "tool_call": null, "usage": {"prompt_tokens": 122, "completion_tokens": 9, "total_tokens": 131, "token_count_source": "tokenizer"}, "decoding": {"temperature": 0.2, "top_p": null, "top_k": null, "max_tokens": 256, "seed": 42}, "prompt_tokens": 122, "completion_tokens": 9, "total_tokens": 131, "token_count_source": "tokenizer", "diffusion_steps": null, "flops_estimate": null, "flops_arch": null, "flops_model_params": null, "flops_active_params": null, "tokens_non_final": 3, "tokens_reasoning": 0, "tokens_response": 3, "elapsed_seconds": 0.2900395393371582, "judgement": "Way off"}
{"id": "discounts_000463", "topic": "discounts", "subtopic": "threshold", "prompt": "Threshold coupon applies: $5 off $30+ spend. Cart: $7.17, $14.56, $7.86, $33.78. About how much do you pay?", "exact_value": 58.37, "model": "qwen/qwen2.5-3b-instruct", "provider": "transformers", "response": "Final answer: 29.8", "numeric_answer": 29.8, "relative_error": 0.4894637656330306, "thinking_text": null, "has_tool_call": false, "tool_call": null, "usage": {"prompt_tokens": 113, "completion_tokens": 9, "total_tokens": 122, "token_count_source": "tokenizer"}, "decoding": {"temperature": 0.2, "top_p": null, "top_k": null, "max_tokens": 256, "seed": 42}, "prompt_tokens": 113, "completion_tokens": 9, "total_tokens": 122, "token_count_source": "tokenizer", "diffusion_steps": null, "flops_estimate": null, "flops_arch": null, "flops_model_params": null, "flops_active_params": null, "tokens_non_final": 3, "tokens_reasoning": 0, "tokens_response": 3, "elapsed_seconds": 0.28870511054992676, "judgement": "Mildly off"}
{"id": "discounts_000483", "topic": "discounts", "subtopic": "buy_n_get_m", "prompt": "Buy 3 get 3 free on items priced $2.85 each. You take 7 total. About how much do you pay?", "exact_value": 11.4, "model": "qwen/qwen2.5-3b-instruct", "provider": "transformers", "response": "Final answer: 14.65", "numeric_answer": 14.65, "relative_error": 0.2850877192982456, "thinking_text": null, "has_tool_call": false, "tool_call": null, "usage": {"prompt_tokens": 95, "completion_tokens": 10, "total_tokens": 105, "token_count_source": "tokenizer"}, "decoding": {"temperature": 0.2, "top_p": null, "top_k": null, "max_tokens": 256, "seed": 42}, "prompt_tokens": 95, "completion_tokens": 10, "total_tokens": 105, "token_count_source": "tokenizer", "diffusion_steps": null, "flops_estimate": null, "flops_arch": null, "flops_model_params": null, "flops_active_params": null, "tokens_non_final": 3, "tokens_reasoning": 0, "tokens_response": 3, "elapsed_seconds": 0.3179023265838623, "judgement": "Mildly off"}
{"id": "discounts_000503", "topic": "discounts", "subtopic": "stacked", "prompt": "Stacked deal: 20% off, then $5 coupon if you spend $30 or more. Cart: $29.58, $10.92, $29.18, $33.24, $8.11, $38.19. About how much do you pay?", "exact_value": 114.38, "model": "qwen/qwen2.5-3b-instruct", "provider": "transformers", "response": "Final answer: 20.6", "numeric_answer": 20.6, "relative_error": 0.8198985836684736, "thinking_text": null, "has_tool_call": false, "tool_call": null, "usage": {"prompt_tokens": 138, "completion_tokens": 9, "total_tokens": 147, "token_count_source": "tokenizer"}, "decoding": {"temperature": 0.2, "top_p": null, "top_k": null, "max_tokens": 256, "seed": 42}, "prompt_tokens": 138, "completion_tokens": 9, "total_tokens": 147, "token_count_source": "tokenizer", "diffusion_steps": null, "flops_estimate": null, "flops_arch": null, "flops_model_params": null, "flops_active_params": null, "tokens_non_final": 3, "tokens_reasoning": 0, "tokens_response": 3, "elapsed_seconds": 0.2897160053253174, "judgement": "Way off"}
{"id": "discounts_000523", "topic": "discounts", "subtopic": "bogo", "prompt": "BOGO sale (buy one, get one free; free item is the cheaper one in each pair). Items: $21.23, $17.95, $15.39, $10.11, $8.23, $4.52. About how much do you pay?", "exact_value": 44.85, "model": "qwen/qwen2.5-3b-instruct", "provider": "transformers", "response": "Final answer: 15.4", "numeric_answer": 15.4, "relative_error": 0.6566332218506132, "thinking_text": null, "has_tool_call": false, "tool_call": null, "usage": {"prompt_tokens": 135, "completion_tokens": 9, "total_tokens": 144, "token_count_source": "tokenizer"}, "decoding": {"temperature": 0.2, "top_p": null, "top_k": null, "max_tokens": 256, "seed": 42}, "prompt_tokens": 135, "completion_tokens": 9, "total_tokens": 144, "token_count_source": "tokenizer", "diffusion_steps": null, "flops_estimate": null, "flops_arch": null, "flops_model_params": null, "flops_active_params": null, "tokens_non_final": 3, "tokens_reasoning": 0, "tokens_response": 3, "elapsed_seconds": 0.28966617584228516, "judgement": "Way off"}
{"id": "discounts_000543", "topic": "discounts", "subtopic": "percent", "prompt": "Cart: $30.85, $43.81, $8.07. A 20% discount applies to everything. About how much do you pay?", "exact_value": 66.18, "model": "qwen/qwen2.5-3b-instruct", "provider": "transformers", "response": "Final answer: 6.91", "numeric_answer": 6.91, "relative_error": 0.8955877908733757, "thinking_text": null, "has_tool_call": false, "tool_call": null, "usage": {"prompt_tokens": 104, "completion_tokens": 9, "total_tokens": 113, "token_count_source": "tokenizer"}, "decoding": {"temperature": 0.2, "top_p": null, "top_k": null, "max_tokens": 256, "seed": 42}, "prompt_tokens": 104, "completion_tokens": 9, "total_tokens": 113, "token_count_source": "tokenizer", "diffusion_steps": null, "flops_estimate": null, "flops_arch": null, "flops_model_params": null, "flops_active_params": null, "tokens_non_final": 3, "tokens_reasoning": 0, "tokens_response": 3, "elapsed_seconds": 0.2865278720855713, "judgement": "Way off"}
{"id": "discounts_000563", "topic": "discounts", "subtopic": "threshold", "prompt": "Threshold coupon applies: $5 off $30+ spend. Cart: $4.94, $20.81, $22.55. About how much do you pay?", "exact_value": 43.3, "model": "qwen/qwen2.5-3b-instruct", "provider": "transformers", "response": "Final answer: 22.55", "numeric_answer": 22.55, "relative_error": 0.47921478060046185, "thinking_text": null, "has_tool_call": false, "tool_call": null, "usage": {"prompt_tokens": 107, "completion_tokens": 10, "total_tokens": 117, "token_count_source": "tokenizer"}, "decoding": {"temperature": 0.2, "top_p": null, "top_k": null, "max_tokens": 256, "seed": 42}, "prompt_tokens": 107, "completion_tokens": 10, "total_tokens": 117, "token_count_source": "tokenizer", "diffusion_steps": null, "flops_estimate": null, "flops_arch": null, "flops_model_params": null, "flops_active_params": null, "tokens_non_final": 3, "tokens_reasoning": 0, "tokens_response": 3, "elapsed_seconds": 0.3214704990386963, "judgement": "Mildly off"}
{"id": "discounts_000583", "topic": "discounts", "subtopic": "buy_n_get_m", "prompt": "Buy 5 get 3 free on items priced $4.97 each. You take 16 total. About how much do you pay?", "exact_value": 49.7, "model": "qwen/qwen2.5-3b-instruct", "provider": "transformers", "response": "Final answer: 20.03", "numeric_answer": 20.03, "relative_error": 0.5969818913480885, "thinking_text": null, "has_tool_call": false, "tool_call": null, "usage": {"prompt_tokens": 96, "completion_tokens": 10, "total_tokens": 106, "token_count_source": "tokenizer"}, "decoding": {"temperature": 0.2, "top_p": null, "top_k": null, "max_tokens": 256, "seed": 42}, "prompt_tokens": 96, "completion_tokens": 10, "total_tokens": 106, "token_count_source": "tokenizer", "diffusion_steps": null, "flops_estimate": null, "flops_arch": null, "flops_model_params": null, "flops_active_params": null, "tokens_non_final": 3, "tokens_reasoning": 0, "tokens_response": 3, "elapsed_seconds": 0.31832027435302734, "judgement": "Mildly off"}
{"id": "discounts_000603", "topic": "discounts", "subtopic": "bogo", "prompt": "BOGO sale (buy one, get one free; free item is the cheaper one in each pair). Items: $18.16, $13.58, $11.14, $8.88, $4.45. About how much do you pay?", "exact_value": 33.75, "model": "qwen/qwen2.5-3b-instruct", "provider": "transformers", "response": "Final answer: 20.13", "numeric_answer": 20.13, "relative_error": 0.4035555555555556, "thinking_text": null, "has_tool_call": false, "tool_call": null, "usage": {"prompt_tokens": 128, "completion_tokens": 10, "total_tokens": 138, "token_count_source": "tokenizer"}, "decoding": {"temperature": 0.2, "top_p": null, "top_k": null, "max_tokens": 256, "seed": 42}, "prompt_tokens": 128, "completion_tokens": 10, "total_tokens": 138, "token_count_source": "tokenizer", "diffusion_steps": null, "flops_estimate": null, "flops_arch": null, "flops_model_params": null, "flops_active_params": null, "tokens_non_final": 3, "tokens_reasoning": 0, "tokens_response": 3, "elapsed_seconds": 0.32254481315612793, "judgement": "Mildly off"}
{"id": "discounts_000623", "topic": "discounts", "subtopic": "bogo", "prompt": "BOGO sale (buy one, get one free; free item is the cheaper one in each pair). Items: $21.85, $18.63, $17.86, $11.60, $9.53. About how much do you pay?", "exact_value": 49.24, "model": "qwen/qwen2.5-3b-instruct", "provider": "transformers", "response": "Final answer: 17.86", "numeric_answer": 17.86, "relative_error": 0.6372867587327377, "thinking_text": null, "has_tool_call": false, "tool_call": null, "usage": {"prompt_tokens": 129, "completion_tokens": 10, "total_tokens": 139, "token_count_source": "tokenizer"}, "decoding": {"temperature": 0.2, "top_p": null, "top_k": null, "max_tokens": 256, "seed": 42}, "prompt_tokens": 129, "completion_tokens": 10, "total_tokens": 139, "token_count_source": "tokenizer", "diffusion_steps": null, "flops_estimate": null, "flops_arch": null, "flops_model_params": null, "flops_active_params": null, "tokens_non_final": 3, "tokens_reasoning": 0, "tokens_response": 3, "elapsed_seconds": 0.3246424198150635, "judgement": "Way off"}
{"id": "discounts_000643", "topic": "discounts", "subtopic": "buy_n_get_m", "prompt": "Buy 5 get 1 free on items priced $4.62 each. You take 12 total. About how much do you pay?", "exact_value": 46.2, "model": "qwen/qwen2.5-3b-instruct", "provider": "transformers", "response": "Final answer: 3.01", "numeric_answer": 3.01, "relative_error": 0.9348484848484849, "thinking_text": null, "has_tool_call": false, "tool_call": null, "usage": {"prompt_tokens": 96, "completion_tokens": 9, "total_tokens": 105, "token_count_source": "tokenizer"}, "decoding": {"temperature": 0.2, "top_p": null, "top_k": null, "max_tokens": 256, "seed": 42}, "prompt_tokens": 96, "completion_tokens": 9, "total_tokens": 105, "token_count_source": "tokenizer", "diffusion_steps": null, "flops_estimate": null, "flops_arch": null, "flops_model_params": null, "flops_active_params": null, "tokens_non_final": 3, "tokens_reasoning": 0, "tokens_response": 3, "elapsed_seconds": 0.2874758243560791, "judgement": "Way off"}
{"id": "discounts_000663", "topic": "discounts", "subtopic": "stacked", "prompt": "Stacked deal: 15% off, then $5 coupon if you spend $50 or more. Cart: $16.58, $23.77, $10.19. About how much do you pay?", "exact_value": 42.96, "model": "qwen/qwen2.5-3b-instruct", "provider": "transformers", "response": "Final answer: 14.58", "numeric_answer": 14.58, "relative_error": 0.6606145251396649, "thinking_text": null, "has_tool_call": false, "tool_call": null, "usage": {"prompt_tokens": 118, "completion_tokens": 10, "total_tokens": 128, "token_count_source": "tokenizer"}, "decoding": {"temperature": 0.2, "top_p": null, "top_k": null, "max_tokens": 256, "seed": 42}, "prompt_tokens": 118, "completion_tokens": 10, "total_tokens": 128, "token_count_source": "tokenizer", "diffusion_steps": null, "flops_estimate": null, "flops_arch": null, "flops_model_params": null, "flops_active_params": null, "tokens_non_final": 3, "tokens_reasoning": 0, "tokens_response": 3, "elapsed_seconds": 0.31871795654296875, "judgement": "Way off"}
{"id": "discounts_000683", "topic": "discounts", "subtopic": "percent", "prompt": "Cart: $27.44, $47.42, $41.38, $11.58, $35.37. A 25% discount applies to everything. About how much do you pay?", "exact_value": 122.39, "model": "qwen/qwen2.5-3b-instruct", "provider": "transformers", "response": "Final answer: 20.39", "numeric_answer": 20.39, "relative_error": 0.8334014216847782, "thinking_text": null, "has_tool_call": false, "tool_call": null, "usage": {"prompt_tokens": 119, "completion_tokens": 10, "total_tokens": 129, "token_count_source": "tokenizer"}, "decoding": {"temperature": 0.2, "top_p": null, "top_k": null, "max_tokens": 256, "seed": 42}, "prompt_tokens": 119, "completion_tokens": 10, "total_tokens": 129, "token_count_source": "tokenizer", "diffusion_steps": null, "flops_estimate": null, "flops_arch": null, "flops_model_params": null, "flops_active_params": null, "tokens_non_final": 3, "tokens_reasoning": 0, "tokens_response": 3, "elapsed_seconds": 0.3177828788757324, "judgement": "Way off"}
{"id": "discounts_000703", "topic": "discounts", "subtopic": "percent", "prompt": "Cart: $19.91, $32.12, $19.55, $20.11, $21.65. A 15% discount applies to everything. About how much do you pay?", "exact_value": 96.34, "model": "qwen/qwen2.5-3b-instruct", "provider": "transformers", "response": "Final answer: 20.87", "numeric_answer": 20.87, "relative_error": 0.7833713929831845, "thinking_text": null, "has_tool_call": false, "tool_call": null, "usage": {"prompt_tokens": 119, "completion_tokens": 10, "total_tokens": 129, "token_count_source": "tokenizer"}, "decoding": {"temperature": 0.2, "top_p": null, "top_k": null, "max_tokens": 256, "seed": 42}, "prompt_tokens": 119, "completion_tokens": 10, "total_tokens": 129, "token_count_source": "tokenizer", "diffusion_steps": null, "flops_estimate": null, "flops_arch": null, "flops_model_params": null, "flops_active_params": null, "tokens_non_final": 3, "tokens_reasoning": 0, "tokens_response": 3, "elapsed_seconds": 0.3208444118499756, "judgement": "Way off"}
{"id": "discounts_000723", "topic": "discounts", "subtopic": "percent", "prompt": "Cart: $48.29, $29.75, $30.14, $33.26, $21.69. A 25% discount applies to everything. About how much do you pay?", "exact_value": 122.35, "model": "qwen/qwen2.5-3b-instruct", "provider": "transformers", "response": "Final answer: 25.51", "numeric_answer": 25.51, "relative_error": 0.7914997956681651, "thinking_text": null, "has_tool_call": false, "tool_call": null, "usage": {"prompt_tokens": 119, "completion_tokens": 10, "total_tokens": 129, "token_count_source": "tokenizer"}, "decoding": {"temperature": 0.2, "top_p": null, "top_k": null, "max_tokens": 256, "seed": 42}, "prompt_tokens": 119, "completion_tokens": 10, "total_tokens": 129, "token_count_source": "tokenizer", "diffusion_steps": null, "flops_estimate": null, "flops_arch": null, "flops_model_params": null, "flops_active_params": null, "tokens_non_final": 3, "tokens_reasoning": 0, "tokens_response": 3, "elapsed_seconds": 0.31900811195373535, "judgement": "Way off"}
{"id": "discounts_000743", "topic": "discounts", "subtopic": "bogo", "prompt": "BOGO sale (buy one, get one free; free item is the cheaper one in each pair). Items: $22.88, $9.78. About how much do you pay?", "exact_value": 22.88, "model": "qwen/qwen2.5-3b-instruct", "provider": "transformers", "response": "Final answer: 9.78", "numeric_answer": 9.78, "relative_error": 0.5725524475524476, "thinking_text": null, "has_tool_call": false, "tool_call": null, "usage": {"prompt_tokens": 108, "completion_tokens": 9, "total_tokens": 117, "token_count_source": "tokenizer"}, "decoding": {"temperature": 0.2, "top_p": null, "top_k": null, "max_tokens": 256, "seed": 42}, "prompt_tokens": 108, "completion_tokens": 9, "total_tokens": 117, "token_count_source": "tokenizer", "diffusion_steps": null, "flops_estimate": null, "flops_arch": null, "flops_model_params": null, "flops_active_params": null, "tokens_non_final": 3, "tokens_reasoning": 0, "tokens_response": 3, "elapsed_seconds": 0.2865254878997803, "judgement": "Mildly off"}
{"id": "discounts_000763", "topic": "discounts", "subtopic": "bogo", "prompt": "BOGO sale (buy one, get one free; free item is the cheaper one in each pair). Items: $11.36, $1.82. About how much do you pay?", "exact_value": 11.36, "model": "qwen/qwen2.5-3b-instruct", "provider": "transformers", "response": "Final answer: 1.82", "numeric_answer": 1.82, "relative_error": 0.8397887323943661, "thinking_text": null, "has_tool_call": false, "tool_call": null, "usage": {"prompt_tokens": 108, "completion_tokens": 9, "total_tokens": 117, "token_count_source": "tokenizer"}, "decoding": {"temperature": 0.2, "top_p": null, "top_k": null, "max_tokens": 256, "seed": 42}, "prompt_tokens": 108, "completion_tokens": 9, "total_tokens": 117, "token_count_source": "tokenizer", "diffusion_steps": null, "flops_estimate": null, "flops_arch": null, "flops_model_params": null, "flops_active_params": null, "tokens_non_final": 3, "tokens_reasoning": 0, "tokens_response": 3, "elapsed_seconds": 0.28619933128356934, "judgement": "Way off"}
{"id": "discounts_000783", "topic": "discounts", "subtopic": "stacked", "prompt": "Stacked deal: 15% off, then $10 coupon if you spend $30 or more. Cart: $37.23, $37.65, $36.92, $14.32, $6.23. About how much do you pay?", "exact_value": 102.5, "model": "qwen/qwen2.5-3b-instruct", "provider": "transformers", "response": "Final answer: 28.56", "numeric_answer": 28.56, "relative_error": 0.7213658536585366, "thinking_text": null, "has_tool_call": false, "tool_call": null, "usage": {"prompt_tokens": 132, "completion_tokens": 10, "total_tokens": 142, "token_count_source": "tokenizer"}, "decoding": {"temperature": 0.2, "top_p": null, "top_k": null, "max_tokens": 256, "seed": 42}, "prompt_tokens": 132, "completion_tokens": 10, "total_tokens": 142, "token_count_source": "tokenizer", "diffusion_steps": null, "flops_estimate": null, "flops_arch": null, "flops_model_params": null, "flops_active_params": null, "tokens_non_final": 3, "tokens_reasoning": 0, "tokens_response": 3, "elapsed_seconds": 0.32251715660095215, "judgement": "Way off"}
{"id": "discounts_000803", "topic": "discounts", "subtopic": "bogo", "prompt": "BOGO sale (buy one, get one free; free item is the cheaper one in each pair). Items: $23.07, $19.42, $17.76, $16.24, $13.92, $4.39. About how much do you pay?", "exact_value": 54.75, "model": "qwen/qwen2.5-3b-instruct", "provider": "transformers", "response": "Final answer: 18.5", "numeric_answer": 18.5, "relative_error": 0.6621004566210046, "thinking_text": null, "has_tool_call": false, "tool_call": null, "usage": {"prompt_tokens": 136, "completion_tokens": 9, "total_tokens": 145, "token_count_source": "tokenizer"}, "decoding": {"temperature": 0.2, "top_p": null, "top_k": null, "max_tokens": 256, "seed": 42}, "prompt_tokens": 136, "completion_tokens": 9, "total_tokens": 145, "token_count_source": "tokenizer", "diffusion_steps": null, "flops_estimate": null, "flops_arch": null, "flops_model_params": null, "flops_active_params": null, "tokens_non_final": 3, "tokens_reasoning": 0, "tokens_response": 3, "elapsed_seconds": 0.28966283798217773, "judgement": "Way off"}
{"id": "discounts_000823", "topic": "discounts", "subtopic": "stacked", "prompt": "Stacked deal: 20% off, then $10 coupon if you spend $30 or more. Cart: $8.48, $35.86, $5.64, $31.66, $9.45. About how much do you pay?", "exact_value": 62.87, "model": "qwen/qwen2.5-3b-instruct", "provider": "transformers", "response": "Final answer: 11.37", "numeric_answer": 11.37, "relative_error": 0.819150628280579, "thinking_text": null, "has_tool_call": false, "tool_call": null, "usage": {"prompt_tokens": 130, "completion_tokens": 10, "total_tokens": 140, "token_count_source": "tokenizer"}, "decoding": {"temperature": 0.2, "top_p": null, "top_k": null, "max_tokens": 256, "seed": 42}, "prompt_tokens": 130, "completion_tokens": 10, "total_tokens": 140, "token_count_source": "tokenizer", "diffusion_steps": null, "flops_estimate": null, "flops_arch": null, "flops_model_params": null, "flops_active_params": null, "tokens_non_final": 3, "tokens_reasoning": 0, "tokens_response": 3, "elapsed_seconds": 0.32204294204711914, "judgement": "Way off"}
{"id": "discounts_000843", "topic": "discounts", "subtopic": "buy_n_get_m", "prompt": "Buy 4 get 2 free on items priced $5.03 each. You take 9 total. About how much do you pay?", "exact_value": 35.21, "model": "qwen/qwen2.5-3b-instruct", "provider": "transformers", "response": "Final answer: 18.06", "numeric_answer": 18.06, "relative_error": 0.48707753479125254, "thinking_text": null, "has_tool_call": false, "tool_call": null, "usage": {"prompt_tokens": 95, "completion_tokens": 10, "total_tokens": 105, "token_count_source": "tokenizer"}, "decoding": {"temperature": 0.2, "top_p": null, "top_k": null, "max_tokens": 256, "seed": 42}, "prompt_tokens": 95, "completion_tokens": 10, "total_tokens": 105, "token_count_source": "tokenizer", "diffusion_steps": null, "flops_estimate": null, "flops_arch": null, "flops_model_params": null, "flops_active_params": null, "tokens_non_final": 3, "tokens_reasoning": 0, "tokens_response": 3, "elapsed_seconds": 0.31934404373168945, "judgement": "Mildly off"}
{"id": "discounts_000863", "topic": "discounts", "subtopic": "threshold", "prompt": "Threshold coupon applies: $10 off $25+ spend. Cart: $34.92, $8.51, $12.79. About how much do you pay?", "exact_value": 46.22, "model": "qwen/qwen2.5-3b-instruct", "provider": "transformers", "response": "Final answer: 36.7", "numeric_answer": 36.7, "relative_error": 0.20597144093466024, "thinking_text": null, "has_tool_call": false, "tool_call": null, "usage": {"prompt_tokens": 108, "completion_tokens": 9, "total_tokens": 117, "token_count_source": "tokenizer"}, "decoding": {"temperature": 0.2, "top_p": null, "top_k": null, "max_tokens": 256, "seed": 42}, "prompt_tokens": 108, "completion_tokens": 9, "total_tokens": 117, "token_count_source": "tokenizer", "diffusion_steps": null, "flops_estimate": null, "flops_arch": null, "flops_model_params": null, "flops_active_params": null, "tokens_non_final": 3, "tokens_reasoning": 0, "tokens_response": 3, "elapsed_seconds": 0.2864651679992676, "judgement": "Mildly off"}
{"id": "discounts_000883", "topic": "discounts", "subtopic": "percent", "prompt": "Cart: $39.81, $20.15, $41.33, $23.55, $23.05. A 25% discount applies to everything. About how much do you pay?", "exact_value": 110.92, "model": "qwen/qwen2.5-3b-instruct", "provider": "transformers", "response": "Final answer: 26.17", "numeric_answer": 26.17, "relative_error": 0.7640641904075008, "thinking_text": null, "has_tool_call": false, "tool_call": null, "usage": {"prompt_tokens": 119, "completion_tokens": 10, "total_tokens": 129, "token_count_source": "tokenizer"}, "decoding": {"temperature": 0.2, "top_p": null, "top_k": null, "max_tokens": 256, "seed": 42}, "prompt_tokens": 119, "completion_tokens": 10, "total_tokens": 129, "token_count_source": "tokenizer", "diffusion_steps": null, "flops_estimate": null, "flops_arch": null, "flops_model_params": null, "flops_active_params": null, "tokens_non_final": 3, "tokens_reasoning": 0, "tokens_response": 3, "elapsed_seconds": 0.31841111183166504, "judgement": "Way off"}
{"id": "discounts_000903", "topic": "discounts", "subtopic": "percent", "prompt": "Cart: $12.50, $16.62, $17.19. A 10% discount applies to everything. About how much do you pay?", "exact_value": 41.68, "model": "qwen/qwen2.5-3b-instruct", "provider": "transformers", "response": "Final answer: 13.84", "numeric_answer": 13.84, "relative_error": 0.6679462571976967, "thinking_text": null, "has_tool_call": false, "tool_call": null, "usage": {"prompt_tokens": 105, "completion_tokens": 10, "total_tokens": 115, "token_count_source": "tokenizer"}, "decoding": {"temperature": 0.2, "top_p": null, "top_k": null, "max_tokens": 256, "seed": 42}, "prompt_tokens": 105, "completion_tokens": 10, "total_tokens": 115, "token_count_source": "tokenizer", "diffusion_steps": null, "flops_estimate": null, "flops_arch": null, "flops_model_params": null, "flops_active_params": null, "tokens_non_final": 3, "tokens_reasoning": 0, "tokens_response": 3, "elapsed_seconds": 0.3180384635925293, "judgement": "Way off"}
{"id": "discounts_000923", "topic": "discounts", "subtopic": "bogo", "prompt": "BOGO sale (buy one, get one free; free item is the cheaper one in each pair). Items: $10.61, $2.49. About how much do you pay?", "exact_value": 10.61, "model": "qwen/qwen2.5-3b-instruct", "provider": "transformers", "response": "Final answer: 2.49", "numeric_answer": 2.49, "relative_error": 0.765315739868049, "thinking_text": null, "has_tool_call": false, "tool_call": null, "usage": {"prompt_tokens": 108, "completion_tokens": 9, "total_tokens": 117, "token_count_source": "tokenizer"}, "decoding": {"temperature": 0.2, "top_p": null, "top_k": null, "max_tokens": 256, "seed": 42}, "prompt_tokens": 108, "completion_tokens": 9, "total_tokens": 117, "token_count_source": "tokenizer", "diffusion_steps": null, "flops_estimate": null, "flops_arch": null, "flops_model_params": null, "flops_active_params": null, "tokens_non_final": 3, "tokens_reasoning": 0, "tokens_response": 3, "elapsed_seconds": 0.286602258682251, "judgement": "Way off"}
{"id": "discounts_000943", "topic": "discounts", "subtopic": "stacked", "prompt": "Stacked deal: 20% off, then $5 coupon if you spend $50 or more. Cart: $22.54, $15.03, $37.69. About how much do you pay?", "exact_value": 55.21, "model": "qwen/qwen2.5-3b-instruct", "provider": "transformers", "response": "Final answer: 12.08", "numeric_answer": 12.08, "relative_error": 0.781199058141641, "thinking_text": null, "has_tool_call": false, "tool_call": null, "usage": {"prompt_tokens": 118, "completion_tokens": 10, "total_tokens": 128, "token_count_source": "tokenizer"}, "decoding": {"temperature": 0.2, "top_p": null, "top_k": null, "max_tokens": 256, "seed": 42}, "prompt_tokens": 118, "completion_tokens": 10, "total_tokens": 128, "token_count_source": "tokenizer", "diffusion_steps": null, "flops_estimate": null, "flops_arch": null, "flops_model_params": null, "flops_active_params": null, "tokens_non_final": 3, "tokens_reasoning": 0, "tokens_response": 3, "elapsed_seconds": 0.3182971477508545, "judgement": "Way off"}
{"id": "discounts_000963", "topic": "discounts", "subtopic": "bogo", "prompt": "BOGO sale (buy one, get one free; free item is the cheaper one in each pair). Items: $23.00, $20.02, $17.46, $6.49, $2.60. About how much do you pay?", "exact_value": 43.06, "model": "qwen/qwen2.5-3b-instruct", "provider": "transformers", "response": "Final answer: 15.8", "numeric_answer": 15.8, "relative_error": 0.6330701346957733, "thinking_text": null, "has_tool_call": false, "tool_call": null, "usage": {"prompt_tokens": 128, "completion_tokens": 9, "total_tokens": 137, "token_count_source": "tokenizer"}, "decoding": {"temperature": 0.2, "top_p": null, "top_k": null, "max_tokens": 256, "seed": 42}, "prompt_tokens": 128, "completion_tokens": 9, "total_tokens": 137, "token_count_source": "tokenizer", "diffusion_steps": null, "flops_estimate": null, "flops_arch": null, "flops_model_params": null, "flops_active_params": null, "tokens_non_final": 3, "tokens_reasoning": 0, "tokens_response": 3, "elapsed_seconds": 0.2899799346923828, "judgement": "Way off"}
{"id": "discounts_000983", "topic": "discounts", "subtopic": "bogo", "prompt": "BOGO sale (buy one, get one free; free item is the cheaper one in each pair). Items: $17.50, $15.22, $8.66. About how much do you pay?", "exact_value": 26.16, "model": "qwen/qwen2.5-3b-instruct", "provider": "transformers", "response": "Final answer: 15.22", "numeric_answer": 15.22, "relative_error": 0.4181957186544342, "thinking_text": null, "has_tool_call": false, "tool_call": null, "usage": {"prompt_tokens": 115, "completion_tokens": 10, "total_tokens": 125, "token_count_source": "tokenizer"}, "decoding": {"temperature": 0.2, "top_p": null, "top_k": null, "max_tokens": 256, "seed": 42}, "prompt_tokens": 115, "completion_tokens": 10, "total_tokens": 125, "token_count_source": "tokenizer", "diffusion_steps": null, "flops_estimate": null, "flops_arch": null, "flops_model_params": null, "flops_active_params": null, "tokens_non_final": 3, "tokens_reasoning": 0, "tokens_response": 3, "elapsed_seconds": 0.31853580474853516, "judgement": "Mildly off"}
{"id": "discounts_001003", "topic": "discounts", "subtopic": "bogo", "prompt": "BOGO sale (buy one, get one free; free item is the cheaper one in each pair). Items: $22.78, $21.06, $17.56, $9.49, $3.73, $1.89. About how much do you pay?", "exact_value": 44.07, "model": "qwen/qwen2.5-3b-instruct", "provider": "transformers", "response": "Final answer: 17.56", "numeric_answer": 17.56, "relative_error": 0.6015429997730883, "thinking_text": null, "has_tool_call": false, "tool_call": null, "usage": {"prompt_tokens": 134, "completion_tokens": 10, "total_tokens": 144, "token_count_source": "tokenizer"}, "decoding": {"temperature": 0.2, "top_p": null, "top_k": null, "max_tokens": 256, "seed": 42}, "prompt_tokens": 134, "completion_tokens": 10, "total_tokens": 144, "token_count_source": "tokenizer", "diffusion_steps": null, "flops_estimate": null, "flops_arch": null, "flops_model_params": null, "flops_active_params": null, "tokens_non_final": 3, "tokens_reasoning": 0, "tokens_response": 3, "elapsed_seconds": 0.3226604461669922, "judgement": "Way off"}
{"id": "discounts_001023", "topic": "discounts", "subtopic": "buy_n_get_m", "prompt": "Buy 4 get 1 free on items priced $2.87 each. You take 8 total. About how much do you pay?", "exact_value": 20.09, "model": "qwen/qwen2.5-3b-instruct", "provider": "transformers", "response": "Final answer: 6.32", "numeric_answer": 6.32, "relative_error": 0.6854156296665007, "thinking_text": null, "has_tool_call": false, "tool_call": null, "usage": {"prompt_tokens": 95, "completion_tokens": 9, "total_tokens": 104, "token_count_source": "tokenizer"}, "decoding": {"temperature": 0.2, "top_p": null, "top_k": null, "max_tokens": 256, "seed": 42}, "prompt_tokens": 95, "completion_tokens": 9, "total_tokens": 104, "token_count_source": "tokenizer", "diffusion_steps": null, "flops_estimate": null, "flops_arch": null, "flops_model_params": null, "flops_active_params": null, "tokens_non_final": 3, "tokens_reasoning": 0, "tokens_response": 3, "elapsed_seconds": 0.2870914936065674, "judgement": "Way off"}
{"id": "discounts_001043", "topic": "discounts", "subtopic": "threshold", "prompt": "Threshold coupon applies: $5 off $25+ spend. Cart: $35.97, $4.76, $38.83, $33.01. About how much do you pay?", "exact_value": 107.57, "model": "qwen/qwen2.5-3b-instruct", "provider": "transformers", "response": "Final answer: 30", "numeric_answer": 30.0, "relative_error": 0.721111834154504, "thinking_text": null, "has_tool_call": false, "tool_call": null, "usage": {"prompt_tokens": 114, "completion_tokens": 7, "total_tokens": 121, "token_count_source": "tokenizer"}, "decoding": {"temperature": 0.2, "top_p": null, "top_k": null, "max_tokens": 256, "seed": 42}, "prompt_tokens": 114, "completion_tokens": 7, "total_tokens": 121, "token_count_source": "tokenizer", "diffusion_steps": null, "flops_estimate": null, "flops_arch": null, "flops_model_params": null, "flops_active_params": null, "tokens_non_final": 3, "tokens_reasoning": 0, "tokens_response": 3, "elapsed_seconds": 0.2243177890777588, "judgement": "Way off"}
{"id": "discounts_001063", "topic": "discounts", "subtopic": "stacked", "prompt": "Stacked deal: 10% off, then $5 coupon if you spend $30 or more. Cart: $3.36, $20.19, $25.37. About how much do you pay?", "exact_value": 39.03, "model": "qwen/qwen2.5-3b-instruct", "provider": "transformers", "response": "Final answer: 2.48", "numeric_answer": 2.48, "relative_error": 0.9364591339994877, "thinking_text": null, "has_tool_call": false, "tool_call": null, "usage": {"prompt_tokens": 117, "completion_tokens": 9, "total_tokens": 126, "token_count_source": "tokenizer"}, "decoding": {"temperature": 0.2, "top_p": null, "top_k": null, "max_tokens": 256, "seed": 42}, "prompt_tokens": 117, "completion_tokens": 9, "total_tokens": 126, "token_count_source": "tokenizer", "diffusion_steps": null, "flops_estimate": null, "flops_arch": null, "flops_model_params": null, "flops_active_params": null, "tokens_non_final": 3, "tokens_reasoning": 0, "tokens_response": 3, "elapsed_seconds": 0.2867543697357178, "judgement": "Way off"}
{"id": "discounts_001083", "topic": "discounts", "subtopic": "stacked", "prompt": "Stacked deal: 10% off, then $10 coupon if you spend $40 or more. Cart: $21.15, $25.92, $23.98. About how much do you pay?", "exact_value": 53.95, "model": "qwen/qwen2.5-3b-instruct", "provider": "transformers", "response": "Final answer: 12.67", "numeric_answer": 12.67, "relative_error": 0.7651529193697868, "thinking_text": null, "has_tool_call": false, "tool_call": null, "usage": {"prompt_tokens": 119, "completion_tokens": 10, "total_tokens": 129, "token_count_source": "tokenizer"}, "decoding": {"temperature": 0.2, "top_p": null, "top_k": null, "max_tokens": 256, "seed": 42}, "prompt_tokens": 119, "completion_tokens": 10, "total_tokens": 129, "token_count_source": "tokenizer", "diffusion_steps": null, "flops_estimate": null, "flops_arch": null, "flops_model_params": null, "flops_active_params": null, "tokens_non_final": 3, "tokens_reasoning": 0, "tokens_response": 3, "elapsed_seconds": 0.31728410720825195, "judgement": "Way off"}
{"id": "discounts_001103", "topic": "discounts", "subtopic": "threshold", "prompt": "Threshold coupon applies: $10 off $40+ spend. Cart: $20.06, $17.49. About how much do you pay?", "exact_value": 37.55, "model": "qwen/qwen2.5-3b-instruct", "provider": "transformers", "response": "Final answer: 2.06", "numeric_answer": 2.06, "relative_error": 0.9451398135818907, "thinking_text": null, "has_tool_call": false, "tool_call": null, "usage": {"prompt_tokens": 102, "completion_tokens": 9, "total_tokens": 111, "token_count_source": "tokenizer"}, "decoding": {"temperature": 0.2, "top_p": null, "top_k": null, "max_tokens": 256, "seed": 42}, "prompt_tokens": 102, "completion_tokens": 9, "total_tokens": 111, "token_count_source": "tokenizer", "diffusion_steps": null, "flops_estimate": null, "flops_arch": null, "flops_model_params": null, "flops_active_params": null, "tokens_non_final": 3, "tokens_reasoning": 0, "tokens_response": 3, "elapsed_seconds": 0.2894785404205322, "judgement": "Way off"}
{"id": "discounts_001123", "topic": "discounts", "subtopic": "threshold", "prompt": "Threshold coupon applies: $15 off $50+ spend. Cart: $18.18, $39.52, $22.33. About how much do you pay?", "exact_value": 65.03, "model": "qwen/qwen2.5-3b-instruct", "provider": "transformers", "response": "Final answer: 18.18", "numeric_answer": 18.18, "relative_error": 0.7204367215131477, "thinking_text": null, "has_tool_call": false, "tool_call": null, "usage": {"prompt_tokens": 109, "completion_tokens": 10, "total_tokens": 119, "token_count_source": "tokenizer"}, "decoding": {"temperature": 0.2, "top_p": null, "top_k": null, "max_tokens": 256, "seed": 42}, "prompt_tokens": 109, "completion_tokens": 10, "total_tokens": 119, "token_count_source": "tokenizer", "diffusion_steps": null, "flops_estimate": null, "flops_arch": null, "flops_model_params": null, "flops_active_params": null, "tokens_non_final": 3, "tokens_reasoning": 0, "tokens_response": 3, "elapsed_seconds": 0.3241701126098633, "judgement": "Way off"}
{"id": "discounts_001143", "topic": "discounts", "subtopic": "threshold", "prompt": "Threshold coupon applies: $5 off $25+ spend. Cart: $6.88, $33.06. About how much do you pay?", "exact_value": 34.94, "model": "qwen/qwen2.5-3b-instruct", "provider": "transformers", "response": "Final answer: 3.88", "numeric_answer": 3.88, "relative_error": 0.8889524899828277, "thinking_text": null, "has_tool_call": false, "tool_call": null, "usage": {"prompt_tokens": 100, "completion_tokens": 9, "total_tokens": 109, "token_count_source": "tokenizer"}, "decoding": {"temperature": 0.2, "top_p": null, "top_k": null, "max_tokens": 256, "seed": 42}, "prompt_tokens": 100, "completion_tokens": 9, "total_tokens": 109, "token_count_source": "tokenizer", "diffusion_steps": null, "flops_estimate": null, "flops_arch": null, "flops_model_params": null, "flops_active_params": null, "tokens_non_final": 3, "tokens_reasoning": 0, "tokens_response": 3, "elapsed_seconds": 0.3016979694366455, "judgement": "Way off"}
{"id": "discounts_001163", "topic": "discounts", "subtopic": "buy_n_get_m", "prompt": "Buy 5 get 3 free on items priced $1.79 each. You take 12 total. About how much do you pay?", "exact_value": 16.11, "model": "qwen/qwen2.5-3b-instruct", "provider": "transformers", "response": "Final answer: 10.64", "numeric_answer": 10.64, "relative_error": 0.3395406579764121, "thinking_text": null, "has_tool_call": false, "tool_call": null, "usage": {"prompt_tokens": 96, "completion_tokens": 10, "total_tokens": 106, "token_count_source": "tokenizer"}, "decoding": {"temperature": 0.2, "top_p": null, "top_k": null, "max_tokens": 256, "seed": 42}, "prompt_tokens": 96, "completion_tokens": 10, "total_tokens": 106, "token_count_source": "tokenizer", "diffusion_steps": null, "flops_estimate": null, "flops_arch": null, "flops_model_params": null, "flops_active_params": null, "tokens_non_final": 3, "tokens_reasoning": 0, "tokens_response": 3, "elapsed_seconds": 0.3229670524597168, "judgement": "Mildly off"}
{"id": "discounts_001183", "topic": "discounts", "subtopic": "threshold", "prompt": "Threshold coupon applies: $10 off $40+ spend. Cart: $17.79, $9.82, $10.21. About how much do you pay?", "exact_value": 37.82, "model": "qwen/qwen2.5-3b-instruct", "provider": "transformers", "response": "Final answer: 16.8", "numeric_answer": 16.8, "relative_error": 0.55579058699101, "thinking_text": null, "has_tool_call": false, "tool_call": null, "usage": {"prompt_tokens": 108, "completion_tokens": 9, "total_tokens": 117, "token_count_source": "tokenizer"}, "decoding": {"temperature": 0.2, "top_p": null, "top_k": null, "max_tokens": 256, "seed": 42}, "prompt_tokens": 108, "completion_tokens": 9, "total_tokens": 117, "token_count_source": "tokenizer", "diffusion_steps": null, "flops_estimate": null, "flops_arch": null, "flops_model_params": null, "flops_active_params": null, "tokens_non_final": 3, "tokens_reasoning": 0, "tokens_response": 3, "elapsed_seconds": 0.28792738914489746, "judgement": "Mildly off"}
{"id": "discounts_001203", "topic": "discounts", "subtopic": "threshold", "prompt": "Threshold coupon applies: $10 off $25+ spend. Cart: $21.83, $6.78, $19.19, $4.90. About how much do you pay?", "exact_value": 42.7, "model": "qwen/qwen2.5-3b-instruct", "provider": "transformers", "response": "Final answer: 21.8", "numeric_answer": 21.8, "relative_error": 0.4894613583138174, "thinking_text": null, "has_tool_call": false, "tool_call": null, "usage": {"prompt_tokens": 114, "completion_tokens": 9, "total_tokens": 123, "token_count_source": "tokenizer"}, "decoding": {"temperature": 0.2, "top_p": null, "top_k": null, "max_tokens": 256, "seed": 42}, "prompt_tokens": 114, "completion_tokens": 9, "total_tokens": 123, "token_count_source": "tokenizer", "diffusion_steps": null, "flops_estimate": null, "flops_arch": null, "flops_model_params": null, "flops_active_params": null, "tokens_non_final": 3, "tokens_reasoning": 0, "tokens_response": 3, "elapsed_seconds": 0.2869408130645752, "judgement": "Mildly off"}
{"id": "discounts_001223", "topic": "discounts", "subtopic": "bogo", "prompt": "BOGO sale (buy one, get one free; free item is the cheaper one in each pair). Items: $9.89, $5.43, $1.64. About how much do you pay?", "exact_value": 11.53, "model": "qwen/qwen2.5-3b-instruct", "provider": "transformers", "response": "Final answer: 1.64", "numeric_answer": 1.64, "relative_error": 0.857762359063313, "thinking_text": null, "has_tool_call": false, "tool_call": null, "usage": {"prompt_tokens": 113, "completion_tokens": 9, "total_tokens": 122, "token_count_source": "tokenizer"}, "decoding": {"temperature": 0.2, "top_p": null, "top_k": null, "max_tokens": 256, "seed": 42}, "prompt_tokens": 113, "completion_tokens": 9, "total_tokens": 122, "token_count_source": "tokenizer", "diffusion_steps": null, "flops_estimate": null, "flops_arch": null, "flops_model_params": null, "flops_active_params": null, "tokens_non_final": 3, "tokens_reasoning": 0, "tokens_response": 3, "elapsed_seconds": 0.2870030403137207, "judgement": "Way off"}
{"id": "discounts_001243", "topic": "discounts", "subtopic": "bogo", "prompt": "BOGO sale (buy one, get one free; free item is the cheaper one in each pair). Items: $13.65, $11.87. About how much do you pay?", "exact_value": 13.65, "model": "qwen/qwen2.5-3b-instruct", "provider": "transformers", "response": "Final answer: 11.87", "numeric_answer": 11.87, "relative_error": 0.1304029304029305, "thinking_text": null, "has_tool_call": false, "tool_call": null, "usage": {"prompt_tokens": 109, "completion_tokens": 10, "total_tokens": 119, "token_count_source": "tokenizer"}, "decoding": {"temperature": 0.2, "top_p": null, "top_k": null, "max_tokens": 256, "seed": 42}, "prompt_tokens": 109, "completion_tokens": 10, "total_tokens": 119, "token_count_source": "tokenizer", "diffusion_steps": null, "flops_estimate": null, "flops_arch": null, "flops_model_params": null, "flops_active_params": null, "tokens_non_final": 3, "tokens_reasoning": 0, "tokens_response": 3, "elapsed_seconds": 0.31939697265625, "judgement": "Good approximation"}
{"id": "discounts_001263", "topic": "discounts", "subtopic": "stacked", "prompt": "Stacked deal: 20% off, then $10 coupon if you spend $30 or more. Cart: $7.97, $14.01, $20.15, $6.20. About how much do you pay?", "exact_value": 28.66, "model": "qwen/qwen2.5-3b-instruct", "provider": "transformers", "response": "Final answer: 10.85", "numeric_answer": 10.85, "relative_error": 0.62142358688067, "thinking_text": null, "has_tool_call": false, "tool_call": null, "usage": {"prompt_tokens": 124, "completion_tokens": 10, "total_tokens": 134, "token_count_source": "tokenizer"}, "decoding": {"temperature": 0.2, "top_p": null, "top_k": null, "max_tokens": 256, "seed": 42}, "prompt_tokens": 124, "completion_tokens": 10, "total_tokens": 134, "token_count_source": "tokenizer", "diffusion_steps": null, "flops_estimate": null, "flops_arch": null, "flops_model_params": null, "flops_active_params": null, "tokens_non_final": 3, "tokens_reasoning": 0, "tokens_response": 3, "elapsed_seconds": 0.32355356216430664, "judgement": "Way off"}
{"id": "discounts_001283", "topic": "discounts", "subtopic": "bogo", "prompt": "BOGO sale (buy one, get one free; free item is the cheaper one in each pair). Items: $23.99, $18.08, $15.49, $11.69, $2.98, $1.77. About how much do you pay?", "exact_value": 42.46, "model": "qwen/qwen2.5-3b-instruct", "provider": "transformers", "response": "Final answer: 11.9", "numeric_answer": 11.9, "relative_error": 0.7197362223268959, "thinking_text": null, "has_tool_call": false, "tool_call": null, "usage": {"prompt_tokens": 135, "completion_tokens": 9, "total_tokens": 144, "token_count_source": "tokenizer"}, "decoding": {"temperature": 0.2, "top_p": null, "top_k": null, "max_tokens": 256, "seed": 42}, "prompt_tokens": 135, "completion_tokens": 9, "total_tokens": 144, "token_count_source": "tokenizer", "diffusion_steps": null, "flops_estimate": null, "flops_arch": null, "flops_model_params": null, "flops_active_params": null, "tokens_non_final": 3, "tokens_reasoning": 0, "tokens_response": 3, "elapsed_seconds": 0.289994478225708, "judgement": "Way off"}
{"id": "discounts_001303", "topic": "discounts", "subtopic": "buy_n_get_m", "prompt": "Buy 3 get 1 free on items priced $5.20 each. You take 7 total. About how much do you pay?", "exact_value": 31.2, "model": "qwen/qwen2.5-3b-instruct", "provider": "transformers", "response": "Final answer: 10.06", "numeric_answer": 10.06, "relative_error": 0.6775641025641026, "thinking_text": null, "has_tool_call": false, "tool_call": null, "usage": {"prompt_tokens": 95, "completion_tokens": 10, "total_tokens": 105, "token_count_source": "tokenizer"}, "decoding": {"temperature": 0.2, "top_p": null, "top_k": null, "max_tokens": 256, "seed": 42}, "prompt_tokens": 95, "completion_tokens": 10, "total_tokens": 105, "token_count_source": "tokenizer", "diffusion_steps": null, "flops_estimate": null, "flops_arch": null, "flops_model_params": null, "flops_active_params": null, "tokens_non_final": 3, "tokens_reasoning": 0, "tokens_response": 3, "elapsed_seconds": 0.31803035736083984, "judgement": "Way off"}
{"id": "discounts_001323", "topic": "discounts", "subtopic": "buy_n_get_m", "prompt": "Buy 5 get 2 free on items priced $6.90 each. You take 7 total. About how much do you pay?", "exact_value": 34.5, "model": "qwen/qwen2.5-3b-instruct", "provider": "transformers", "response": "Final answer: 14.8", "numeric_answer": 14.8, "relative_error": 0.5710144927536231, "thinking_text": null, "has_tool_call": false, "tool_call": null, "usage": {"prompt_tokens": 95, "completion_tokens": 9, "total_tokens": 104, "token_count_source": "tokenizer"}, "decoding": {"temperature": 0.2, "top_p": null, "top_k": null, "max_tokens": 256, "seed": 42}, "prompt_tokens": 95, "completion_tokens": 9, "total_tokens": 104, "token_count_source": "tokenizer", "diffusion_steps": null, "flops_estimate": null, "flops_arch": null, "flops_model_params": null, "flops_active_params": null, "tokens_non_final": 3, "tokens_reasoning": 0, "tokens_response": 3, "elapsed_seconds": 0.286257266998291, "judgement": "Mildly off"}
{"id": "discounts_001343", "topic": "discounts", "subtopic": "threshold", "prompt": "Threshold coupon applies: $5 off $30+ spend. Cart: $14.20, $6.64, $17.41, $15.16, $33.39. About how much do you pay?", "exact_value": 81.8, "model": "qwen/qwen2.5-3b-instruct", "provider": "transformers", "response": "Final answer: 18.2", "numeric_answer": 18.2, "relative_error": 0.7775061124694376, "thinking_text": null, "has_tool_call": false, "tool_call": null, "usage": {"prompt_tokens": 121, "completion_tokens": 9, "total_tokens": 130, "token_count_source": "tokenizer"}, "decoding": {"temperature": 0.2, "top_p": null, "top_k": null, "max_tokens": 256, "seed": 42}, "prompt_tokens": 121, "completion_tokens": 9, "total_tokens": 130, "token_count_source": "tokenizer", "diffusion_steps": null, "flops_estimate": null, "flops_arch": null, "flops_model_params": null, "flops_active_params": null, "tokens_non_final": 3, "tokens_reasoning": 0, "tokens_response": 3, "elapsed_seconds": 0.2911691665649414, "judgement": "Way off"}
{"id": "discounts_001363", "topic": "discounts", "subtopic": "percent", "prompt": "Cart: $17.94, $48.32, $33.85. A 25% discount applies to everything. About how much do you pay?", "exact_value": 75.08, "model": "qwen/qwen2.5-3b-instruct", "provider": "transformers", "response": "Final answer: 30.69", "numeric_answer": 30.69, "relative_error": 0.5912360149174214, "thinking_text": null, "has_tool_call": false, "tool_call": null, "usage": {"prompt_tokens": 105, "completion_tokens": 10, "total_tokens": 115, "token_count_source": "tokenizer"}, "decoding": {"temperature": 0.2, "top_p": null, "top_k": null, "max_tokens": 256, "seed": 42}, "prompt_tokens": 105, "completion_tokens": 10, "total_tokens": 115, "token_count_source": "tokenizer", "diffusion_steps": null, "flops_estimate": null, "flops_arch": null, "flops_model_params": null, "flops_active_params": null, "tokens_non_final": 3, "tokens_reasoning": 0, "tokens_response": 3, "elapsed_seconds": 0.32149505615234375, "judgement": "Mildly off"}
{"id": "discounts_001383", "topic": "discounts", "subtopic": "buy_n_get_m", "prompt": "Buy 5 get 2 free on items priced $2.51 each. You take 8 total. About how much do you pay?", "exact_value": 15.06, "model": "qwen/qwen2.5-3b-instruct", "provider": "transformers", "response": "Final answer: 10.0", "numeric_answer": 10.0, "relative_error": 0.3359893758300133, "thinking_text": null, "has_tool_call": false, "tool_call": null, "usage": {"prompt_tokens": 95, "completion_tokens": 9, "total_tokens": 104, "token_count_source": "tokenizer"}, "decoding": {"temperature": 0.2, "top_p": null, "top_k": null, "max_tokens": 256, "seed": 42}, "prompt_tokens": 95, "completion_tokens": 9, "total_tokens": 104, "token_count_source": "tokenizer", "diffusion_steps": null, "flops_estimate": null, "flops_arch": null, "flops_model_params": null, "flops_active_params": null, "tokens_non_final": 3, "tokens_reasoning": 0, "tokens_response": 3, "elapsed_seconds": 0.28955554962158203, "judgement": "Mildly off"}
{"id": "discounts_001403", "topic": "discounts", "subtopic": "percent", "prompt": "Cart: $49.45, $5.75. A 15% discount applies to everything. About how much do you pay?", "exact_value": 46.92, "model": "qwen/qwen2.5-3b-instruct", "provider": "transformers", "response": "Final answer: 46.28", "numeric_answer": 46.28, "relative_error": 0.013640238704177335, "thinking_text": null, "has_tool_call": false, "tool_call": null, "usage": {"prompt_tokens": 97, "completion_tokens": 10, "total_tokens": 107, "token_count_source": "tokenizer"}, "decoding": {"temperature": 0.2, "top_p": null, "top_k": null, "max_tokens": 256, "seed": 42}, "prompt_tokens": 97, "completion_tokens": 10, "total_tokens": 107, "token_count_source": "tokenizer", "diffusion_steps": null, "flops_estimate": null, "flops_arch": null, "flops_model_params": null, "flops_active_params": null, "tokens_non_final": 3, "tokens_reasoning": 0, "tokens_response": 3, "elapsed_seconds": 0.32117605209350586, "judgement": "Good approximation"}
{"id": "discounts_001423", "topic": "discounts", "subtopic": "stacked", "prompt": "Stacked deal: 15% off, then $5 coupon if you spend $30 or more. Cart: $19.07, $30.50, $14.10, $29.57, $24.48, $18.89. About how much do you pay?", "exact_value": 111.12, "model": "qwen/qwen2.5-3b-instruct", "provider": "transformers", "response": "Final answer: 16.0", "numeric_answer": 16.0, "relative_error": 0.8560115190784737, "thinking_text": null, "has_tool_call": false, "tool_call": null, "usage": {"prompt_tokens": 139, "completion_tokens": 9, "total_tokens": 148, "token_count_source": "tokenizer"}, "decoding": {"temperature": 0.2, "top_p": null, "top_k": null, "max_tokens": 256, "seed": 42}, "prompt_tokens": 139, "completion_tokens": 9, "total_tokens": 148, "token_count_source": "tokenizer", "diffusion_steps": null, "flops_estimate": null, "flops_arch": null, "flops_model_params": null, "flops_active_params": null, "tokens_non_final": 3, "tokens_reasoning": 0, "tokens_response": 3, "elapsed_seconds": 0.2930014133453369, "judgement": "Way off"}
{"id": "discounts_001443", "topic": "discounts", "subtopic": "threshold", "prompt": "Threshold coupon applies: $5 off $40+ spend. Cart: $30.27, $5.01, $32.89, $4.11. About how much do you pay?", "exact_value": 67.28, "model": "qwen/qwen2.5-3b-instruct", "provider": "transformers", "response": "Final answer: 36.0", "numeric_answer": 36.0, "relative_error": 0.464922711058264, "thinking_text": null, "has_tool_call": false, "tool_call": null, "usage": {"prompt_tokens": 113, "completion_tokens": 9, "total_tokens": 122, "token_count_source": "tokenizer"}, "decoding": {"temperature": 0.2, "top_p": null, "top_k": null, "max_tokens": 256, "seed": 42}, "prompt_tokens": 113, "completion_tokens": 9, "total_tokens": 122, "token_count_source": "tokenizer", "diffusion_steps": null, "flops_estimate": null, "flops_arch": null, "flops_model_params": null, "flops_active_params": null, "tokens_non_final": 3, "tokens_reasoning": 0, "tokens_response": 3, "elapsed_seconds": 0.29052114486694336, "judgement": "Mildly off"}
{"id": "discounts_001463", "topic": "discounts", "subtopic": "stacked", "prompt": "Stacked deal: 20% off, then $10 coupon if you spend $50 or more. Cart: $17.21, $5.84, $30.05. About how much do you pay?", "exact_value": 42.48, "model": "qwen/qwen2.5-3b-instruct", "provider": "transformers", "response": "Final answer: 11.69", "numeric_answer": 11.69, "relative_error": 0.7248116760828626, "thinking_text": null, "has_tool_call": false, "tool_call": null, "usage": {"prompt_tokens": 118, "completion_tokens": 10, "total_tokens": 128, "token_count_source": "tokenizer"}, "decoding": {"temperature": 0.2, "top_p": null, "top_k": null, "max_tokens": 256, "seed": 42}, "prompt_tokens": 118, "completion_tokens": 10, "total_tokens": 128, "token_count_source": "tokenizer", "diffusion_steps": null, "flops_estimate": null, "flops_arch": null, "flops_model_params": null, "flops_active_params": null, "tokens_non_final": 3, "tokens_reasoning": 0, "tokens_response": 3, "elapsed_seconds": 0.3220527172088623, "judgement": "Way off"}
{"id": "discounts_001483", "topic": "discounts", "subtopic": "stacked", "prompt": "Stacked deal: 20% off, then $5 coupon if you spend $40 or more. Cart: $7.98, $13.08, $39.62, $23.53, $7.04, $16.41. About how much do you pay?", "exact_value": 81.13, "model": "qwen/qwen2.5-3b-instruct", "provider": "transformers", "response": "Final answer: 11.45", "numeric_answer": 11.45, "relative_error": 0.8588684826821151, "thinking_text": null, "has_tool_call": false, "tool_call": null, "usage": {"prompt_tokens": 137, "completion_tokens": 10, "total_tokens": 147, "token_count_source": "tokenizer"}, "decoding": {"temperature": 0.2, "top_p": null, "top_k": null, "max_tokens": 256, "seed": 42}, "prompt_tokens": 137, "completion_tokens": 10, "total_tokens": 147, "token_count_source": "tokenizer", "diffusion_steps": null, "flops_estimate": null, "flops_arch": null, "flops_model_params": null, "flops_active_params": null, "tokens_non_final": 3, "tokens_reasoning": 0, "tokens_response": 3, "elapsed_seconds": 0.32675647735595703, "judgement": "Way off"}
{"id": "discounts_001503", "topic": "discounts", "subtopic": "stacked", "prompt": "Stacked deal: 15% off, then $10 coupon if you spend $30 or more. Cart: $5.05, $35.87, $13.37, $20.23, $19.52, $14.94. About how much do you pay?", "exact_value": 82.63, "model": "qwen/qwen2.5-3b-instruct", "provider": "transformers", "response": "Final answer: 20.68", "numeric_answer": 20.68, "relative_error": 0.7497277018032191, "thinking_text": null, "has_tool_call": false, "tool_call": null, "usage": {"prompt_tokens": 139, "completion_tokens": 10, "total_tokens": 149, "token_count_source": "tokenizer"}, "decoding": {"temperature": 0.2, "top_p": null, "top_k": null, "max_tokens": 256, "seed": 42}, "prompt_tokens": 139, "completion_tokens": 10, "total_tokens": 149, "token_count_source": "tokenizer", "diffusion_steps": null, "flops_estimate": null, "flops_arch": null, "flops_model_params": null, "flops_active_params": null, "tokens_non_final": 3, "tokens_reasoning": 0, "tokens_response": 3, "elapsed_seconds": 0.3247501850128174, "judgement": "Way off"}
{"id": "discounts_001523", "topic": "discounts", "subtopic": "percent", "prompt": "Cart: $17.62, $17.49. A 25% discount applies to everything. About how much do you pay?", "exact_value": 26.33, "model": "qwen/qwen2.5-3b-instruct", "provider": "transformers", "response": "Final answer: 13.08", "numeric_answer": 13.08, "relative_error": 0.5032282567413596, "thinking_text": null, "has_tool_call": false, "tool_call": null, "usage": {"prompt_tokens": 98, "completion_tokens": 10, "total_tokens": 108, "token_count_source": "tokenizer"}, "decoding": {"temperature": 0.2, "top_p": null, "top_k": null, "max_tokens": 256, "seed": 42}, "prompt_tokens": 98, "completion_tokens": 10, "total_tokens": 108, "token_count_source": "tokenizer", "diffusion_steps": null, "flops_estimate": null, "flops_arch": null, "flops_model_params": null, "flops_active_params": null, "tokens_non_final": 3, "tokens_reasoning": 0, "tokens_response": 3, "elapsed_seconds": 0.32137179374694824, "judgement": "Mildly off"}
{"id": "discounts_001543", "topic": "discounts", "subtopic": "percent", "prompt": "Cart: $41.40, $12.55, $25.87, $24.13. A 10% discount applies to everything. About how much do you pay?", "exact_value": 93.56, "model": "qwen/qwen2.5-3b-instruct", "provider": "transformers", "response": "Final answer: 22.69", "numeric_answer": 22.69, "relative_error": 0.7574818298418128, "thinking_text": null, "has_tool_call": false, "tool_call": null, "usage": {"prompt_tokens": 112, "completion_tokens": 10, "total_tokens": 122, "token_count_source": "tokenizer"}, "decoding": {"temperature": 0.2, "top_p": null, "top_k": null, "max_tokens": 256, "seed": 42}, "prompt_tokens": 112, "completion_tokens": 10, "total_tokens": 122, "token_count_source": "tokenizer", "diffusion_steps": null, "flops_estimate": null, "flops_arch": null, "flops_model_params": null, "flops_active_params": null, "tokens_non_final": 3, "tokens_reasoning": 0, "tokens_response": 3, "elapsed_seconds": 0.3222179412841797, "judgement": "Way off"}
{"id": "discounts_001563", "topic": "discounts", "subtopic": "buy_n_get_m", "prompt": "Buy 5 get 2 free on items priced $6.56 each. You take 13 total. About how much do you pay?", "exact_value": 65.6, "model": "qwen/qwen2.5-3b-instruct", "provider": "transformers", "response": "Final answer: 10.09", "numeric_answer": 10.09, "relative_error": 0.8461890243902438, "thinking_text": null, "has_tool_call": false, "tool_call": null, "usage": {"prompt_tokens": 96, "completion_tokens": 10, "total_tokens": 106, "token_count_source": "tokenizer"}, "decoding": {"temperature": 0.2, "top_p": null, "top_k": null, "max_tokens": 256, "seed": 42}, "prompt_tokens": 96, "completion_tokens": 10, "total_tokens": 106, "token_count_source": "tokenizer", "diffusion_steps": null, "flops_estimate": null, "flops_arch": null, "flops_model_params": null, "flops_active_params": null, "tokens_non_final": 3, "tokens_reasoning": 0, "tokens_response": 3, "elapsed_seconds": 0.32163476943969727, "judgement": "Way off"}
{"id": "discounts_001583", "topic": "discounts", "subtopic": "percent", "prompt": "Cart: $16.59, $10.20. A 25% discount applies to everything. About how much do you pay?", "exact_value": 20.09, "model": "qwen/qwen2.5-3b-instruct", "provider": "transformers", "response": "Final answer: 12.34", "numeric_answer": 12.34, "relative_error": 0.38576406172224986, "thinking_text": null, "has_tool_call": false, "tool_call": null, "usage": {"prompt_tokens": 98, "completion_tokens": 10, "total_tokens": 108, "token_count_source": "tokenizer"}, "decoding": {"temperature": 0.2, "top_p": null, "top_k": null, "max_tokens": 256, "seed": 42}, "prompt_tokens": 98, "completion_tokens": 10, "total_tokens": 108, "token_count_source": "tokenizer", "diffusion_steps": null, "flops_estimate": null, "flops_arch": null, "flops_model_params": null, "flops_active_params": null, "tokens_non_final": 3, "tokens_reasoning": 0, "tokens_response": 3, "elapsed_seconds": 0.34168434143066406, "judgement": "Mildly off"}
{"id": "discounts_001603", "topic": "discounts", "subtopic": "stacked", "prompt": "Stacked deal: 15% off, then $5 coupon if you spend $40 or more. Cart: $30.66, $8.69, $10.48, $36.69, $30.92. About how much do you pay?", "exact_value": 94.82, "model": "qwen/qwen2.5-3b-instruct", "provider": "transformers", "response": "Final answer: 21.78", "numeric_answer": 21.78, "relative_error": 0.7703016241299304, "thinking_text": null, "has_tool_call": false, "tool_call": null, "usage": {"prompt_tokens": 131, "completion_tokens": 10, "total_tokens": 141, "token_count_source": "tokenizer"}, "decoding": {"temperature": 0.2, "top_p": null, "top_k": null, "max_tokens": 256, "seed": 42}, "prompt_tokens": 131, "completion_tokens": 10, "total_tokens": 141, "token_count_source": "tokenizer", "diffusion_steps": null, "flops_estimate": null, "flops_arch": null, "flops_model_params": null, "flops_active_params": null, "tokens_non_final": 3, "tokens_reasoning": 0, "tokens_response": 3, "elapsed_seconds": 0.3336033821105957, "judgement": "Way off"}
{"id": "discounts_001623", "topic": "discounts", "subtopic": "threshold", "prompt": "Threshold coupon applies: $15 off $25+ spend. Cart: $27.63, $11.37, $28.67, $23.20, $7.60. About how much do you pay?", "exact_value": 83.47, "model": "qwen/qwen2.5-3b-instruct", "provider": "transformers", "response": "Final answer: 14.9", "numeric_answer": 14.9, "relative_error": 0.8214927518869054, "thinking_text": null, "has_tool_call": false, "tool_call": null, "usage": {"prompt_tokens": 122, "completion_tokens": 9, "total_tokens": 131, "token_count_source": "tokenizer"}, "decoding": {"temperature": 0.2, "top_p": null, "top_k": null, "max_tokens": 256, "seed": 42}, "prompt_tokens": 122, "completion_tokens": 9, "total_tokens": 131, "token_count_source": "tokenizer", "diffusion_steps": null, "flops_estimate": null, "flops_arch": null, "flops_model_params": null, "flops_active_params": null, "tokens_non_final": 3, "tokens_reasoning": 0, "tokens_response": 3, "elapsed_seconds": 0.291424036026001, "judgement": "Way off"}
{"id": "discounts_001643", "topic": "discounts", "subtopic": "percent", "prompt": "Cart: $6.86, $18.76, $18.57. A 25% discount applies to everything. About how much do you pay?", "exact_value": 33.14, "model": "qwen/qwen2.5-3b-instruct", "provider": "transformers", "response": "Final answer: 13.09", "numeric_answer": 13.09, "relative_error": 0.6050090525045263, "thinking_text": null, "has_tool_call": false, "tool_call": null, "usage": {"prompt_tokens": 104, "completion_tokens": 10, "total_tokens": 114, "token_count_source": "tokenizer"}, "decoding": {"temperature": 0.2, "top_p": null, "top_k": null, "max_tokens": 256, "seed": 42}, "prompt_tokens": 104, "completion_tokens": 10, "total_tokens": 114, "token_count_source": "tokenizer", "diffusion_steps": null, "flops_estimate": null, "flops_arch": null, "flops_model_params": null, "flops_active_params": null, "tokens_non_final": 3, "tokens_reasoning": 0, "tokens_response": 3, "elapsed_seconds": 0.3245706558227539, "judgement": "Way off"}
{"id": "discounts_001663", "topic": "discounts", "subtopic": "percent", "prompt": "Cart: $12.12, $48.45, $47.34, $46.59. A 15% discount applies to everything. About how much do you pay?", "exact_value": 131.33, "model": "qwen/qwen2.5-3b-instruct", "provider": "transformers", "response": "Final answer: 40.19", "numeric_answer": 40.19, "relative_error": 0.6939770044924999, "thinking_text": null, "has_tool_call": false, "tool_call": null, "usage": {"prompt_tokens": 112, "completion_tokens": 10, "total_tokens": 122, "token_count_source": "tokenizer"}, "decoding": {"temperature": 0.2, "top_p": null, "top_k": null, "max_tokens": 256, "seed": 42}, "prompt_tokens": 112, "completion_tokens": 10, "total_tokens": 122, "token_count_source": "tokenizer", "diffusion_steps": null, "flops_estimate": null, "flops_arch": null, "flops_model_params": null, "flops_active_params": null, "tokens_non_final": 3, "tokens_reasoning": 0, "tokens_response": 3, "elapsed_seconds": 0.32311129570007324, "judgement": "Way off"}
{"id": "discounts_001683", "topic": "discounts", "subtopic": "threshold", "prompt": "Threshold coupon applies: $10 off $50+ spend. Cart: $26.16, $9.78, $26.05, $18.31, $13.69. About how much do you pay?", "exact_value": 83.99, "model": "qwen/qwen2.5-3b-instruct", "provider": "transformers", "response": "Final answer: 24.1", "numeric_answer": 24.1, "relative_error": 0.7130610786998451, "thinking_text": null, "has_tool_call": false, "tool_call": null, "usage": {"prompt_tokens": 122, "completion_tokens": 9, "total_tokens": 131, "token_count_source": "tokenizer"}, "decoding": {"temperature": 0.2, "top_p": null, "top_k": null, "max_tokens": 256, "seed": 42}, "prompt_tokens": 122, "completion_tokens": 9, "total_tokens": 131, "token_count_source": "tokenizer", "diffusion_steps": null, "flops_estimate": null, "flops_arch": null, "flops_model_params": null, "flops_active_params": null, "tokens_non_final": 3, "tokens_reasoning": 0, "tokens_response": 3, "elapsed_seconds": 0.29117441177368164, "judgement": "Way off"}
{"id": "discounts_001703", "topic": "discounts", "subtopic": "percent", "prompt": "Cart: $19.62, $31.18, $3.11, $24.12. A 30% discount applies to everything. About how much do you pay?", "exact_value": 54.62, "model": "qwen/qwen2.5-3b-instruct", "provider": "transformers", "response": "Final answer: 15.72", "numeric_answer": 15.72, "relative_error": 0.7121933357744415, "thinking_text": null, "has_tool_call": false, "tool_call": null, "usage": {"prompt_tokens": 111, "completion_tokens": 10, "total_tokens": 121, "token_count_source": "tokenizer"}, "decoding": {"temperature": 0.2, "top_p": null, "top_k": null, "max_tokens": 256, "seed": 42}, "prompt_tokens": 111, "completion_tokens": 10, "total_tokens": 121, "token_count_source": "tokenizer", "diffusion_steps": null, "flops_estimate": null, "flops_arch": null, "flops_model_params": null, "flops_active_params": null, "tokens_non_final": 3, "tokens_reasoning": 0, "tokens_response": 3, "elapsed_seconds": 0.32189297676086426, "judgement": "Way off"}
{"id": "discounts_001723", "topic": "discounts", "subtopic": "buy_n_get_m", "prompt": "Buy 4 get 2 free on items priced $2.55 each. You take 8 total. About how much do you pay?", "exact_value": 15.3, "model": "qwen/qwen2.5-3b-instruct", "provider": "transformers", "response": "Final answer: 10.0", "numeric_answer": 10.0, "relative_error": 0.34640522875817, "thinking_text": null, "has_tool_call": false, "tool_call": null, "usage": {"prompt_tokens": 95, "completion_tokens": 9, "total_tokens": 104, "token_count_source": "tokenizer"}, "decoding": {"temperature": 0.2, "top_p": null, "top_k": null, "max_tokens": 256, "seed": 42}, "prompt_tokens": 95, "completion_tokens": 9, "total_tokens": 104, "token_count_source": "tokenizer", "diffusion_steps": null, "flops_estimate": null, "flops_arch": null, "flops_model_params": null, "flops_active_params": null, "tokens_non_final": 3, "tokens_reasoning": 0, "tokens_response": 3, "elapsed_seconds": 0.28926873207092285, "judgement": "Mildly off"}
{"id": "discounts_001743", "topic": "discounts", "subtopic": "threshold", "prompt": "Threshold coupon applies: $5 off $30+ spend. Cart: $4.15, $6.42, $8.97. About how much do you pay?", "exact_value": 19.54, "model": "qwen/qwen2.5-3b-instruct", "provider": "transformers", "response": "Final answer: 12.0", "numeric_answer": 12.0, "relative_error": 0.38587512794268164, "thinking_text": null, "has_tool_call": false, "tool_call": null, "usage": {"prompt_tokens": 105, "completion_tokens": 9, "total_tokens": 114, "token_count_source": "tokenizer"}, "decoding": {"temperature": 0.2, "top_p": null, "top_k": null, "max_tokens": 256, "seed": 42}, "prompt_tokens": 105, "completion_tokens": 9, "total_tokens": 114, "token_count_source": "tokenizer", "diffusion_steps": null, "flops_estimate": null, "flops_arch": null, "flops_model_params": null, "flops_active_params": null, "tokens_non_final": 3, "tokens_reasoning": 0, "tokens_response": 3, "elapsed_seconds": 0.2890634536743164, "judgement": "Mildly off"}
{"id": "discounts_001763", "topic": "discounts", "subtopic": "bogo", "prompt": "BOGO sale (buy one, get one free; free item is the cheaper one in each pair). Items: $12.69, $11.21, $2.47. About how much do you pay?", "exact_value": 15.16, "model": "qwen/qwen2.5-3b-instruct", "provider": "transformers", "response": "Final answer: 11.35", "numeric_answer": 11.35, "relative_error": 0.25131926121372034, "thinking_text": null, "has_tool_call": false, "tool_call": null, "usage": {"prompt_tokens": 115, "completion_tokens": 10, "total_tokens": 125, "token_count_source": "tokenizer"}, "decoding": {"temperature": 0.2, "top_p": null, "top_k": null, "max_tokens": 256, "seed": 42}, "prompt_tokens": 115, "completion_tokens": 10, "total_tokens": 125, "token_count_source": "tokenizer", "diffusion_steps": null, "flops_estimate": null, "flops_arch": null, "flops_model_params": null, "flops_active_params": null, "tokens_non_final": 3, "tokens_reasoning": 0, "tokens_response": 3, "elapsed_seconds": 0.32279276847839355, "judgement": "Mildly off"}
{"id": "discounts_001783", "topic": "discounts", "subtopic": "stacked", "prompt": "Stacked deal: 15% off, then $5 coupon if you spend $40 or more. Cart: $7.00, $16.49, $25.56, $15.94, $17.74, $31.47. About how much do you pay?", "exact_value": 92.07, "model": "qwen/qwen2.5-3b-instruct", "provider": "transformers", "response": "Final answer: 22.81", "numeric_answer": 22.81, "relative_error": 0.7522537199956555, "thinking_text": null, "has_tool_call": false, "tool_call": null, "usage": {"prompt_tokens": 138, "completion_tokens": 10, "total_tokens": 148, "token_count_source": "tokenizer"}, "decoding": {"temperature": 0.2, "top_p": null, "top_k": null, "max_tokens": 256, "seed": 42}, "prompt_tokens": 138, "completion_tokens": 10, "total_tokens": 148, "token_count_source": "tokenizer", "diffusion_steps": null, "flops_estimate": null, "flops_arch": null, "flops_model_params": null, "flops_active_params": null, "tokens_non_final": 3, "tokens_reasoning": 0, "tokens_response": 3, "elapsed_seconds": 0.325547456741333, "judgement": "Way off"}
{"id": "discounts_001803", "topic": "discounts", "subtopic": "stacked", "prompt": "Stacked deal: 20% off, then $5 coupon if you spend $30 or more. Cart: $33.03, $6.30, $5.14, $29.72. About how much do you pay?", "exact_value": 54.35, "model": "qwen/qwen2.5-3b-instruct", "provider": "transformers", "response": "Final answer: 21.88", "numeric_answer": 21.88, "relative_error": 0.5974241030358786, "thinking_text": null, "has_tool_call": false, "tool_call": null, "usage": {"prompt_tokens": 123, "completion_tokens": 10, "total_tokens": 133, "token_count_source": "tokenizer"}, "decoding": {"temperature": 0.2, "top_p": null, "top_k": null, "max_tokens": 256, "seed": 42}, "prompt_tokens": 123, "completion_tokens": 10, "total_tokens": 133, "token_count_source": "tokenizer", "diffusion_steps": null, "flops_estimate": null, "flops_arch": null, "flops_model_params": null, "flops_active_params": null, "tokens_non_final": 3, "tokens_reasoning": 0, "tokens_response": 3, "elapsed_seconds": 0.323042631149292, "judgement": "Mildly off"}
{"id": "discounts_001823", "topic": "discounts", "subtopic": "bogo", "prompt": "BOGO sale (buy one, get one free; free item is the cheaper one in each pair). Items: $12.69, $12.41, $11.69, $9.51. About how much do you pay?", "exact_value": 24.38, "model": "qwen/qwen2.5-3b-instruct", "provider": "transformers", "response": "Final answer: 11.35", "numeric_answer": 11.35, "relative_error": 0.5344544708777687, "thinking_text": null, "has_tool_call": false, "tool_call": null, "usage": {"prompt_tokens": 122, "completion_tokens": 10, "total_tokens": 132, "token_count_source": "tokenizer"}, "decoding": {"temperature": 0.2, "top_p": null, "top_k": null, "max_tokens": 256, "seed": 42}, "prompt_tokens": 122, "completion_tokens": 10, "total_tokens": 132, "token_count_source": "tokenizer", "diffusion_steps": null, "flops_estimate": null, "flops_arch": null, "flops_model_params": null, "flops_active_params": null, "tokens_non_final": 3, "tokens_reasoning": 0, "tokens_response": 3, "elapsed_seconds": 0.3224799633026123, "judgement": "Mildly off"}
{"id": "discounts_001843", "topic": "discounts", "subtopic": "buy_n_get_m", "prompt": "Buy 4 get 2 free on items priced $5.69 each. You take 7 total. About how much do you pay?", "exact_value": 28.45, "model": "qwen/qwen2.5-3b-instruct", "provider": "transformers", "response": "Final answer: 18.33", "numeric_answer": 18.33, "relative_error": 0.35571177504393675, "thinking_text": null, "has_tool_call": false, "tool_call": null, "usage": {"prompt_tokens": 95, "completion_tokens": 10, "total_tokens": 105, "token_count_source": "tokenizer"}, "decoding": {"temperature": 0.2, "top_p": null, "top_k": null, "max_tokens": 256, "seed": 42}, "prompt_tokens": 95, "completion_tokens": 10, "total_tokens": 105, "token_count_source": "tokenizer", "diffusion_steps": null, "flops_estimate": null, "flops_arch": null, "flops_model_params": null, "flops_active_params": null, "tokens_non_final": 3, "tokens_reasoning": 0, "tokens_response": 3, "elapsed_seconds": 0.32183408737182617, "judgement": "Mildly off"}
{"id": "discounts_001863", "topic": "discounts", "subtopic": "percent", "prompt": "Cart: $49.70, $10.83, $19.81, $44.58. A 20% discount applies to everything. About how much do you pay?", "exact_value": 99.94, "model": "qwen/qwen2.5-3b-instruct", "provider": "transformers", "response": "Final answer: 23.82", "numeric_answer": 23.82, "relative_error": 0.761656994196518, "thinking_text": null, "has_tool_call": false, "tool_call": null, "usage": {"prompt_tokens": 112, "completion_tokens": 10, "total_tokens": 122, "token_count_source": "tokenizer"}, "decoding": {"temperature": 0.2, "top_p": null, "top_k": null, "max_tokens": 256, "seed": 42}, "prompt_tokens": 112, "completion_tokens": 10, "total_tokens": 122, "token_count_source": "tokenizer", "diffusion_steps": null, "flops_estimate": null, "flops_arch": null, "flops_model_params": null, "flops_active_params": null, "tokens_non_final": 3, "tokens_reasoning": 0, "tokens_response": 3, "elapsed_seconds": 0.325808048248291, "judgement": "Way off"}
{"id": "taxes_000125", "topic": "taxes", "subtopic": "pre_discount_tax", "prompt": "Cart: $17.54, $53.38, $24.54, $55.21. Local sales tax is 6.0% (tax calculated before discount). About how much is the total?", "exact_value": 159.71, "model": "qwen/qwen2.5-3b-instruct", "provider": "transformers", "response": "Final answer: 93.21", "numeric_answer": 93.21, "relative_error": 0.41637968818483506, "thinking_text": null, "has_tool_call": false, "tool_call": null, "usage": {"prompt_tokens": 117, "completion_tokens": 10, "total_tokens": 127, "token_count_source": "tokenizer"}, "decoding": {"temperature": 0.2, "top_p": null, "top_k": null, "max_tokens": 256, "seed": 42}, "prompt_tokens": 117, "completion_tokens": 10, "total_tokens": 127, "token_count_source": "tokenizer", "diffusion_steps": null, "flops_estimate": null, "flops_arch": null, "flops_model_params": null, "flops_active_params": null, "tokens_non_final": 3, "tokens_reasoning": 0, "tokens_response": 3, "elapsed_seconds": 0.323789119720459, "judgement": "Mildly off"}
{"id": "taxes_000145", "topic": "taxes", "subtopic": "post_discount_tax", "prompt": "Cart: $18.69, $24.12, $48.37 with a 15% store discount. Local sales tax is 8.5% (tax after discount). About how much is the total?", "exact_value": 84.09, "model": "qwen/qwen2.5-3b-instruct", "provider": "transformers", "response": "Final answer: 109.589941857914", "numeric_answer": 109.589941857914, "relative_error": 0.30324583015714107, "thinking_text": null, "has_tool_call": false, "tool_call": null, "usage": {"prompt_tokens": 117, "completion_tokens": 21, "total_tokens": 138, "token_count_source": "tokenizer"}, "decoding": {"temperature": 0.2, "top_p": null, "top_k": null, "max_tokens": 256, "seed": 42}, "prompt_tokens": 117, "completion_tokens": 21, "total_tokens": 138, "token_count_source": "tokenizer", "diffusion_steps": null, "flops_estimate": null, "flops_arch": null, "flops_model_params": null, "flops_active_params": null, "tokens_non_final": 3, "tokens_reasoning": 0, "tokens_response": 3, "elapsed_seconds": 0.6786794662475586, "judgement": "Mildly off"}
{"id": "taxes_000165", "topic": "taxes", "subtopic": "post_discount_tax", "prompt": "Cart: $36.35, $28.85, $37.41, $21.33. Local sales tax is 7.0% (tax after discount). About how much is the total?", "exact_value": 132.62, "model": "qwen/qwen2.5-3b-instruct", "provider": "transformers", "response": "Final answer: 49.1461441429", "numeric_answer": 49.1461441429, "relative_error": 0.6294213230063339, "thinking_text": null, "has_tool_call": false, "tool_call": null, "usage": {"prompt_tokens": 116, "completion_tokens": 18, "total_tokens": 134, "token_count_source": "tokenizer"}, "decoding": {"temperature": 0.2, "top_p": null, "top_k": null, "max_tokens": 256, "seed": 42}, "prompt_tokens": 116, "completion_tokens": 18, "total_tokens": 134, "token_count_source": "tokenizer", "diffusion_steps": null, "flops_estimate": null, "flops_arch": null, "flops_model_params": null, "flops_active_params": null, "tokens_non_final": 3, "tokens_reasoning": 0, "tokens_response": 3, "elapsed_seconds": 0.5833272933959961, "judgement": "Way off"}
{"id": "taxes_000185", "topic": "taxes", "subtopic": "post_discount_tax", "prompt": "Cart: $39.06, $55.17, $5.30 with a 10% store discount. Local sales tax is 8.5% (tax after discount). About how much is the total?", "exact_value": 97.19, "model": "qwen/qwen2.5-3b-instruct", "provider": "transformers", "response": "Final answer: 124.09", "numeric_answer": 124.09, "relative_error": 0.2767774462393251, "thinking_text": null, "has_tool_call": false, "tool_call": null, "usage": {"prompt_tokens": 116, "completion_tokens": 11, "total_tokens": 127, "token_count_source": "tokenizer"}, "decoding": {"temperature": 0.2, "top_p": null, "top_k": null, "max_tokens": 256, "seed": 42}, "prompt_tokens": 116, "completion_tokens": 11, "total_tokens": 127, "token_count_source": "tokenizer", "diffusion_steps": null, "flops_estimate": null, "flops_arch": null, "flops_model_params": null, "flops_active_params": null, "tokens_non_final": 3, "tokens_reasoning": 0, "tokens_response": 3, "elapsed_seconds": 0.3551216125488281, "judgement": "Mildly off"}
{"id": "taxes_000205", "topic": "taxes", "subtopic": "post_discount_tax", "prompt": "Cart: $32.18, $47.34 with a 15% store discount. Local sales tax is 7.5% (tax after discount). About how much is the total?", "exact_value": 72.66, "model": "qwen/qwen2.5-3b-instruct", "provider": "transformers", "response": "Final answer: 60.98986884684689", "numeric_answer": 60.98986884684689, "relative_error": 0.16061287026084653, "thinking_text": null, "has_tool_call": false, "tool_call": null, "usage": {"prompt_tokens": 110, "completion_tokens": 22, "total_tokens": 132, "token_count_source": "tokenizer"}, "decoding": {"temperature": 0.2, "top_p": null, "top_k": null, "max_tokens": 256, "seed": 42}, "prompt_tokens": 110, "completion_tokens": 22, "total_tokens": 132, "token_count_source": "tokenizer", "diffusion_steps": null, "flops_estimate": null, "flops_arch": null, "flops_model_params": null, "flops_active_params": null, "tokens_non_final": 3, "tokens_reasoning": 0, "tokens_response": 3, "elapsed_seconds": 0.7095093727111816, "judgement": "Good approximation"}
{"id": "taxes_000225", "topic": "taxes", "subtopic": "pre_discount_tax", "prompt": "Cart: $46.98, $51.52 with a 20% store discount. Local sales tax is 7.0% (tax calculated before discount). About how much is the total?", "exact_value": 85.7, "model": "qwen/qwen2.5-3b-instruct", "provider": "transformers", "response": "Final answer: 103.47", "numeric_answer": 103.47, "relative_error": 0.20735122520420066, "thinking_text": null, "has_tool_call": false, "tool_call": null, "usage": {"prompt_tokens": 111, "completion_tokens": 11, "total_tokens": 122, "token_count_source": "tokenizer"}, "decoding": {"temperature": 0.2, "top_p": null, "top_k": null, "max_tokens": 256, "seed": 42}, "prompt_tokens": 111, "completion_tokens": 11, "total_tokens": 122, "token_count_source": "tokenizer", "diffusion_steps": null, "flops_estimate": null, "flops_arch": null, "flops_model_params": null, "flops_active_params": null, "tokens_non_final": 3, "tokens_reasoning": 0, "tokens_response": 3, "elapsed_seconds": 0.35445713996887207, "judgement": "Mildly off"}
{"id": "taxes_000245", "topic": "taxes", "subtopic": "post_discount_tax", "prompt": "Cart: $7.93, $42.44 with a 20% store discount. Local sales tax is 8.5% (tax after discount). About how much is the total?", "exact_value": 43.72, "model": "qwen/qwen2.5-3b-instruct", "provider": "transformers", "response": "Final answer: 10.6498705857704", "numeric_answer": 10.6498705857704, "relative_error": 0.7564073516520952, "thinking_text": null, "has_tool_call": false, "tool_call": null, "usage": {"prompt_tokens": 109, "completion_tokens": 21, "total_tokens": 130, "token_count_source": "tokenizer"}, "decoding": {"temperature": 0.2, "top_p": null, "top_k": null, "max_tokens": 256, "seed": 42}, "prompt_tokens": 109, "completion_tokens": 21, "total_tokens": 130, "token_count_source": "tokenizer", "diffusion_steps": null, "flops_estimate": null, "flops_arch": null, "flops_model_params": null, "flops_active_params": null, "tokens_non_final": 3, "tokens_reasoning": 0, "tokens_response": 3, "elapsed_seconds": 0.675973653793335, "judgement": "Way off"}
{"id": "taxes_000265", "topic": "taxes", "subtopic": "pre_discount_tax", "prompt": "Cart: $49.77, $52.43 with a 15% store discount. Local sales tax is 7.0% (tax calculated before discount). About how much is the total?", "exact_value": 94.02, "model": "qwen/qwen2.5-3b-instruct", "provider": "transformers", "response": "Final answer: 86.31", "numeric_answer": 86.31, "relative_error": 0.08200382897255896, "thinking_text": null, "has_tool_call": false, "tool_call": null, "usage": {"prompt_tokens": 111, "completion_tokens": 10, "total_tokens": 121, "token_count_source": "tokenizer"}, "decoding": {"temperature": 0.2, "top_p": null, "top_k": null, "max_tokens": 256, "seed": 42}, "prompt_tokens": 111, "completion_tokens": 10, "total_tokens": 121, "token_count_source": "tokenizer", "diffusion_steps": null, "flops_estimate": null, "flops_arch": null, "flops_model_params": null, "flops_active_params": null, "tokens_non_final": 3, "tokens_reasoning": 0, "tokens_response": 3, "elapsed_seconds": 0.3222341537475586, "judgement": "Good approximation"}
{"id": "taxes_000285", "topic": "taxes", "subtopic": "pre_discount_tax", "prompt": "Cart: $55.10, $57.04, $26.06. Local sales tax is 8.0% (tax calculated before discount). About how much is the total?", "exact_value": 149.26, "model": "qwen/qwen2.5-3b-instruct", "provider": "transformers", "response": "Final answer: 319.82", "numeric_answer": 319.82, "relative_error": 1.14270400643173, "thinking_text": null, "has_tool_call": false, "tool_call": null, "usage": {"prompt_tokens": 110, "completion_tokens": 11, "total_tokens": 121, "token_count_source": "tokenizer"}, "decoding": {"temperature": 0.2, "top_p": null, "top_k": null, "max_tokens": 256, "seed": 42}, "prompt_tokens": 110, "completion_tokens": 11, "total_tokens": 121, "token_count_source": "tokenizer", "diffusion_steps": null, "flops_estimate": null, "flops_arch": null, "flops_model_params": null, "flops_active_params": null, "tokens_non_final": 3, "tokens_reasoning": 0, "tokens_response": 3, "elapsed_seconds": 0.35704827308654785, "judgement": "Way off"}
{"id": "taxes_000305", "topic": "taxes", "subtopic": "post_discount_tax", "prompt": "Cart: $11.77, $16.54, $39.43, $8.08 with a 15% store discount. Local sales tax is 8.0% (tax after discount). About how much is the total?", "exact_value": 69.6, "model": "qwen/qwen2.5-3b-instruct", "provider": "transformers", "response": "Final answer: 22.1586765841724", "numeric_answer": 22.1586765841724, "relative_error": 0.681628209997523, "thinking_text": null, "has_tool_call": false, "tool_call": null, "usage": {"prompt_tokens": 123, "completion_tokens": 21, "total_tokens": 144, "token_count_source": "tokenizer"}, "decoding": {"temperature": 0.2, "top_p": null, "top_k": null, "max_tokens": 256, "seed": 42}, "prompt_tokens": 123, "completion_tokens": 21, "total_tokens": 144, "token_count_source": "tokenizer", "diffusion_steps": null, "flops_estimate": null, "flops_arch": null, "flops_model_params": null, "flops_active_params": null, "tokens_non_final": 3, "tokens_reasoning": 0, "tokens_response": 3, "elapsed_seconds": 0.6807057857513428, "judgement": "Way off"}
{"id": "taxes_000325", "topic": "taxes", "subtopic": "post_discount_tax", "prompt": "Cart: $39.73, $18.58, $45.77, $3.63, $35.20 with a 20% store discount. Local sales tax is 6.0% (tax after discount). About how much is the total?", "exact_value": 121.19, "model": "qwen/qwen2.5-3b-instruct", "provider": "transformers", "response": "Final answer: 128.429946", "numeric_answer": 128.429946, "relative_error": 0.05974045713342688, "thinking_text": null, "has_tool_call": false, "tool_call": null, "usage": {"prompt_tokens": 130, "completion_tokens": 15, "total_tokens": 145, "token_count_source": "tokenizer"}, "decoding": {"temperature": 0.2, "top_p": null, "top_k": null, "max_tokens": 256, "seed": 42}, "prompt_tokens": 130, "completion_tokens": 15, "total_tokens": 145, "token_count_source": "tokenizer", "diffusion_steps": null, "flops_estimate": null, "flops_arch": null, "flops_model_params": null, "flops_active_params": null, "tokens_non_final": 3, "tokens_reasoning": 0, "tokens_response": 3, "elapsed_seconds": 0.48934435844421387, "judgement": "Good approximation"}
{"id": "taxes_000345", "topic": "taxes", "subtopic": "post_discount_tax", "prompt": "Cart: $24.56, $46.80, $5.58, $29.56 with a 20% store discount. Local sales tax is 7.0% (tax after discount). About how much is the total?", "exact_value": 91.16, "model": "qwen/qwen2.5-3b-instruct", "provider": "transformers", "response": "Final answer: 137.48169299999995", "numeric_answer": 137.48169299999995, "relative_error": 0.5081361671785866, "thinking_text": null, "has_tool_call": false, "tool_call": null, "usage": {"prompt_tokens": 123, "completion_tokens": 23, "total_tokens": 146, "token_count_source": "tokenizer"}, "decoding": {"temperature": 0.2, "top_p": null, "top_k": null, "max_tokens": 256, "seed": 42}, "prompt_tokens": 123, "completion_tokens": 23, "total_tokens": 146, "token_count_source": "tokenizer", "diffusion_steps": null, "flops_estimate": null, "flops_arch": null, "flops_model_params": null, "flops_active_params": null, "tokens_non_final": 3, "tokens_reasoning": 0, "tokens_response": 3, "elapsed_seconds": 0.7536547183990479, "judgement": "Mildly off"}
{"id": "taxes_000365", "topic": "taxes", "subtopic": "pre_discount_tax", "prompt": "Cart: $25.08, $28.92, $32.37 with a 15% store discount. Local sales tax is 6.0% (tax calculated before discount). About how much is the total?", "exact_value": 78.6, "model": "qwen/qwen2.5-3b-instruct", "provider": "transformers", "response": "Final answer: 42.691848168537", "numeric_answer": 42.691848168537, "relative_error": 0.45684671541301525, "thinking_text": null, "has_tool_call": false, "tool_call": null, "usage": {"prompt_tokens": 118, "completion_tokens": 20, "total_tokens": 138, "token_count_source": "tokenizer"}, "decoding": {"temperature": 0.2, "top_p": null, "top_k": null, "max_tokens": 256, "seed": 42}, "prompt_tokens": 118, "completion_tokens": 20, "total_tokens": 138, "token_count_source": "tokenizer", "diffusion_steps": null, "flops_estimate": null, "flops_arch": null, "flops_model_params": null, "flops_active_params": null, "tokens_non_final": 3, "tokens_reasoning": 0, "tokens_response": 3, "elapsed_seconds": 0.6464393138885498, "judgement": "Mildly off"}
{"id": "taxes_000385", "topic": "taxes", "subtopic": "pre_discount_tax", "prompt": "Cart: $51.59, $30.61, $22.59, $17.83 with a 10% store discount. Local sales tax is 8.5% (tax calculated before discount). About how much is the total?", "exact_value": 120.78, "model": "qwen/qwen2.5-3b-instruct", "provider": "transformers", "response": "Final answer: 40.47599910356427", "numeric_answer": 40.47599910356427, "relative_error": 0.6648782985298537, "thinking_text": null, "has_tool_call": false, "tool_call": null, "usage": {"prompt_tokens": 125, "completion_tokens": 22, "total_tokens": 147, "token_count_source": "tokenizer"}, "decoding": {"temperature": 0.2, "top_p": null, "top_k": null, "max_tokens": 256, "seed": 42}, "prompt_tokens": 125, "completion_tokens": 22, "total_tokens": 147, "token_count_source": "tokenizer", "diffusion_steps": null, "flops_estimate": null, "flops_arch": null, "flops_model_params": null, "flops_active_params": null, "tokens_non_final": 3, "tokens_reasoning": 0, "tokens_response": 3, "elapsed_seconds": 0.7197880744934082, "judgement": "Way off"}
{"id": "taxes_000405", "topic": "taxes", "subtopic": "pre_discount_tax", "prompt": "Cart: $53.39, $53.80, $28.30, $24.65, $5.80 with a 20% store discount. Local sales tax is 7.0% (tax calculated before discount). About how much is the total?", "exact_value": 144.37, "model": "qwen/qwen2.5-3b-instruct", "provider": "transformers", "response": "Final answer: 106.237974283333", "numeric_answer": 106.237974283333, "relative_error": 0.2641270742998338, "thinking_text": null, "has_tool_call": false, "tool_call": null, "usage": {"prompt_tokens": 131, "completion_tokens": 21, "total_tokens": 152, "token_count_source": "tokenizer"}, "decoding": {"temperature": 0.2, "top_p": null, "top_k": null, "max_tokens": 256, "seed": 42}, "prompt_tokens": 131, "completion_tokens": 21, "total_tokens": 152, "token_count_source": "tokenizer", "diffusion_steps": null, "flops_estimate": null, "flops_arch": null, "flops_model_params": null, "flops_active_params": null, "tokens_non_final": 3, "tokens_reasoning": 0, "tokens_response": 3, "elapsed_seconds": 0.685683012008667, "judgement": "Mildly off"}
{"id": "taxes_000425", "topic": "taxes", "subtopic": "post_discount_tax", "prompt": "Cart: $22.61, $7.97, $56.54, $11.80. Local sales tax is 7.0% (tax after discount). About how much is the total?", "exact_value": 105.84, "model": "qwen/qwen2.5-3b-instruct", "provider": "transformers", "response": "Final answer: 56.37", "numeric_answer": 56.37, "relative_error": 0.46740362811791386, "thinking_text": null, "has_tool_call": false, "tool_call": null, "usage": {"prompt_tokens": 115, "completion_tokens": 10, "total_tokens": 125, "token_count_source": "tokenizer"}, "decoding": {"temperature": 0.2, "top_p": null, "top_k": null, "max_tokens": 256, "seed": 42}, "prompt_tokens": 115, "completion_tokens": 10, "total_tokens": 125, "token_count_source": "tokenizer", "diffusion_steps": null, "flops_estimate": null, "flops_arch": null, "flops_model_params": null, "flops_active_params": null, "tokens_non_final": 3, "tokens_reasoning": 0, "tokens_response": 3, "elapsed_seconds": 0.3227367401123047, "judgement": "Mildly off"}
{"id": "taxes_000445", "topic": "taxes", "subtopic": "pre_discount_tax", "prompt": "Cart: $46.59, $16.28. Local sales tax is 8.5% (tax calculated before discount). About how much is the total?", "exact_value": 68.21, "model": "qwen/qwen2.5-3b-instruct", "provider": "transformers", "response": "Final answer: 57.02", "numeric_answer": 57.02, "relative_error": 0.16405219176073876, "thinking_text": null, "has_tool_call": false, "tool_call": null, "usage": {"prompt_tokens": 103, "completion_tokens": 10, "total_tokens": 113, "token_count_source": "tokenizer"}, "decoding": {"temperature": 0.2, "top_p": null, "top_k": null, "max_tokens": 256, "seed": 42}, "prompt_tokens": 103, "completion_tokens": 10, "total_tokens": 113, "token_count_source": "tokenizer", "diffusion_steps": null, "flops_estimate": null, "flops_arch": null, "flops_model_params": null, "flops_active_params": null, "tokens_non_final": 3, "tokens_reasoning": 0, "tokens_response": 3, "elapsed_seconds": 0.330594539642334, "judgement": "Good approximation"}
{"id": "taxes_000465", "topic": "taxes", "subtopic": "pre_discount_tax", "prompt": "Cart: $4.60, $30.69, $19.15 with a 10% store discount. Local sales tax is 7.0% (tax calculated before discount). About how much is the total?", "exact_value": 52.81, "model": "qwen/qwen2.5-3b-instruct", "provider": "transformers", "response": "Final answer: 28.22", "numeric_answer": 28.22, "relative_error": 0.46563150918386675, "thinking_text": null, "has_tool_call": false, "tool_call": null, "usage": {"prompt_tokens": 117, "completion_tokens": 10, "total_tokens": 127, "token_count_source": "tokenizer"}, "decoding": {"temperature": 0.2, "top_p": null, "top_k": null, "max_tokens": 256, "seed": 42}, "prompt_tokens": 117, "completion_tokens": 10, "total_tokens": 127, "token_count_source": "tokenizer", "diffusion_steps": null, "flops_estimate": null, "flops_arch": null, "flops_model_params": null, "flops_active_params": null, "tokens_non_final": 3, "tokens_reasoning": 0, "tokens_response": 3, "elapsed_seconds": 0.3245737552642822, "judgement": "Mildly off"}
{"id": "taxes_000485", "topic": "taxes", "subtopic": "post_discount_tax", "prompt": "Cart: $34.84, $9.92, $58.12 with a 15% store discount. Local sales tax is 8.0% (tax after discount). About how much is the total?", "exact_value": 94.44, "model": "qwen/qwen2.5-3b-instruct", "provider": "transformers", "response": "Final answer: 116.73997786104617", "numeric_answer": 116.73997786104617, "relative_error": 0.23612852457693959, "thinking_text": null, "has_tool_call": false, "tool_call": null, "usage": {"prompt_tokens": 116, "completion_tokens": 23, "total_tokens": 139, "token_count_source": "tokenizer"}, "decoding": {"temperature": 0.2, "top_p": null, "top_k": null, "max_tokens": 256, "seed": 42}, "prompt_tokens": 116, "completion_tokens": 23, "total_tokens": 139, "token_count_source": "tokenizer", "diffusion_steps": null, "flops_estimate": null, "flops_arch": null, "flops_model_params": null, "flops_active_params": null, "tokens_non_final": 3, "tokens_reasoning": 0, "tokens_response": 3, "elapsed_seconds": 0.7426707744598389, "judgement": "Mildly off"}
{"id": "taxes_000505", "topic": "taxes", "subtopic": "post_discount_tax", "prompt": "Cart: $21.24, $18.83, $46.12, $12.11, $38.47 with a 15% store discount. Local sales tax is 7.0% (tax after discount). About how much is the total?", "exact_value": 124.39, "model": "qwen/qwen2.5-3b-instruct", "provider": "transformers", "response": "Final answer: 119.641964", "numeric_answer": 119.641964, "relative_error": 0.03817056033443202, "thinking_text": null, "has_tool_call": false, "tool_call": null, "usage": {"prompt_tokens": 131, "completion_tokens": 15, "total_tokens": 146, "token_count_source": "tokenizer"}, "decoding": {"temperature": 0.2, "top_p": null, "top_k": null, "max_tokens": 256, "seed": 42}, "prompt_tokens": 131, "completion_tokens": 15, "total_tokens": 146, "token_count_source": "tokenizer", "diffusion_steps": null, "flops_estimate": null, "flops_arch": null, "flops_model_params": null, "flops_active_params": null, "tokens_non_final": 3, "tokens_reasoning": 0, "tokens_response": 3, "elapsed_seconds": 0.4929177761077881, "judgement": "Good approximation"}
{"id": "taxes_000525", "topic": "taxes", "subtopic": "pre_discount_tax", "prompt": "Cart: $40.81, $31.93, $33.24, $7.40. Local sales tax is 7.0% (tax calculated before discount). About how much is the total?", "exact_value": 121.32, "model": "qwen/qwen2.5-3b-instruct", "provider": "transformers", "response": "Final answer: 50.646647", "numeric_answer": 50.646647, "relative_error": 0.5825367045829212, "thinking_text": null, "has_tool_call": false, "tool_call": null, "usage": {"prompt_tokens": 116, "completion_tokens": 14, "total_tokens": 130, "token_count_source": "tokenizer"}, "decoding": {"temperature": 0.2, "top_p": null, "top_k": null, "max_tokens": 256, "seed": 42}, "prompt_tokens": 116, "completion_tokens": 14, "total_tokens": 130, "token_count_source": "tokenizer", "diffusion_steps": null, "flops_estimate": null, "flops_arch": null, "flops_model_params": null, "flops_active_params": null, "tokens_non_final": 3, "tokens_reasoning": 0, "tokens_response": 3, "elapsed_seconds": 0.45252466201782227, "judgement": "Mildly off"}
{"id": "taxes_000545", "topic": "taxes", "subtopic": "pre_discount_tax", "prompt": "Cart: $59.68, $15.72 with a 15% store discount. Local sales tax is 8.5% (tax calculated before discount). About how much is the total?", "exact_value": 70.5, "model": "qwen/qwen2.5-3b-instruct", "provider": "transformers", "response": "Final answer: 80.34961498684095", "numeric_answer": 80.34961498684095, "relative_error": 0.13971085087717655, "thinking_text": null, "has_tool_call": false, "tool_call": null, "usage": {"prompt_tokens": 111, "completion_tokens": 22, "total_tokens": 133, "token_count_source": "tokenizer"}, "decoding": {"temperature": 0.2, "top_p": null, "top_k": null, "max_tokens": 256, "seed": 42}, "prompt_tokens": 111, "completion_tokens": 22, "total_tokens": 133, "token_count_source": "tokenizer", "diffusion_steps": null, "flops_estimate": null, "flops_arch": null, "flops_model_params": null, "flops_active_params": null, "tokens_non_final": 3, "tokens_reasoning": 0, "tokens_response": 3, "elapsed_seconds": 0.7080025672912598, "judgement": "Good approximation"}
{"id": "taxes_000565", "topic": "taxes", "subtopic": "pre_discount_tax", "prompt": "Cart: $26.85, $46.69, $42.49 with a 10% store discount. Local sales tax is 8.0% (tax calculated before discount). About how much is the total?", "exact_value": 113.71, "model": "qwen/qwen2.5-3b-instruct", "provider": "transformers", "response": "Final answer: 73.69951999.44", "numeric_answer": 73.69951999, "relative_error": 0.3518642160759827, "thinking_text": null, "has_tool_call": false, "tool_call": null, "usage": {"prompt_tokens": 118, "completion_tokens": 19, "total_tokens": 137, "token_count_source": "tokenizer"}, "decoding": {"temperature": 0.2, "top_p": null, "top_k": null, "max_tokens": 256, "seed": 42}, "prompt_tokens": 118, "completion_tokens": 19, "total_tokens": 137, "token_count_source": "tokenizer", "diffusion_steps": null, "flops_estimate": null, "flops_arch": null, "flops_model_params": null, "flops_active_params": null, "tokens_non_final": 3, "tokens_reasoning": 0, "tokens_response": 3, "elapsed_seconds": 0.6169674396514893, "judgement": "Mildly off"}
{"id": "taxes_000585", "topic": "taxes", "subtopic": "pre_discount_tax", "prompt": "Cart: $39.46, $16.46, $27.60 with a 15% store discount. Local sales tax is 7.5% (tax calculated before discount). About how much is the total?", "exact_value": 77.26, "model": "qwen/qwen2.5-3b-instruct", "provider": "transformers", "response": "Final answer: 82.347784", "numeric_answer": 82.347784, "relative_error": 0.06585275692466994, "thinking_text": null, "has_tool_call": false, "tool_call": null, "usage": {"prompt_tokens": 118, "completion_tokens": 14, "total_tokens": 132, "token_count_source": "tokenizer"}, "decoding": {"temperature": 0.2, "top_p": null, "top_k": null, "max_tokens": 256, "seed": 42}, "prompt_tokens": 118, "completion_tokens": 14, "total_tokens": 132, "token_count_source": "tokenizer", "diffusion_steps": null, "flops_estimate": null, "flops_arch": null, "flops_model_params": null, "flops_active_params": null, "tokens_non_final": 3, "tokens_reasoning": 0, "tokens_response": 3, "elapsed_seconds": 0.45110583305358887, "judgement": "Good approximation"}
{"id": "taxes_000605", "topic": "taxes", "subtopic": "post_discount_tax", "prompt": "Cart: $56.51, $45.65, $41.70 with a 15% store discount. Local sales tax is 8.5% (tax after discount). About how much is the total?", "exact_value": 132.67, "model": "qwen/qwen2.5-3b-instruct", "provider": "transformers", "response": "Final answer: 92.32", "numeric_answer": 92.32, "relative_error": 0.3041380869827391, "thinking_text": null, "has_tool_call": false, "tool_call": null, "usage": {"prompt_tokens": 117, "completion_tokens": 10, "total_tokens": 127, "token_count_source": "tokenizer"}, "decoding": {"temperature": 0.2, "top_p": null, "top_k": null, "max_tokens": 256, "seed": 42}, "prompt_tokens": 117, "completion_tokens": 10, "total_tokens": 127, "token_count_source": "tokenizer", "diffusion_steps": null, "flops_estimate": null, "flops_arch": null, "flops_model_params": null, "flops_active_params": null, "tokens_non_final": 3, "tokens_reasoning": 0, "tokens_response": 3, "elapsed_seconds": 0.3241252899169922, "judgement": "Mildly off"}
{"id": "taxes_000625", "topic": "taxes", "subtopic": "post_discount_tax", "prompt": "Cart: $45.52, $11.14, $39.66 with a 15% store discount. Local sales tax is 7.5% (tax after discount). About how much is the total?", "exact_value": 88.01, "model": "qwen/qwen2.5-3b-instruct", "provider": "transformers", "response": "Final answer: 58.0797599916989", "numeric_answer": 58.0797599916989, "relative_error": 0.34007771853540625, "thinking_text": null, "has_tool_call": false, "tool_call": null, "usage": {"prompt_tokens": 117, "completion_tokens": 21, "total_tokens": 138, "token_count_source": "tokenizer"}, "decoding": {"temperature": 0.2, "top_p": null, "top_k": null, "max_tokens": 256, "seed": 42}, "prompt_tokens": 117, "completion_tokens": 21, "total_tokens": 138, "token_count_source": "tokenizer", "diffusion_steps": null, "flops_estimate": null, "flops_arch": null, "flops_model_params": null, "flops_active_params": null, "tokens_non_final": 3, "tokens_reasoning": 0, "tokens_response": 3, "elapsed_seconds": 0.680105447769165, "judgement": "Mildly off"}
{"id": "taxes_000645", "topic": "taxes", "subtopic": "post_discount_tax", "prompt": "Cart: $49.33, $22.71, $22.30, $10.61 with a 10% store discount. Local sales tax is 8.0% (tax after discount). About how much is the total?", "exact_value": 102.01, "model": "qwen/qwen2.5-3b-instruct", "provider": "transformers", "response": "Final answer: 15.2719680010488", "numeric_answer": 15.2719680010488, "relative_error": 0.8502895010190294, "thinking_text": null, "has_tool_call": false, "tool_call": null, "usage": {"prompt_tokens": 124, "completion_tokens": 21, "total_tokens": 145, "token_count_source": "tokenizer"}, "decoding": {"temperature": 0.2, "top_p": null, "top_k": null, "max_tokens": 256, "seed": 42}, "prompt_tokens": 124, "completion_tokens": 21, "total_tokens": 145, "token_count_source": "tokenizer", "diffusion_steps": null, "flops_estimate": null, "flops_arch": null, "flops_model_params": null, "flops_active_params": null, "tokens_non_final": 3, "tokens_reasoning": 0, "tokens_response": 3, "elapsed_seconds": 0.6841592788696289, "judgement": "Way off"}
{"id": "taxes_000665", "topic": "taxes", "subtopic": "post_discount_tax", "prompt": "Cart: $34.33, $12.25, $33.01 with a 10% store discount. Local sales tax is 8.5% (tax after discount). About how much is the total?", "exact_value": 77.72, "model": "qwen/qwen2.5-3b-instruct", "provider": "transformers", "response": "Final answer: 69.7219159058596", "numeric_answer": 69.7219159058596, "relative_error": 0.10290895643515692, "thinking_text": null, "has_tool_call": false, "tool_call": null, "usage": {"prompt_tokens": 117, "completion_tokens": 21, "total_tokens": 138, "token_count_source": "tokenizer"}, "decoding": {"temperature": 0.2, "top_p": null, "top_k": null, "max_tokens": 256, "seed": 42}, "prompt_tokens": 117, "completion_tokens": 21, "total_tokens": 138, "token_count_source": "tokenizer", "diffusion_steps": null, "flops_estimate": null, "flops_arch": null, "flops_model_params": null, "flops_active_params": null, "tokens_non_final": 3, "tokens_reasoning": 0, "tokens_response": 3, "elapsed_seconds": 0.6824066638946533, "judgement": "Good approximation"}
{"id": "taxes_000685", "topic": "taxes", "subtopic": "post_discount_tax", "prompt": "Cart: $45.39, $47.08, $42.29, $28.76, $33.64. Local sales tax is 8.0% (tax after discount). About how much is the total?", "exact_value": 212.93, "model": "qwen/qwen2.5-3b-instruct", "provider": "transformers", "response": "Final answer: 110.55", "numeric_answer": 110.55, "relative_error": 0.4808152914103227, "thinking_text": null, "has_tool_call": false, "tool_call": null, "usage": {"prompt_tokens": 123, "completion_tokens": 11, "total_tokens": 134, "token_count_source": "tokenizer"}, "decoding": {"temperature": 0.2, "top_p": null, "top_k": null, "max_tokens": 256, "seed": 42}, "prompt_tokens": 123, "completion_tokens": 11, "total_tokens": 134, "token_count_source": "tokenizer", "diffusion_steps": null, "flops_estimate": null, "flops_arch": null, "flops_model_params": null, "flops_active_params": null, "tokens_non_final": 3, "tokens_reasoning": 0, "tokens_response": 3, "elapsed_seconds": 0.35935091972351074, "judgement": "Mildly off"}
{"id": "taxes_000705", "topic": "taxes", "subtopic": "post_discount_tax", "prompt": "Cart: $40.98, $7.11, $42.94, $15.29 with a 10% store discount. Local sales tax is 8.0% (tax after discount). About how much is the total?", "exact_value": 103.34, "model": "qwen/qwen2.5-3b-instruct", "provider": "transformers", "response": "Final answer: 63.49165416541655", "numeric_answer": 63.49165416541655, "relative_error": 0.3856042755427081, "thinking_text": null, "has_tool_call": false, "tool_call": null, "usage": {"prompt_tokens": 123, "completion_tokens": 22, "total_tokens": 145, "token_count_source": "tokenizer"}, "decoding": {"temperature": 0.2, "top_p": null, "top_k": null, "max_tokens": 256, "seed": 42}, "prompt_tokens": 123, "completion_tokens": 22, "total_tokens": 145, "token_count_source": "tokenizer", "diffusion_steps": null, "flops_estimate": null, "flops_arch": null, "flops_model_params": null, "flops_active_params": null, "tokens_non_final": 3, "tokens_reasoning": 0, "tokens_response": 3, "elapsed_seconds": 0.7231628894805908, "judgement": "Mildly off"}
{"id": "taxes_000725", "topic": "taxes", "subtopic": "post_discount_tax", "prompt": "Cart: $58.29, $57.54, $3.90, $13.77, $33.83 with a 15% store discount. Local sales tax is 7.0% (tax after discount). About how much is the total?", "exact_value": 152.19, "model": "qwen/qwen2.5-3b-instruct", "provider": "transformers", "response": "Final answer: 126.5511", "numeric_answer": 126.5511, "relative_error": 0.16846639069584068, "thinking_text": null, "has_tool_call": false, "tool_call": null, "usage": {"prompt_tokens": 130, "completion_tokens": 13, "total_tokens": 143, "token_count_source": "tokenizer"}, "decoding": {"temperature": 0.2, "top_p": null, "top_k": null, "max_tokens": 256, "seed": 42}, "prompt_tokens": 130, "completion_tokens": 13, "total_tokens": 143, "token_count_source": "tokenizer", "diffusion_steps": null, "flops_estimate": null, "flops_arch": null, "flops_model_params": null, "flops_active_params": null, "tokens_non_final": 3, "tokens_reasoning": 0, "tokens_response": 3, "elapsed_seconds": 0.42723798751831055, "judgement": "Good approximation"}
{"id": "taxes_000745", "topic": "taxes", "subtopic": "post_discount_tax", "prompt": "Cart: $54.15, $17.05, $39.04, $11.06 with a 20% store discount. Local sales tax is 6.0% (tax after discount). About how much is the total?", "exact_value": 102.86, "model": "qwen/qwen2.5-3b-instruct", "provider": "transformers", "response": "Final answer: 128.56589588", "numeric_answer": 128.56589588, "relative_error": 0.2499114901808283, "thinking_text": null, "has_tool_call": false, "tool_call": null, "usage": {"prompt_tokens": 124, "completion_tokens": 17, "total_tokens": 141, "token_count_source": "tokenizer"}, "decoding": {"temperature": 0.2, "top_p": null, "top_k": null, "max_tokens": 256, "seed": 42}, "prompt_tokens": 124, "completion_tokens": 17, "total_tokens": 141, "token_count_source": "tokenizer", "diffusion_steps": null, "flops_estimate": null, "flops_arch": null, "flops_model_params": null, "flops_active_params": null, "tokens_non_final": 3, "tokens_reasoning": 0, "tokens_response": 3, "elapsed_seconds": 0.5565521717071533, "judgement": "Mildly off"}
{"id": "taxes_000765", "topic": "taxes", "subtopic": "pre_discount_tax", "prompt": "Cart: $57.68, $16.68, $27.84, $52.23, $26.02 with a 15% store discount. Local sales tax is 6.0% (tax calculated before discount). About how much is the total?", "exact_value": 164.21, "model": "qwen/qwen2.5-3b-instruct", "provider": "transformers", "response": "Final answer: 69.59191176459.92", "numeric_answer": 69.59191176459, "relative_error": 0.5762017431058402, "thinking_text": null, "has_tool_call": false, "tool_call": null, "usage": {"prompt_tokens": 132, "completion_tokens": 22, "total_tokens": 154, "token_count_source": "tokenizer"}, "decoding": {"temperature": 0.2, "top_p": null, "top_k": null, "max_tokens": 256, "seed": 42}, "prompt_tokens": 132, "completion_tokens": 22, "total_tokens": 154, "token_count_source": "tokenizer", "diffusion_steps": null, "flops_estimate": null, "flops_arch": null, "flops_model_params": null, "flops_active_params": null, "tokens_non_final": 3, "tokens_reasoning": 0, "tokens_response": 3, "elapsed_seconds": 0.7211477756500244, "judgement": "Mildly off"}
{"id": "taxes_000785", "topic": "taxes", "subtopic": "post_discount_tax", "prompt": "Cart: $25.69, $31.24 with a 10% store discount. Local sales tax is 6.0% (tax after discount). About how much is the total?", "exact_value": 54.31, "model": "qwen/qwen2.5-3b-instruct", "provider": "transformers", "response": "Final answer: 7.85", "numeric_answer": 7.85, "relative_error": 0.8554593997422205, "thinking_text": null, "has_tool_call": false, "tool_call": null, "usage": {"prompt_tokens": 110, "completion_tokens": 9, "total_tokens": 119, "token_count_source": "tokenizer"}, "decoding": {"temperature": 0.2, "top_p": null, "top_k": null, "max_tokens": 256, "seed": 42}, "prompt_tokens": 110, "completion_tokens": 9, "total_tokens": 119, "token_count_source": "tokenizer", "diffusion_steps": null, "flops_estimate": null, "flops_arch": null, "flops_model_params": null, "flops_active_params": null, "tokens_non_final": 3, "tokens_reasoning": 0, "tokens_response": 3, "elapsed_seconds": 0.29215145111083984, "judgement": "Way off"}
{"id": "taxes_000805", "topic": "taxes", "subtopic": "post_discount_tax", "prompt": "Cart: $40.12, $28.74 with a 15% store discount. Local sales tax is 7.5% (tax after discount). About how much is the total?", "exact_value": 62.92, "model": "qwen/qwen2.5-3b-instruct", "provider": "transformers", "response": "Final answer: 63.99756", "numeric_answer": 63.99756, "relative_error": 0.0171258741258741, "thinking_text": null, "has_tool_call": false, "tool_call": null, "usage": {"prompt_tokens": 110, "completion_tokens": 13, "total_tokens": 123, "token_count_source": "tokenizer"}, "decoding": {"temperature": 0.2, "top_p": null, "top_k": null, "max_tokens": 256, "seed": 42}, "prompt_tokens": 110, "completion_tokens": 13, "total_tokens": 123, "token_count_source": "tokenizer", "diffusion_steps": null, "flops_estimate": null, "flops_arch": null, "flops_model_params": null, "flops_active_params": null, "tokens_non_final": 3, "tokens_reasoning": 0, "tokens_response": 3, "elapsed_seconds": 0.42217040061950684, "judgement": "Good approximation"}
{"id": "taxes_000825", "topic": "taxes", "subtopic": "pre_discount_tax", "prompt": "Cart: $42.07, $45.58, $4.03. Local sales tax is 8.5% (tax calculated before discount). About how much is the total?", "exact_value": 99.47, "model": "qwen/qwen2.5-3b-instruct", "provider": "transformers", "response": "Final answer: 119.6857", "numeric_answer": 119.6857, "relative_error": 0.2032341409470192, "thinking_text": null, "has_tool_call": false, "tool_call": null, "usage": {"prompt_tokens": 109, "completion_tokens": 13, "total_tokens": 122, "token_count_source": "tokenizer"}, "decoding": {"temperature": 0.2, "top_p": null, "top_k": null, "max_tokens": 256, "seed": 42}, "prompt_tokens": 109, "completion_tokens": 13, "total_tokens": 122, "token_count_source": "tokenizer", "diffusion_steps": null, "flops_estimate": null, "flops_arch": null, "flops_model_params": null, "flops_active_params": null, "tokens_non_final": 3, "tokens_reasoning": 0, "tokens_response": 3, "elapsed_seconds": 0.421675443649292, "judgement": "Mildly off"}
{"id": "taxes_000845", "topic": "taxes", "subtopic": "post_discount_tax", "prompt": "Cart: $15.87, $9.20, $33.08, $43.65, $38.88 with a 20% store discount. Local sales tax is 6.0% (tax after discount). About how much is the total?", "exact_value": 119.3, "model": "qwen/qwen2.5-3b-instruct", "provider": "transformers", "response": "Final answer: 128.85", "numeric_answer": 128.85, "relative_error": 0.08005029337803854, "thinking_text": null, "has_tool_call": false, "tool_call": null, "usage": {"prompt_tokens": 130, "completion_tokens": 11, "total_tokens": 141, "token_count_source": "tokenizer"}, "decoding": {"temperature": 0.2, "top_p": null, "top_k": null, "max_tokens": 256, "seed": 42}, "prompt_tokens": 130, "completion_tokens": 11, "total_tokens": 141, "token_count_source": "tokenizer", "diffusion_steps": null, "flops_estimate": null, "flops_arch": null, "flops_model_params": null, "flops_active_params": null, "tokens_non_final": 3, "tokens_reasoning": 0, "tokens_response": 3, "elapsed_seconds": 0.36151599884033203, "judgement": "Good approximation"}
{"id": "taxes_000865", "topic": "taxes", "subtopic": "post_discount_tax", "prompt": "Cart: $58.64, $45.63, $26.84 with a 20% store discount. Local sales tax is 7.5% (tax after discount). About how much is the total?", "exact_value": 112.75, "model": "qwen/qwen2.5-3b-instruct", "provider": "transformers", "response": "Final answer: 119.2896349165412", "numeric_answer": 119.2896349165412, "relative_error": 0.05800119659903506, "thinking_text": null, "has_tool_call": false, "tool_call": null, "usage": {"prompt_tokens": 117, "completion_tokens": 22, "total_tokens": 139, "token_count_source": "tokenizer"}, "decoding": {"temperature": 0.2, "top_p": null, "top_k": null, "max_tokens": 256, "seed": 42}, "prompt_tokens": 117, "completion_tokens": 22, "total_tokens": 139, "token_count_source": "tokenizer", "diffusion_steps": null, "flops_estimate": null, "flops_arch": null, "flops_model_params": null, "flops_active_params": null, "tokens_non_final": 3, "tokens_reasoning": 0, "tokens_response": 3, "elapsed_seconds": 0.7136836051940918, "judgement": "Good approximation"}
{"id": "taxes_000885", "topic": "taxes", "subtopic": "post_discount_tax", "prompt": "Cart: $14.40, $32.79, $9.47, $52.98, $5.25 with a 15% store discount. Local sales tax is 7.0% (tax after discount). About how much is the total?", "exact_value": 104.49, "model": "qwen/qwen2.5-3b-instruct", "provider": "transformers", "response": "Final answer: 116.39493364214.01442673.4", "numeric_answer": 116.39493364214, "relative_error": 0.1139337127202604, "thinking_text": null, "has_tool_call": false, "tool_call": null, "usage": {"prompt_tokens": 129, "completion_tokens": 31, "total_tokens": 160, "token_count_source": "tokenizer"}, "decoding": {"temperature": 0.2, "top_p": null, "top_k": null, "max_tokens": 256, "seed": 42}, "prompt_tokens": 129, "completion_tokens": 31, "total_tokens": 160, "token_count_source": "tokenizer", "diffusion_steps": null, "flops_estimate": null, "flops_arch": null, "flops_model_params": null, "flops_active_params": null, "tokens_non_final": 3, "tokens_reasoning": 0, "tokens_response": 3, "elapsed_seconds": 1.0166370868682861, "judgement": "Good approximation"}
{"id": "taxes_000905", "topic": "taxes", "subtopic": "pre_discount_tax", "prompt": "Cart: $17.90, $48.48, $26.49, $5.89. Local sales tax is 8.5% (tax calculated before discount). About how much is the total?", "exact_value": 107.15, "model": "qwen/qwen2.5-3b-instruct", "provider": "transformers", "response": "Final answer: 53.059712", "numeric_answer": 53.059712, "relative_error": 0.5048090340643957, "thinking_text": null, "has_tool_call": false, "tool_call": null, "usage": {"prompt_tokens": 116, "completion_tokens": 14, "total_tokens": 130, "token_count_source": "tokenizer"}, "decoding": {"temperature": 0.2, "top_p": null, "top_k": null, "max_tokens": 256, "seed": 42}, "prompt_tokens": 116, "completion_tokens": 14, "total_tokens": 130, "token_count_source": "tokenizer", "diffusion_steps": null, "flops_estimate": null, "flops_arch": null, "flops_model_params": null, "flops_active_params": null, "tokens_non_final": 3, "tokens_reasoning": 0, "tokens_response": 3, "elapsed_seconds": 0.45224761962890625, "judgement": "Mildly off"}
{"id": "taxes_000925", "topic": "taxes", "subtopic": "post_discount_tax", "prompt": "Cart: $22.10, $57.77 with a 10% store discount. Local sales tax is 8.5% (tax after discount). About how much is the total?", "exact_value": 77.99, "model": "qwen/qwen2.5-3b-instruct", "provider": "transformers", "response": "Final answer: 94.36", "numeric_answer": 94.36, "relative_error": 0.20989870496217472, "thinking_text": null, "has_tool_call": false, "tool_call": null, "usage": {"prompt_tokens": 110, "completion_tokens": 10, "total_tokens": 120, "token_count_source": "tokenizer"}, "decoding": {"temperature": 0.2, "top_p": null, "top_k": null, "max_tokens": 256, "seed": 42}, "prompt_tokens": 110, "completion_tokens": 10, "total_tokens": 120, "token_count_source": "tokenizer", "diffusion_steps": null, "flops_estimate": null, "flops_arch": null, "flops_model_params": null, "flops_active_params": null, "tokens_non_final": 3, "tokens_reasoning": 0, "tokens_response": 3, "elapsed_seconds": 0.3235740661621094, "judgement": "Mildly off"}
{"id": "taxes_000945", "topic": "taxes", "subtopic": "post_discount_tax", "prompt": "Cart: $23.57, $36.87, $52.49, $25.07 with a 15% store discount. Local sales tax is 7.5% (tax after discount). About how much is the total?", "exact_value": 126.1, "model": "qwen/qwen2.5-3b-instruct", "provider": "transformers", "response": "Final answer: 100.596619185578", "numeric_answer": 100.596619185578, "relative_error": 0.20224727053467081, "thinking_text": null, "has_tool_call": false, "tool_call": null, "usage": {"prompt_tokens": 124, "completion_tokens": 21, "total_tokens": 145, "token_count_source": "tokenizer"}, "decoding": {"temperature": 0.2, "top_p": null, "top_k": null, "max_tokens": 256, "seed": 42}, "prompt_tokens": 124, "completion_tokens": 21, "total_tokens": 145, "token_count_source": "tokenizer", "diffusion_steps": null, "flops_estimate": null, "flops_arch": null, "flops_model_params": null, "flops_active_params": null, "tokens_non_final": 3, "tokens_reasoning": 0, "tokens_response": 3, "elapsed_seconds": 0.6841886043548584, "judgement": "Mildly off"}
{"id": "taxes_000965", "topic": "taxes", "subtopic": "post_discount_tax", "prompt": "Cart: $29.91, $42.03, $30.26 with a 15% store discount. Local sales tax is 6.0% (tax after discount). About how much is the total?", "exact_value": 92.08, "model": "qwen/qwen2.5-3b-instruct", "provider": "transformers", "response": "Final answer: 78.64", "numeric_answer": 78.64, "relative_error": 0.1459600347523892, "thinking_text": null, "has_tool_call": false, "tool_call": null, "usage": {"prompt_tokens": 117, "completion_tokens": 10, "total_tokens": 127, "token_count_source": "tokenizer"}, "decoding": {"temperature": 0.2, "top_p": null, "top_k": null, "max_tokens": 256, "seed": 42}, "prompt_tokens": 117, "completion_tokens": 10, "total_tokens": 127, "token_count_source": "tokenizer", "diffusion_steps": null, "flops_estimate": null, "flops_arch": null, "flops_model_params": null, "flops_active_params": null, "tokens_non_final": 3, "tokens_reasoning": 0, "tokens_response": 3, "elapsed_seconds": 0.3255617618560791, "judgement": "Good approximation"}
{"id": "taxes_000985", "topic": "taxes", "subtopic": "post_discount_tax", "prompt": "Cart: $14.82, $23.08, $24.88, $58.19, $52.19 with a 15% store discount. Local sales tax is 8.5% (tax after discount). About how much is the total?", "exact_value": 159.7, "model": "qwen/qwen2.5-3b-instruct", "provider": "transformers", "response": "Final answer: 145.7669112289414", "numeric_answer": 145.7669112289414, "relative_error": 0.08724538992522592, "thinking_text": null, "has_tool_call": false, "tool_call": null, "usage": {"prompt_tokens": 131, "completion_tokens": 22, "total_tokens": 153, "token_count_source": "tokenizer"}, "decoding": {"temperature": 0.2, "top_p": null, "top_k": null, "max_tokens": 256, "seed": 42}, "prompt_tokens": 131, "completion_tokens": 22, "total_tokens": 153, "token_count_source": "tokenizer", "diffusion_steps": null, "flops_estimate": null, "flops_arch": null, "flops_model_params": null, "flops_active_params": null, "tokens_non_final": 3, "tokens_reasoning": 0, "tokens_response": 3, "elapsed_seconds": 0.7303612232208252, "judgement": "Good approximation"}
{"id": "taxes_001005", "topic": "taxes", "subtopic": "post_discount_tax", "prompt": "Cart: $35.46, $30.01, $32.78, $59.76, $52.25 with a 20% store discount. Local sales tax is 6.0% (tax after discount). About how much is the total?", "exact_value": 178.3, "model": "qwen/qwen2.5-3b-instruct", "provider": "transformers", "response": "Final answer: 111.267141414", "numeric_answer": 111.267141414, "relative_error": 0.3759554603813798, "thinking_text": null, "has_tool_call": false, "tool_call": null, "usage": {"prompt_tokens": 131, "completion_tokens": 18, "total_tokens": 149, "token_count_source": "tokenizer"}, "decoding": {"temperature": 0.2, "top_p": null, "top_k": null, "max_tokens": 256, "seed": 42}, "prompt_tokens": 131, "completion_tokens": 18, "total_tokens": 149, "token_count_source": "tokenizer", "diffusion_steps": null, "flops_estimate": null, "flops_arch": null, "flops_model_params": null, "flops_active_params": null, "tokens_non_final": 3, "tokens_reasoning": 0, "tokens_response": 3, "elapsed_seconds": 0.6025638580322266, "judgement": "Mildly off"}
{"id": "taxes_001025", "topic": "taxes", "subtopic": "post_discount_tax", "prompt": "Cart: $48.98, $51.04, $48.93, $42.06 with a 10% store discount. Local sales tax is 7.0% (tax after discount). About how much is the total?", "exact_value": 183.94, "model": "qwen/qwen2.5-3b-instruct", "provider": "transformers", "response": "Final answer: 111.6526", "numeric_answer": 111.6526, "relative_error": 0.3929944547134935, "thinking_text": null, "has_tool_call": false, "tool_call": null, "usage": {"prompt_tokens": 124, "completion_tokens": 13, "total_tokens": 137, "token_count_source": "tokenizer"}, "decoding": {"temperature": 0.2, "top_p": null, "top_k": null, "max_tokens": 256, "seed": 42}, "prompt_tokens": 124, "completion_tokens": 13, "total_tokens": 137, "token_count_source": "tokenizer", "diffusion_steps": null, "flops_estimate": null, "flops_arch": null, "flops_model_params": null, "flops_active_params": null, "tokens_non_final": 3, "tokens_reasoning": 0, "tokens_response": 3, "elapsed_seconds": 0.42490172386169434, "judgement": "Mildly off"}
{"id": "taxes_001045", "topic": "taxes", "subtopic": "pre_discount_tax", "prompt": "Cart: $7.00, $19.59, $22.19, $24.07, $59.04 with a 15% store discount. Local sales tax is 8.5% (tax calculated before discount). About how much is the total?", "exact_value": 123.32, "model": "qwen/qwen2.5-3b-instruct", "provider": "transformers", "response": "Final answer: 63.6514841730421", "numeric_answer": 63.6514841730421, "relative_error": 0.4838510852007614, "thinking_text": null, "has_tool_call": false, "tool_call": null, "usage": {"prompt_tokens": 131, "completion_tokens": 21, "total_tokens": 152, "token_count_source": "tokenizer"}, "decoding": {"temperature": 0.2, "top_p": null, "top_k": null, "max_tokens": 256, "seed": 42}, "prompt_tokens": 131, "completion_tokens": 21, "total_tokens": 152, "token_count_source": "tokenizer", "diffusion_steps": null, "flops_estimate": null, "flops_arch": null, "flops_model_params": null, "flops_active_params": null, "tokens_non_final": 3, "tokens_reasoning": 0, "tokens_response": 3, "elapsed_seconds": 0.687166690826416, "judgement": "Mildly off"}
{"id": "taxes_001065", "topic": "taxes", "subtopic": "post_discount_tax", "prompt": "Cart: $30.65, $11.90, $49.60, $20.83 with a 15% store discount. Local sales tax is 6.0% (tax after discount). About how much is the total?", "exact_value": 101.79, "model": "qwen/qwen2.5-3b-instruct", "provider": "transformers", "response": "Final answer: 107.85896584245197", "numeric_answer": 107.85896584245197, "relative_error": 0.05962241715740209, "thinking_text": null, "has_tool_call": false, "tool_call": null, "usage": {"prompt_tokens": 124, "completion_tokens": 23, "total_tokens": 147, "token_count_source": "tokenizer"}, "decoding": {"temperature": 0.2, "top_p": null, "top_k": null, "max_tokens": 256, "seed": 42}, "prompt_tokens": 124, "completion_tokens": 23, "total_tokens": 147, "token_count_source": "tokenizer", "diffusion_steps": null, "flops_estimate": null, "flops_arch": null, "flops_model_params": null, "flops_active_params": null, "tokens_non_final": 3, "tokens_reasoning": 0, "tokens_response": 3, "elapsed_seconds": 0.7513294219970703, "judgement": "Good approximation"}
{"id": "taxes_001085", "topic": "taxes", "subtopic": "pre_discount_tax", "prompt": "Cart: $51.75, $41.44, $42.58 with a 15% store discount. Local sales tax is 6.0% (tax calculated before discount). About how much is the total?", "exact_value": 123.55, "model": "qwen/qwen2.5-3b-instruct", "provider": "transformers", "response": "Final answer: 93.29", "numeric_answer": 93.29, "relative_error": 0.24492108458114117, "thinking_text": null, "has_tool_call": false, "tool_call": null, "usage": {"prompt_tokens": 118, "completion_tokens": 10, "total_tokens": 128, "token_count_source": "tokenizer"}, "decoding": {"temperature": 0.2, "top_p": null, "top_k": null, "max_tokens": 256, "seed": 42}, "prompt_tokens": 118, "completion_tokens": 10, "total_tokens": 128, "token_count_source": "tokenizer", "diffusion_steps": null, "flops_estimate": null, "flops_arch": null, "flops_model_params": null, "flops_active_params": null, "tokens_non_final": 3, "tokens_reasoning": 0, "tokens_response": 3, "elapsed_seconds": 0.324230432510376, "judgement": "Mildly off"}
{"id": "taxes_001105", "topic": "taxes", "subtopic": "post_discount_tax", "prompt": "Cart: $35.89, $11.55 with a 15% store discount. Local sales tax is 6.0% (tax after discount). About how much is the total?", "exact_value": 42.74, "model": "qwen/qwen2.5-3b-instruct", "provider": "transformers", "response": "Final answer: 42.76", "numeric_answer": 42.76, "relative_error": 0.0004679457182965845, "thinking_text": null, "has_tool_call": false, "tool_call": null, "usage": {"prompt_tokens": 110, "completion_tokens": 10, "total_tokens": 120, "token_count_source": "tokenizer"}, "decoding": {"temperature": 0.2, "top_p": null, "top_k": null, "max_tokens": 256, "seed": 42}, "prompt_tokens": 110, "completion_tokens": 10, "total_tokens": 120, "token_count_source": "tokenizer", "diffusion_steps": null, "flops_estimate": null, "flops_arch": null, "flops_model_params": null, "flops_active_params": null, "tokens_non_final": 3, "tokens_reasoning": 0, "tokens_response": 3, "elapsed_seconds": 0.32390642166137695, "judgement": "Good approximation"}
{"id": "taxes_001125", "topic": "taxes", "subtopic": "post_discount_tax", "prompt": "Cart: $33.29, $22.97, $51.18 with a 20% store discount. Local sales tax is 8.5% (tax after discount). About how much is the total?", "exact_value": 93.26, "model": "qwen/qwen2.5-3b-instruct", "provider": "transformers", "response": "Final answer: 64.67", "numeric_answer": 64.67, "relative_error": 0.30656229894917436, "thinking_text": null, "has_tool_call": false, "tool_call": null, "usage": {"prompt_tokens": 117, "completion_tokens": 10, "total_tokens": 127, "token_count_source": "tokenizer"}, "decoding": {"temperature": 0.2, "top_p": null, "top_k": null, "max_tokens": 256, "seed": 42}, "prompt_tokens": 117, "completion_tokens": 10, "total_tokens": 127, "token_count_source": "tokenizer", "diffusion_steps": null, "flops_estimate": null, "flops_arch": null, "flops_model_params": null, "flops_active_params": null, "tokens_non_final": 3, "tokens_reasoning": 0, "tokens_response": 3, "elapsed_seconds": 0.3234550952911377, "judgement": "Mildly off"}
{"id": "taxes_001145", "topic": "taxes", "subtopic": "pre_discount_tax", "prompt": "Cart: $20.48, $7.68, $10.58, $20.51, $20.54 with a 10% store discount. Local sales tax is 7.5% (tax calculated before discount). About how much is the total?", "exact_value": 77.8, "model": "qwen/qwen2.5-3b-instruct", "provider": "transformers", "response": "Final answer: 139.64196", "numeric_answer": 139.64196, "relative_error": 0.7948838046272496, "thinking_text": null, "has_tool_call": false, "tool_call": null, "usage": {"prompt_tokens": 131, "completion_tokens": 14, "total_tokens": 145, "token_count_source": "tokenizer"}, "decoding": {"temperature": 0.2, "top_p": null, "top_k": null, "max_tokens": 256, "seed": 42}, "prompt_tokens": 131, "completion_tokens": 14, "total_tokens": 145, "token_count_source": "tokenizer", "diffusion_steps": null, "flops_estimate": null, "flops_arch": null, "flops_model_params": null, "flops_active_params": null, "tokens_non_final": 3, "tokens_reasoning": 0, "tokens_response": 3, "elapsed_seconds": 0.4692997932434082, "judgement": "Way off"}
{"id": "taxes_001165", "topic": "taxes", "subtopic": "post_discount_tax", "prompt": "Cart: $14.32, $41.58 with a 20% store discount. Local sales tax is 8.0% (tax after discount). About how much is the total?", "exact_value": 48.3, "model": "qwen/qwen2.5-3b-instruct", "provider": "transformers", "response": "Final answer: 69.71889999", "numeric_answer": 69.71889999, "relative_error": 0.44345548633540377, "thinking_text": null, "has_tool_call": false, "tool_call": null, "usage": {"prompt_tokens": 110, "completion_tokens": 16, "total_tokens": 126, "token_count_source": "tokenizer"}, "decoding": {"temperature": 0.2, "top_p": null, "top_k": null, "max_tokens": 256, "seed": 42}, "prompt_tokens": 110, "completion_tokens": 16, "total_tokens": 126, "token_count_source": "tokenizer", "diffusion_steps": null, "flops_estimate": null, "flops_arch": null, "flops_model_params": null, "flops_active_params": null, "tokens_non_final": 3, "tokens_reasoning": 0, "tokens_response": 3, "elapsed_seconds": 0.5211122035980225, "judgement": "Mildly off"}
{"id": "taxes_001185", "topic": "taxes", "subtopic": "pre_discount_tax", "prompt": "Cart: $17.11, $15.84 with a 15% store discount. Local sales tax is 6.0% (tax calculated before discount). About how much is the total?", "exact_value": 29.98, "model": "qwen/qwen2.5-3b-instruct", "provider": "transformers", "response": "Final answer: 23.9429", "numeric_answer": 23.9429, "relative_error": 0.20137091394262838, "thinking_text": null, "has_tool_call": false, "tool_call": null, "usage": {"prompt_tokens": 111, "completion_tokens": 12, "total_tokens": 123, "token_count_source": "tokenizer"}, "decoding": {"temperature": 0.2, "top_p": null, "top_k": null, "max_tokens": 256, "seed": 42}, "prompt_tokens": 111, "completion_tokens": 12, "total_tokens": 123, "token_count_source": "tokenizer", "diffusion_steps": null, "flops_estimate": null, "flops_arch": null, "flops_model_params": null, "flops_active_params": null, "tokens_non_final": 3, "tokens_reasoning": 0, "tokens_response": 3, "elapsed_seconds": 0.38779187202453613, "judgement": "Mildly off"}
{"id": "taxes_001205", "topic": "taxes", "subtopic": "pre_discount_tax", "prompt": "Cart: $16.90, $53.37, $54.66, $11.44, $18.23 with a 20% store discount. Local sales tax is 8.0% (tax calculated before discount). About how much is the total?", "exact_value": 136.05, "model": "qwen/qwen2.5-3b-instruct", "provider": "transformers", "response": "Final answer: 111.05891475274", "numeric_answer": 111.05891475274, "relative_error": 0.18369044650687258, "thinking_text": null, "has_tool_call": false, "tool_call": null, "usage": {"prompt_tokens": 132, "completion_tokens": 20, "total_tokens": 152, "token_count_source": "tokenizer"}, "decoding": {"temperature": 0.2, "top_p": null, "top_k": null, "max_tokens": 256, "seed": 42}, "prompt_tokens": 132, "completion_tokens": 20, "total_tokens": 152, "token_count_source": "tokenizer", "diffusion_steps": null, "flops_estimate": null, "flops_arch": null, "flops_model_params": null, "flops_active_params": null, "tokens_non_final": 3, "tokens_reasoning": 0, "tokens_response": 3, "elapsed_seconds": 0.6462006568908691, "judgement": "Good approximation"}
{"id": "taxes_001225", "topic": "taxes", "subtopic": "pre_discount_tax", "prompt": "Cart: $48.12, $37.76, $8.24 with a 10% store discount. Local sales tax is 8.5% (tax calculated before discount). About how much is the total?", "exact_value": 92.71, "model": "qwen/qwen2.5-3b-instruct", "provider": "transformers", "response": "Final answer: 111.949844", "numeric_answer": 111.949844, "relative_error": 0.20752717074749225, "thinking_text": null, "has_tool_call": false, "tool_call": null, "usage": {"prompt_tokens": 117, "completion_tokens": 15, "total_tokens": 132, "token_count_source": "tokenizer"}, "decoding": {"temperature": 0.2, "top_p": null, "top_k": null, "max_tokens": 256, "seed": 42}, "prompt_tokens": 117, "completion_tokens": 15, "total_tokens": 132, "token_count_source": "tokenizer", "diffusion_steps": null, "flops_estimate": null, "flops_arch": null, "flops_model_params": null, "flops_active_params": null, "tokens_non_final": 3, "tokens_reasoning": 0, "tokens_response": 3, "elapsed_seconds": 0.4802885055541992, "judgement": "Mildly off"}
{"id": "taxes_001245", "topic": "taxes", "subtopic": "post_discount_tax", "prompt": "Cart: $16.15, $46.13, $29.68, $11.10 with a 20% store discount. Local sales tax is 8.0% (tax after discount). About how much is the total?", "exact_value": 89.04, "model": "qwen/qwen2.5-3b-instruct", "provider": "transformers", "response": "Final answer: 117.4196", "numeric_answer": 117.4196, "relative_error": 0.31872866127583105, "thinking_text": null, "has_tool_call": false, "tool_call": null, "usage": {"prompt_tokens": 124, "completion_tokens": 13, "total_tokens": 137, "token_count_source": "tokenizer"}, "decoding": {"temperature": 0.2, "top_p": null, "top_k": null, "max_tokens": 256, "seed": 42}, "prompt_tokens": 124, "completion_tokens": 13, "total_tokens": 137, "token_count_source": "tokenizer", "diffusion_steps": null, "flops_estimate": null, "flops_arch": null, "flops_model_params": null, "flops_active_params": null, "tokens_non_final": 3, "tokens_reasoning": 0, "tokens_response": 3, "elapsed_seconds": 0.43039941787719727, "judgement": "Mildly off"}
{"id": "taxes_001265", "topic": "taxes", "subtopic": "pre_discount_tax", "prompt": "Cart: $5.07, $49.02, $21.35, $52.81. Local sales tax is 8.5% (tax calculated before discount). About how much is the total?", "exact_value": 139.15, "model": "qwen/qwen2.5-3b-instruct", "provider": "transformers", "response": "Final answer: 60.625", "numeric_answer": 60.625, "relative_error": 0.5643190801293568, "thinking_text": null, "has_tool_call": false, "tool_call": null, "usage": {"prompt_tokens": 116, "completion_tokens": 11, "total_tokens": 127, "token_count_source": "tokenizer"}, "decoding": {"temperature": 0.2, "top_p": null, "top_k": null, "max_tokens": 256, "seed": 42}, "prompt_tokens": 116, "completion_tokens": 11, "total_tokens": 127, "token_count_source": "tokenizer", "diffusion_steps": null, "flops_estimate": null, "flops_arch": null, "flops_model_params": null, "flops_active_params": null, "tokens_non_final": 3, "tokens_reasoning": 0, "tokens_response": 3, "elapsed_seconds": 0.3570895195007324, "judgement": "Mildly off"}
{"id": "taxes_001285", "topic": "taxes", "subtopic": "pre_discount_tax", "prompt": "Cart: $23.28, $56.47 with a 10% store discount. Local sales tax is 7.0% (tax calculated before discount). About how much is the total?", "exact_value": 77.36, "model": "qwen/qwen2.5-3b-instruct", "provider": "transformers", "response": "Final answer: 90.90", "numeric_answer": 90.9, "relative_error": 0.1750258531540849, "thinking_text": null, "has_tool_call": false, "tool_call": null, "usage": {"prompt_tokens": 111, "completion_tokens": 10, "total_tokens": 121, "token_count_source": "tokenizer"}, "decoding": {"temperature": 0.2, "top_p": null, "top_k": null, "max_tokens": 256, "seed": 42}, "prompt_tokens": 111, "completion_tokens": 10, "total_tokens": 121, "token_count_source": "tokenizer", "diffusion_steps": null, "flops_estimate": null, "flops_arch": null, "flops_model_params": null, "flops_active_params": null, "tokens_non_final": 3, "tokens_reasoning": 0, "tokens_response": 3, "elapsed_seconds": 0.32108426094055176, "judgement": "Good approximation"}
{"id": "taxes_001305", "topic": "taxes", "subtopic": "post_discount_tax", "prompt": "Cart: $32.63, $47.64, $21.83, $42.07. Local sales tax is 7.5% (tax after discount). About how much is the total?", "exact_value": 154.98, "model": "qwen/qwen2.5-3b-instruct", "provider": "transformers", "response": "Final answer: 97.35", "numeric_answer": 97.35, "relative_error": 0.3718544328300426, "thinking_text": null, "has_tool_call": false, "tool_call": null, "usage": {"prompt_tokens": 116, "completion_tokens": 10, "total_tokens": 126, "token_count_source": "tokenizer"}, "decoding": {"temperature": 0.2, "top_p": null, "top_k": null, "max_tokens": 256, "seed": 42}, "prompt_tokens": 116, "completion_tokens": 10, "total_tokens": 126, "token_count_source": "tokenizer", "diffusion_steps": null, "flops_estimate": null, "flops_arch": null, "flops_model_params": null, "flops_active_params": null, "tokens_non_final": 3, "tokens_reasoning": 0, "tokens_response": 3, "elapsed_seconds": 0.3210937976837158, "judgement": "Mildly off"}
{"id": "taxes_001325", "topic": "taxes", "subtopic": "pre_discount_tax", "prompt": "Cart: $22.61, $14.17, $36.73, $21.75, $44.86 with a 15% store discount. Local sales tax is 8.5% (tax calculated before discount). About how much is the total?", "exact_value": 131.01, "model": "qwen/qwen2.5-3b-instruct", "provider": "transformers", "response": "Final answer: 109.428919988161", "numeric_answer": 109.428919988161, "relative_error": 0.16472849409845808, "thinking_text": null, "has_tool_call": false, "tool_call": null, "usage": {"prompt_tokens": 132, "completion_tokens": 21, "total_tokens": 153, "token_count_source": "tokenizer"}, "decoding": {"temperature": 0.2, "top_p": null, "top_k": null, "max_tokens": 256, "seed": 42}, "prompt_tokens": 132, "completion_tokens": 21, "total_tokens": 153, "token_count_source": "tokenizer", "diffusion_steps": null, "flops_estimate": null, "flops_arch": null, "flops_model_params": null, "flops_active_params": null, "tokens_non_final": 3, "tokens_reasoning": 0, "tokens_response": 3, "elapsed_seconds": 0.6806890964508057, "judgement": "Good approximation"}
{"id": "units_000127", "topic": "units", "subtopic": "kg_g", "prompt": "An item costs $13.16 per kg. You take 500 g. About how much is that?", "exact_value": 6.58, "model": "qwen/qwen2.5-3b-instruct", "provider": "transformers", "response": "Final answer: 13.16", "numeric_answer": 13.16, "relative_error": 1.0, "thinking_text": null, "has_tool_call": false, "tool_call": null, "usage": {"prompt_tokens": 91, "completion_tokens": 10, "total_tokens": 101, "token_count_source": "tokenizer"}, "decoding": {"temperature": 0.2, "top_p": null, "top_k": null, "max_tokens": 256, "seed": 42}, "prompt_tokens": 91, "completion_tokens": 10, "total_tokens": 101, "token_count_source": "tokenizer", "diffusion_steps": null, "flops_estimate": null, "flops_arch": null, "flops_model_params": null, "flops_active_params": null, "tokens_non_final": 3, "tokens_reasoning": 0, "tokens_response": 3, "elapsed_seconds": 0.31835269927978516, "judgement": "Way off"}
{"id": "units_000147", "topic": "units", "subtopic": "kg_g", "prompt": "An item costs $9.68 per kg. You take 500 g. About how much is that?", "exact_value": 4.84, "model": "qwen/qwen2.5-3b-instruct", "provider": "transformers", "response": "5.345", "numeric_answer": 5.345, "relative_error": 0.1043388429752066, "thinking_text": null, "has_tool_call": false, "tool_call": null, "usage": {"prompt_tokens": 90, "completion_tokens": 6, "total_tokens": 96, "token_count_source": "tokenizer"}, "decoding": {"temperature": 0.2, "top_p": null, "top_k": null, "max_tokens": 256, "seed": 42}, "prompt_tokens": 90, "completion_tokens": 6, "total_tokens": 96, "token_count_source": "tokenizer", "diffusion_steps": null, "flops_estimate": null, "flops_arch": null, "flops_model_params": null, "flops_active_params": null, "tokens_non_final": 1, "tokens_reasoning": 0, "tokens_response": 1, "elapsed_seconds": 0.1931769847869873, "judgement": "Good approximation"}
{"id": "units_000167", "topic": "units", "subtopic": "lb_oz", "prompt": "You buy 5.37 lb at $7.71 per lb. About how much is that total?", "exact_value": 41.4, "model": "qwen/qwen2.5-3b-instruct", "provider": "transformers", "response": "Final answer: 40.298", "numeric_answer": 40.298, "relative_error": 0.026618357487922628, "thinking_text": null, "has_tool_call": false, "tool_call": null, "usage": {"prompt_tokens": 89, "completion_tokens": 11, "total_tokens": 100, "token_count_source": "tokenizer"}, "decoding": {"temperature": 0.2, "top_p": null, "top_k": null, "max_tokens": 256, "seed": 42}, "prompt_tokens": 89, "completion_tokens": 11, "total_tokens": 100, "token_count_source": "tokenizer", "diffusion_steps": null, "flops_estimate": null, "flops_arch": null, "flops_model_params": null, "flops_active_params": null, "tokens_non_final": 3, "tokens_reasoning": 0, "tokens_response": 3, "elapsed_seconds": 0.3542332649230957, "judgement": "Good approximation"}
{"id": "units_000187", "topic": "units", "subtopic": "kg_g", "prompt": "An item costs $7.01 per kg. You take 300 g. About how much is that?", "exact_value": 2.1, "model": "qwen/qwen2.5-3b-instruct", "provider": "transformers", "response": "3.505", "numeric_answer": 3.505, "relative_error": 0.6690476190476189, "thinking_text": null, "has_tool_call": false, "tool_call": null, "usage": {"prompt_tokens": 90, "completion_tokens": 6, "total_tokens": 96, "token_count_source": "tokenizer"}, "decoding": {"temperature": 0.2, "top_p": null, "top_k": null, "max_tokens": 256, "seed": 42}, "prompt_tokens": 90, "completion_tokens": 6, "total_tokens": 96, "token_count_source": "tokenizer", "diffusion_steps": null, "flops_estimate": null, "flops_arch": null, "flops_model_params": null, "flops_active_params": null, "tokens_non_final": 1, "tokens_reasoning": 0, "tokens_response": 1, "elapsed_seconds": 0.19178152084350586, "judgement": "Way off"}
{"id": "units_000207", "topic": "units", "subtopic": "kg_g", "prompt": "An item costs $19.14 per kg. You take 350 g. About how much is that?", "exact_value": 6.7, "model": "qwen/qwen2.5-3b-instruct", "provider": "transformers", "response": "3.875\nFinal answer: 3.88", "numeric_answer": 3.88, "relative_error": 0.4208955223880597, "thinking_text": null, "has_tool_call": false, "tool_call": null, "usage": {"prompt_tokens": 91, "completion_tokens": 15, "total_tokens": 106, "token_count_source": "tokenizer"}, "decoding": {"temperature": 0.2, "top_p": null, "top_k": null, "max_tokens": 256, "seed": 42}, "prompt_tokens": 91, "completion_tokens": 15, "total_tokens": 106, "token_count_source": "tokenizer", "diffusion_steps": null, "flops_estimate": null, "flops_arch": null, "flops_model_params": null, "flops_active_params": null, "tokens_non_final": 4, "tokens_reasoning": 0, "tokens_response": 4, "elapsed_seconds": 0.4832284450531006, "judgement": "Mildly off"}
{"id": "units_000227", "topic": "units", "subtopic": "lb_oz", "prompt": "You buy 4.2 lb at $8.05 per lb. About how much is that total?", "exact_value": 33.81, "model": "qwen/qwen2.5-3b-instruct", "provider": "transformers", "response": "36.195", "numeric_answer": 36.195, "relative_error": 0.0705412599822537, "thinking_text": null, "has_tool_call": false, "tool_call": null, "usage": {"prompt_tokens": 88, "completion_tokens": 7, "total_tokens": 95, "token_count_source": "tokenizer"}, "decoding": {"temperature": 0.2, "top_p": null, "top_k": null, "max_tokens": 256, "seed": 42}, "prompt_tokens": 88, "completion_tokens": 7, "total_tokens": 95, "token_count_source": "tokenizer", "diffusion_steps": null, "flops_estimate": null, "flops_arch": null, "flops_model_params": null, "flops_active_params": null, "tokens_non_final": 1, "tokens_reasoning": 0, "tokens_response": 1, "elapsed_seconds": 0.22823190689086914, "judgement": "Good approximation"}
{"id": "units_000247", "topic": "units", "subtopic": "lb_oz", "prompt": "You buy 1.27 lb at $10.60 per lb. About how much is that total?", "exact_value": 13.46, "model": "qwen/qwen2.5-3b-instruct", "provider": "transformers", "response": "Final answer: 3.48", "numeric_answer": 3.48, "relative_error": 0.7414561664190193, "thinking_text": null, "has_tool_call": false, "tool_call": null, "usage": {"prompt_tokens": 90, "completion_tokens": 9, "total_tokens": 99, "token_count_source": "tokenizer"}, "decoding": {"temperature": 0.2, "top_p": null, "top_k": null, "max_tokens": 256, "seed": 42}, "prompt_tokens": 90, "completion_tokens": 9, "total_tokens": 99, "token_count_source": "tokenizer", "diffusion_steps": null, "flops_estimate": null, "flops_arch": null, "flops_model_params": null, "flops_active_params": null, "tokens_non_final": 3, "tokens_reasoning": 0, "tokens_response": 3, "elapsed_seconds": 0.29230499267578125, "judgement": "Way off"}
{"id": "units_000267", "topic": "units", "subtopic": "kg_g", "prompt": "An item costs $16.62 per kg. You take 250 g. About how much is that?", "exact_value": 4.16, "model": "qwen/qwen2.5-3b-instruct", "provider": "transformers", "response": "2.6625", "numeric_answer": 2.6625, "relative_error": 0.35997596153846156, "thinking_text": null, "has_tool_call": false, "tool_call": null, "usage": {"prompt_tokens": 91, "completion_tokens": 7, "total_tokens": 98, "token_count_source": "tokenizer"}, "decoding": {"temperature": 0.2, "top_p": null, "top_k": null, "max_tokens": 256, "seed": 42}, "prompt_tokens": 91, "completion_tokens": 7, "total_tokens": 98, "token_count_source": "tokenizer", "diffusion_steps": null, "flops_estimate": null, "flops_arch": null, "flops_model_params": null, "flops_active_params": null, "tokens_non_final": 1, "tokens_reasoning": 0, "tokens_response": 1, "elapsed_seconds": 0.2265939712524414, "judgement": "Mildly off"}
{"id": "units_000287", "topic": "units", "subtopic": "kg_g", "prompt": "An item costs $4.52 per kg. You take 750 g. About how much is that?", "exact_value": 3.39, "model": "qwen/qwen2.5-3b-instruct", "provider": "transformers", "response": "3.8155", "numeric_answer": 3.8155, "relative_error": 0.12551622418879055, "thinking_text": null, "has_tool_call": false, "tool_call": null, "usage": {"prompt_tokens": 90, "completion_tokens": 7, "total_tokens": 97, "token_count_source": "tokenizer"}, "decoding": {"temperature": 0.2, "top_p": null, "top_k": null, "max_tokens": 256, "seed": 42}, "prompt_tokens": 90, "completion_tokens": 7, "total_tokens": 97, "token_count_source": "tokenizer", "diffusion_steps": null, "flops_estimate": null, "flops_arch": null, "flops_model_params": null, "flops_active_params": null, "tokens_non_final": 1, "tokens_reasoning": 0, "tokens_response": 1, "elapsed_seconds": 0.2258615493774414, "judgement": "Good approximation"}
{"id": "units_000307", "topic": "units", "subtopic": "lb_oz", "prompt": "You buy 4.54 lb at $6.92 per lb. About how much is that total?", "exact_value": 31.42, "model": "qwen/qwen2.5-3b-instruct", "provider": "transformers", "response": "Final answer: 13.85", "numeric_answer": 13.85, "relative_error": 0.5591979630808402, "thinking_text": null, "has_tool_call": false, "tool_call": null, "usage": {"prompt_tokens": 89, "completion_tokens": 10, "total_tokens": 99, "token_count_source": "tokenizer"}, "decoding": {"temperature": 0.2, "top_p": null, "top_k": null, "max_tokens": 256, "seed": 42}, "prompt_tokens": 89, "completion_tokens": 10, "total_tokens": 99, "token_count_source": "tokenizer", "diffusion_steps": null, "flops_estimate": null, "flops_arch": null, "flops_model_params": null, "flops_active_params": null, "tokens_non_final": 3, "tokens_reasoning": 0, "tokens_response": 3, "elapsed_seconds": 0.322521448135376, "judgement": "Mildly off"}
{"id": "units_000327", "topic": "units", "subtopic": "lb_oz", "prompt": "You buy 3.49 lb at $9.52 per lb. About how much is that total?", "exact_value": 33.22, "model": "qwen/qwen2.5-3b-instruct", "provider": "transformers", "response": "Final answer: 10.867", "numeric_answer": 10.867, "relative_error": 0.6728777844671884, "thinking_text": null, "has_tool_call": false, "tool_call": null, "usage": {"prompt_tokens": 89, "completion_tokens": 11, "total_tokens": 100, "token_count_source": "tokenizer"}, "decoding": {"temperature": 0.2, "top_p": null, "top_k": null, "max_tokens": 256, "seed": 42}, "prompt_tokens": 89, "completion_tokens": 11, "total_tokens": 100, "token_count_source": "tokenizer", "diffusion_steps": null, "flops_estimate": null, "flops_arch": null, "flops_model_params": null, "flops_active_params": null, "tokens_non_final": 3, "tokens_reasoning": 0, "tokens_response": 3, "elapsed_seconds": 0.3543212413787842, "judgement": "Way off"}
{"id": "units_000347", "topic": "units", "subtopic": "lb_oz", "prompt": "You buy 3.01 lb at $10.95 per lb. About how much is that total?", "exact_value": 32.96, "model": "qwen/qwen2.5-3b-instruct", "provider": "transformers", "response": "Final answer: 30.82", "numeric_answer": 30.82, "relative_error": 0.06492718446601943, "thinking_text": null, "has_tool_call": false, "tool_call": null, "usage": {"prompt_tokens": 90, "completion_tokens": 10, "total_tokens": 100, "token_count_source": "tokenizer"}, "decoding": {"temperature": 0.2, "top_p": null, "top_k": null, "max_tokens": 256, "seed": 42}, "prompt_tokens": 90, "completion_tokens": 10, "total_tokens": 100, "token_count_source": "tokenizer", "diffusion_steps": null, "flops_estimate": null, "flops_arch": null, "flops_model_params": null, "flops_active_params": null, "tokens_non_final": 3, "tokens_reasoning": 0, "tokens_response": 3, "elapsed_seconds": 0.3235054016113281, "judgement": "Good approximation"}
{"id": "units_000367", "topic": "units", "subtopic": "lb_oz", "prompt": "You buy 3.8 lb at $7.49 per lb. About how much is that total?", "exact_value": 28.46, "model": "qwen/qwen2.5-3b-instruct", "provider": "transformers", "response": "Final answer: 21.06", "numeric_answer": 21.06, "relative_error": 0.26001405481377377, "thinking_text": null, "has_tool_call": false, "tool_call": null, "usage": {"prompt_tokens": 88, "completion_tokens": 10, "total_tokens": 98, "token_count_source": "tokenizer"}, "decoding": {"temperature": 0.2, "top_p": null, "top_k": null, "max_tokens": 256, "seed": 42}, "prompt_tokens": 88, "completion_tokens": 10, "total_tokens": 98, "token_count_source": "tokenizer", "diffusion_steps": null, "flops_estimate": null, "flops_arch": null, "flops_model_params": null, "flops_active_params": null, "tokens_non_final": 3, "tokens_reasoning": 0, "tokens_response": 3, "elapsed_seconds": 0.3241550922393799, "judgement": "Mildly off"}
{"id": "units_000387", "topic": "units", "subtopic": "lb_oz", "prompt": "You buy 4.21 lb at $6.38 per lb. About how much is that total?", "exact_value": 26.86, "model": "qwen/qwen2.5-3b-instruct", "provider": "transformers", "response": "Final answer: 10.591", "numeric_answer": 10.591, "relative_error": 0.6056962025316455, "thinking_text": null, "has_tool_call": false, "tool_call": null, "usage": {"prompt_tokens": 89, "completion_tokens": 11, "total_tokens": 100, "token_count_source": "tokenizer"}, "decoding": {"temperature": 0.2, "top_p": null, "top_k": null, "max_tokens": 256, "seed": 42}, "prompt_tokens": 89, "completion_tokens": 11, "total_tokens": 100, "token_count_source": "tokenizer", "diffusion_steps": null, "flops_estimate": null, "flops_arch": null, "flops_model_params": null, "flops_active_params": null, "tokens_non_final": 3, "tokens_reasoning": 0, "tokens_response": 3, "elapsed_seconds": 0.35783886909484863, "judgement": "Way off"}
{"id": "units_000407", "topic": "units", "subtopic": "lb_oz", "prompt": "You buy 0.85 lb at $12.01 per lb. About how much is that total?", "exact_value": 10.21, "model": "qwen/qwen2.5-3b-instruct", "provider": "transformers", "response": "Final answer: 1.34", "numeric_answer": 1.34, "relative_error": 0.8687561214495593, "thinking_text": null, "has_tool_call": false, "tool_call": null, "usage": {"prompt_tokens": 90, "completion_tokens": 9, "total_tokens": 99, "token_count_source": "tokenizer"}, "decoding": {"temperature": 0.2, "top_p": null, "top_k": null, "max_tokens": 256, "seed": 42}, "prompt_tokens": 90, "completion_tokens": 9, "total_tokens": 99, "token_count_source": "tokenizer", "diffusion_steps": null, "flops_estimate": null, "flops_arch": null, "flops_model_params": null, "flops_active_params": null, "tokens_non_final": 3, "tokens_reasoning": 0, "tokens_response": 3, "elapsed_seconds": 0.29224371910095215, "judgement": "Way off"}
{"id": "units_000427", "topic": "units", "subtopic": "kg_g", "prompt": "An item costs $11.43 per kg. You take 400 g. About how much is that?", "exact_value": 4.57, "model": "qwen/qwen2.5-3b-instruct", "provider": "transformers", "response": "4.2255\nFinal answer: 4.2", "numeric_answer": 4.2, "relative_error": 0.08096280087527354, "thinking_text": null, "has_tool_call": false, "tool_call": null, "usage": {"prompt_tokens": 91, "completion_tokens": 15, "total_tokens": 106, "token_count_source": "tokenizer"}, "decoding": {"temperature": 0.2, "top_p": null, "top_k": null, "max_tokens": 256, "seed": 42}, "prompt_tokens": 91, "completion_tokens": 15, "total_tokens": 106, "token_count_source": "tokenizer", "diffusion_steps": null, "flops_estimate": null, "flops_arch": null, "flops_model_params": null, "flops_active_params": null, "tokens_non_final": 4, "tokens_reasoning": 0, "tokens_response": 4, "elapsed_seconds": 0.4848453998565674, "judgement": "Good approximation"}
{"id": "units_000447", "topic": "units", "subtopic": "lb_oz", "prompt": "You buy 3.87 lb at $13.72 per lb. About how much is that total?", "exact_value": 53.1, "model": "qwen/qwen2.5-3b-instruct", "provider": "transformers", "response": "Final answer: 40.592", "numeric_answer": 40.592, "relative_error": 0.2355555555555556, "thinking_text": null, "has_tool_call": false, "tool_call": null, "usage": {"prompt_tokens": 90, "completion_tokens": 11, "total_tokens": 101, "token_count_source": "tokenizer"}, "decoding": {"temperature": 0.2, "top_p": null, "top_k": null, "max_tokens": 256, "seed": 42}, "prompt_tokens": 90, "completion_tokens": 11, "total_tokens": 101, "token_count_source": "tokenizer", "diffusion_steps": null, "flops_estimate": null, "flops_arch": null, "flops_model_params": null, "flops_active_params": null, "tokens_non_final": 3, "tokens_reasoning": 0, "tokens_response": 3, "elapsed_seconds": 0.36070728302001953, "judgement": "Mildly off"}
{"id": "units_000467", "topic": "units", "subtopic": "lb_oz", "prompt": "You buy 0.68 lb at $7.36 per lb. About how much is that total?", "exact_value": 5.0, "model": "qwen/qwen2.5-3b-instruct", "provider": "transformers", "response": "Final answer: 1.42", "numeric_answer": 1.42, "relative_error": 0.716, "thinking_text": null, "has_tool_call": false, "tool_call": null, "usage": {"prompt_tokens": 89, "completion_tokens": 9, "total_tokens": 98, "token_count_source": "tokenizer"}, "decoding": {"temperature": 0.2, "top_p": null, "top_k": null, "max_tokens": 256, "seed": 42}, "prompt_tokens": 89, "completion_tokens": 9, "total_tokens": 98, "token_count_source": "tokenizer", "diffusion_steps": null, "flops_estimate": null, "flops_arch": null, "flops_model_params": null, "flops_active_params": null, "tokens_non_final": 3, "tokens_reasoning": 0, "tokens_response": 3, "elapsed_seconds": 0.29419612884521484, "judgement": "Way off"}
{"id": "units_000487", "topic": "units", "subtopic": "lb_oz", "prompt": "You buy 4.95 lb at $8.57 per lb. About how much is that total?", "exact_value": 42.42, "model": "qwen/qwen2.5-3b-instruct", "provider": "transformers", "response": "Final answer: 40.615", "numeric_answer": 40.615, "relative_error": 0.042550683639792544, "thinking_text": null, "has_tool_call": false, "tool_call": null, "usage": {"prompt_tokens": 89, "completion_tokens": 11, "total_tokens": 100, "token_count_source": "tokenizer"}, "decoding": {"temperature": 0.2, "top_p": null, "top_k": null, "max_tokens": 256, "seed": 42}, "prompt_tokens": 89, "completion_tokens": 11, "total_tokens": 100, "token_count_source": "tokenizer", "diffusion_steps": null, "flops_estimate": null, "flops_arch": null, "flops_model_params": null, "flops_active_params": null, "tokens_non_final": 3, "tokens_reasoning": 0, "tokens_response": 3, "elapsed_seconds": 0.3594505786895752, "judgement": "Good approximation"}
{"id": "units_000507", "topic": "units", "subtopic": "lb_oz", "prompt": "You buy 0.55 lb at $7.62 per lb. About how much is that total?", "exact_value": 4.19, "model": "qwen/qwen2.5-3b-instruct", "provider": "transformers", "response": "Final answer: 1.38", "numeric_answer": 1.38, "relative_error": 0.6706443914081146, "thinking_text": null, "has_tool_call": false, "tool_call": null, "usage": {"prompt_tokens": 89, "completion_tokens": 9, "total_tokens": 98, "token_count_source": "tokenizer"}, "decoding": {"temperature": 0.2, "top_p": null, "top_k": null, "max_tokens": 256, "seed": 42}, "prompt_tokens": 89, "completion_tokens": 9, "total_tokens": 98, "token_count_source": "tokenizer", "diffusion_steps": null, "flops_estimate": null, "flops_arch": null, "flops_model_params": null, "flops_active_params": null, "tokens_non_final": 3, "tokens_reasoning": 0, "tokens_response": 3, "elapsed_seconds": 0.2920033931732178, "judgement": "Way off"}
{"id": "units_000527", "topic": "units", "subtopic": "kg_g", "prompt": "An item costs $6.70 per kg. You take 750 g. About how much is that?", "exact_value": 5.03, "model": "qwen/qwen2.5-3b-instruct", "provider": "transformers", "response": "Final answer: 6.75", "numeric_answer": 6.75, "relative_error": 0.34194831013916493, "thinking_text": null, "has_tool_call": false, "tool_call": null, "usage": {"prompt_tokens": 90, "completion_tokens": 9, "total_tokens": 99, "token_count_source": "tokenizer"}, "decoding": {"temperature": 0.2, "top_p": null, "top_k": null, "max_tokens": 256, "seed": 42}, "prompt_tokens": 90, "completion_tokens": 9, "total_tokens": 99, "token_count_source": "tokenizer", "diffusion_steps": null, "flops_estimate": null, "flops_arch": null, "flops_model_params": null, "flops_active_params": null, "tokens_non_final": 3, "tokens_reasoning": 0, "tokens_response": 3, "elapsed_seconds": 0.2882649898529053, "judgement": "Mildly off"}
{"id": "units_000547", "topic": "units", "subtopic": "kg_g", "prompt": "An item costs $7.37 per kg. You take 350 g. About how much is that?", "exact_value": 2.58, "model": "qwen/qwen2.5-3b-instruct", "provider": "transformers", "response": "3.8552", "numeric_answer": 3.8552, "relative_error": 0.4942635658914728, "thinking_text": null, "has_tool_call": false, "tool_call": null, "usage": {"prompt_tokens": 90, "completion_tokens": 7, "total_tokens": 97, "token_count_source": "tokenizer"}, "decoding": {"temperature": 0.2, "top_p": null, "top_k": null, "max_tokens": 256, "seed": 42}, "prompt_tokens": 90, "completion_tokens": 7, "total_tokens": 97, "token_count_source": "tokenizer", "diffusion_steps": null, "flops_estimate": null, "flops_arch": null, "flops_model_params": null, "flops_active_params": null, "tokens_non_final": 1, "tokens_reasoning": 0, "tokens_response": 1, "elapsed_seconds": 0.22504663467407227, "judgement": "Mildly off"}
{"id": "units_000567", "topic": "units", "subtopic": "kg_g", "prompt": "An item costs $10.70 per kg. You take 900 g. About how much is that?", "exact_value": 9.63, "model": "qwen/qwen2.5-3b-instruct", "provider": "transformers", "response": "Final answer: 9.7", "numeric_answer": 9.7, "relative_error": 0.007268951194184683, "thinking_text": null, "has_tool_call": false, "tool_call": null, "usage": {"prompt_tokens": 91, "completion_tokens": 8, "total_tokens": 99, "token_count_source": "tokenizer"}, "decoding": {"temperature": 0.2, "top_p": null, "top_k": null, "max_tokens": 256, "seed": 42}, "prompt_tokens": 91, "completion_tokens": 8, "total_tokens": 99, "token_count_source": "tokenizer", "diffusion_steps": null, "flops_estimate": null, "flops_arch": null, "flops_model_params": null, "flops_active_params": null, "tokens_non_final": 3, "tokens_reasoning": 0, "tokens_response": 3, "elapsed_seconds": 0.2587404251098633, "judgement": "Good approximation"}
{"id": "units_000587", "topic": "units", "subtopic": "kg_g", "prompt": "An item costs $4.94 per kg. You take 350 g. About how much is that?", "exact_value": 1.73, "model": "qwen/qwen2.5-3b-instruct", "provider": "transformers", "response": "3.855", "numeric_answer": 3.855, "relative_error": 1.2283236994219653, "thinking_text": null, "has_tool_call": false, "tool_call": null, "usage": {"prompt_tokens": 90, "completion_tokens": 6, "total_tokens": 96, "token_count_source": "tokenizer"}, "decoding": {"temperature": 0.2, "top_p": null, "top_k": null, "max_tokens": 256, "seed": 42}, "prompt_tokens": 90, "completion_tokens": 6, "total_tokens": 96, "token_count_source": "tokenizer", "diffusion_steps": null, "flops_estimate": null, "flops_arch": null, "flops_model_params": null, "flops_active_params": null, "tokens_non_final": 1, "tokens_reasoning": 0, "tokens_response": 1, "elapsed_seconds": 0.19313335418701172, "judgement": "Way off"}
{"id": "units_000607", "topic": "units", "subtopic": "kg_g", "prompt": "An item costs $11.97 per kg. You take 400 g. About how much is that?", "exact_value": 4.79, "model": "qwen/qwen2.5-3b-instruct", "provider": "transformers", "response": "4.05", "numeric_answer": 4.05, "relative_error": 0.15448851774530276, "thinking_text": null, "has_tool_call": false, "tool_call": null, "usage": {"prompt_tokens": 91, "completion_tokens": 5, "total_tokens": 96, "token_count_source": "tokenizer"}, "decoding": {"temperature": 0.2, "top_p": null, "top_k": null, "max_tokens": 256, "seed": 42}, "prompt_tokens": 91, "completion_tokens": 5, "total_tokens": 96, "token_count_source": "tokenizer", "diffusion_steps": null, "flops_estimate": null, "flops_arch": null, "flops_model_params": null, "flops_active_params": null, "tokens_non_final": 1, "tokens_reasoning": 0, "tokens_response": 1, "elapsed_seconds": 0.1610417366027832, "judgement": "Good approximation"}
{"id": "units_000627", "topic": "units", "subtopic": "lb_oz", "prompt": "You buy 2.13 lb at $11.95 per lb. About how much is that total?", "exact_value": 25.45, "model": "qwen/qwen2.5-3b-instruct", "provider": "transformers", "response": "Final answer: 24.07", "numeric_answer": 24.07, "relative_error": 0.05422396856581529, "thinking_text": null, "has_tool_call": false, "tool_call": null, "usage": {"prompt_tokens": 90, "completion_tokens": 10, "total_tokens": 100, "token_count_source": "tokenizer"}, "decoding": {"temperature": 0.2, "top_p": null, "top_k": null, "max_tokens": 256, "seed": 42}, "prompt_tokens": 90, "completion_tokens": 10, "total_tokens": 100, "token_count_source": "tokenizer", "diffusion_steps": null, "flops_estimate": null, "flops_arch": null, "flops_model_params": null, "flops_active_params": null, "tokens_non_final": 3, "tokens_reasoning": 0, "tokens_response": 3, "elapsed_seconds": 0.32021594047546387, "judgement": "Good approximation"}
{"id": "units_000647", "topic": "units", "subtopic": "kg_g", "prompt": "An item costs $10.91 per kg. You take 900 g. About how much is that?", "exact_value": 9.82, "model": "qwen/qwen2.5-3b-instruct", "provider": "transformers", "response": "Final answer: 10.909", "numeric_answer": 10.909, "relative_error": 0.11089613034623222, "thinking_text": null, "has_tool_call": false, "tool_call": null, "usage": {"prompt_tokens": 91, "completion_tokens": 11, "total_tokens": 102, "token_count_source": "tokenizer"}, "decoding": {"temperature": 0.2, "top_p": null, "top_k": null, "max_tokens": 256, "seed": 42}, "prompt_tokens": 91, "completion_tokens": 11, "total_tokens": 102, "token_count_source": "tokenizer", "diffusion_steps": null, "flops_estimate": null, "flops_arch": null, "flops_model_params": null, "flops_active_params": null, "tokens_non_final": 3, "tokens_reasoning": 0, "tokens_response": 3, "elapsed_seconds": 0.35273170471191406, "judgement": "Good approximation"}
{"id": "units_000667", "topic": "units", "subtopic": "kg_g", "prompt": "An item costs $13.39 per kg. You take 300 g. About how much is that?", "exact_value": 4.02, "model": "qwen/qwen2.5-3b-instruct", "provider": "transformers", "response": "3.335", "numeric_answer": 3.335, "relative_error": 0.17039800995024867, "thinking_text": null, "has_tool_call": false, "tool_call": null, "usage": {"prompt_tokens": 91, "completion_tokens": 6, "total_tokens": 97, "token_count_source": "tokenizer"}, "decoding": {"temperature": 0.2, "top_p": null, "top_k": null, "max_tokens": 256, "seed": 42}, "prompt_tokens": 91, "completion_tokens": 6, "total_tokens": 97, "token_count_source": "tokenizer", "diffusion_steps": null, "flops_estimate": null, "flops_arch": null, "flops_model_params": null, "flops_active_params": null, "tokens_non_final": 1, "tokens_reasoning": 0, "tokens_response": 1, "elapsed_seconds": 0.19213438034057617, "judgement": "Good approximation"}
{"id": "units_000687", "topic": "units", "subtopic": "lb_oz", "prompt": "You buy 1.93 lb at $5.24 per lb. About how much is that total?", "exact_value": 10.11, "model": "qwen/qwen2.5-3b-instruct", "provider": "transformers", "response": "Final answer: 20.687", "numeric_answer": 20.687, "relative_error": 1.0461918892185957, "thinking_text": null, "has_tool_call": false, "tool_call": null, "usage": {"prompt_tokens": 89, "completion_tokens": 11, "total_tokens": 100, "token_count_source": "tokenizer"}, "decoding": {"temperature": 0.2, "top_p": null, "top_k": null, "max_tokens": 256, "seed": 42}, "prompt_tokens": 89, "completion_tokens": 11, "total_tokens": 100, "token_count_source": "tokenizer", "diffusion_steps": null, "flops_estimate": null, "flops_arch": null, "flops_model_params": null, "flops_active_params": null, "tokens_non_final": 3, "tokens_reasoning": 0, "tokens_response": 3, "elapsed_seconds": 0.35820960998535156, "judgement": "Way off"}
{"id": "units_000707", "topic": "units", "subtopic": "kg_g", "prompt": "An item costs $7.61 per kg. You take 400 g. About how much is that?", "exact_value": 3.04, "model": "qwen/qwen2.5-3b-instruct", "provider": "transformers", "response": "3.815\nFinal answer: 3.82", "numeric_answer": 3.82, "relative_error": 0.25657894736842096, "thinking_text": null, "has_tool_call": false, "tool_call": null, "usage": {"prompt_tokens": 90, "completion_tokens": 15, "total_tokens": 105, "token_count_source": "tokenizer"}, "decoding": {"temperature": 0.2, "top_p": null, "top_k": null, "max_tokens": 256, "seed": 42}, "prompt_tokens": 90, "completion_tokens": 15, "total_tokens": 105, "token_count_source": "tokenizer", "diffusion_steps": null, "flops_estimate": null, "flops_arch": null, "flops_model_params": null, "flops_active_params": null, "tokens_non_final": 4, "tokens_reasoning": 0, "tokens_response": 4, "elapsed_seconds": 0.48837780952453613, "judgement": "Mildly off"}
{"id": "units_000727", "topic": "units", "subtopic": "lb_oz", "prompt": "You buy 3.59 lb at $10.93 per lb. About how much is that total?", "exact_value": 39.24, "model": "qwen/qwen2.5-3b-instruct", "provider": "transformers", "response": "Final answer: 42.87", "numeric_answer": 42.87, "relative_error": 0.09250764525993872, "thinking_text": null, "has_tool_call": false, "tool_call": null, "usage": {"prompt_tokens": 90, "completion_tokens": 10, "total_tokens": 100, "token_count_source": "tokenizer"}, "decoding": {"temperature": 0.2, "top_p": null, "top_k": null, "max_tokens": 256, "seed": 42}, "prompt_tokens": 90, "completion_tokens": 10, "total_tokens": 100, "token_count_source": "tokenizer", "diffusion_steps": null, "flops_estimate": null, "flops_arch": null, "flops_model_params": null, "flops_active_params": null, "tokens_non_final": 3, "tokens_reasoning": 0, "tokens_response": 3, "elapsed_seconds": 0.32481813430786133, "judgement": "Good approximation"}
{"id": "units_000747", "topic": "units", "subtopic": "lb_oz", "prompt": "You buy 2.72 lb at $3.64 per lb. About how much is that total?", "exact_value": 9.9, "model": "qwen/qwen2.5-3b-instruct", "provider": "transformers", "response": "Final answer: 10.581", "numeric_answer": 10.581, "relative_error": 0.0687878787878787, "thinking_text": null, "has_tool_call": false, "tool_call": null, "usage": {"prompt_tokens": 89, "completion_tokens": 11, "total_tokens": 100, "token_count_source": "tokenizer"}, "decoding": {"temperature": 0.2, "top_p": null, "top_k": null, "max_tokens": 256, "seed": 42}, "prompt_tokens": 89, "completion_tokens": 11, "total_tokens": 100, "token_count_source": "tokenizer", "diffusion_steps": null, "flops_estimate": null, "flops_arch": null, "flops_model_params": null, "flops_active_params": null, "tokens_non_final": 3, "tokens_reasoning": 0, "tokens_response": 3, "elapsed_seconds": 0.3555612564086914, "judgement": "Good approximation"}
{"id": "units_000767", "topic": "units", "subtopic": "kg_g", "prompt": "An item costs $11.67 per kg. You take 900 g. About how much is that?", "exact_value": 10.5, "model": "qwen/qwen2.5-3b-instruct", "provider": "transformers", "response": "Final answer: 11.67", "numeric_answer": 11.67, "relative_error": 0.11142857142857142, "thinking_text": null, "has_tool_call": false, "tool_call": null, "usage": {"prompt_tokens": 91, "completion_tokens": 10, "total_tokens": 101, "token_count_source": "tokenizer"}, "decoding": {"temperature": 0.2, "top_p": null, "top_k": null, "max_tokens": 256, "seed": 42}, "prompt_tokens": 91, "completion_tokens": 10, "total_tokens": 101, "token_count_source": "tokenizer", "diffusion_steps": null, "flops_estimate": null, "flops_arch": null, "flops_model_params": null, "flops_active_params": null, "tokens_non_final": 3, "tokens_reasoning": 0, "tokens_response": 3, "elapsed_seconds": 0.3246796131134033, "judgement": "Good approximation"}
{"id": "units_000787", "topic": "units", "subtopic": "kg_g", "prompt": "An item costs $10.33 per kg. You take 400 g. About how much is that?", "exact_value": 4.13, "model": "qwen/qwen2.5-3b-instruct", "provider": "transformers", "response": "4.33", "numeric_answer": 4.33, "relative_error": 0.04842615012106542, "thinking_text": null, "has_tool_call": false, "tool_call": null, "usage": {"prompt_tokens": 91, "completion_tokens": 5, "total_tokens": 96, "token_count_source": "tokenizer"}, "decoding": {"temperature": 0.2, "top_p": null, "top_k": null, "max_tokens": 256, "seed": 42}, "prompt_tokens": 91, "completion_tokens": 5, "total_tokens": 96, "token_count_source": "tokenizer", "diffusion_steps": null, "flops_estimate": null, "flops_arch": null, "flops_model_params": null, "flops_active_params": null, "tokens_non_final": 1, "tokens_reasoning": 0, "tokens_response": 1, "elapsed_seconds": 0.16255545616149902, "judgement": "Good approximation"}
{"id": "units_000807", "topic": "units", "subtopic": "kg_g", "prompt": "An item costs $17.42 per kg. You take 400 g. About how much is that?", "exact_value": 6.97, "model": "qwen/qwen2.5-3b-instruct", "provider": "transformers", "response": "3.528", "numeric_answer": 3.528, "relative_error": 0.4938307030129125, "thinking_text": null, "has_tool_call": false, "tool_call": null, "usage": {"prompt_tokens": 91, "completion_tokens": 6, "total_tokens": 97, "token_count_source": "tokenizer"}, "decoding": {"temperature": 0.2, "top_p": null, "top_k": null, "max_tokens": 256, "seed": 42}, "prompt_tokens": 91, "completion_tokens": 6, "total_tokens": 97, "token_count_source": "tokenizer", "diffusion_steps": null, "flops_estimate": null, "flops_arch": null, "flops_model_params": null, "flops_active_params": null, "tokens_non_final": 1, "tokens_reasoning": 0, "tokens_response": 1, "elapsed_seconds": 0.19547104835510254, "judgement": "Mildly off"}
{"id": "units_000827", "topic": "units", "subtopic": "lb_oz", "prompt": "You buy 3.71 lb at $14.59 per lb. About how much is that total?", "exact_value": 54.13, "model": "qwen/qwen2.5-3b-instruct", "provider": "transformers", "response": "Final answer: 20.685", "numeric_answer": 20.685, "relative_error": 0.6178644005172733, "thinking_text": null, "has_tool_call": false, "tool_call": null, "usage": {"prompt_tokens": 90, "completion_tokens": 11, "total_tokens": 101, "token_count_source": "tokenizer"}, "decoding": {"temperature": 0.2, "top_p": null, "top_k": null, "max_tokens": 256, "seed": 42}, "prompt_tokens": 90, "completion_tokens": 11, "total_tokens": 101, "token_count_source": "tokenizer", "diffusion_steps": null, "flops_estimate": null, "flops_arch": null, "flops_model_params": null, "flops_active_params": null, "tokens_non_final": 3, "tokens_reasoning": 0, "tokens_response": 3, "elapsed_seconds": 0.3583815097808838, "judgement": "Way off"}
{"id": "units_000847", "topic": "units", "subtopic": "kg_g", "prompt": "An item costs $16.02 per kg. You take 300 g. About how much is that?", "exact_value": 4.81, "model": "qwen/qwen2.5-3b-instruct", "provider": "transformers", "response": "3.005", "numeric_answer": 3.005, "relative_error": 0.37525987525987525, "thinking_text": null, "has_tool_call": false, "tool_call": null, "usage": {"prompt_tokens": 91, "completion_tokens": 6, "total_tokens": 97, "token_count_source": "tokenizer"}, "decoding": {"temperature": 0.2, "top_p": null, "top_k": null, "max_tokens": 256, "seed": 42}, "prompt_tokens": 91, "completion_tokens": 6, "total_tokens": 97, "token_count_source": "tokenizer", "diffusion_steps": null, "flops_estimate": null, "flops_arch": null, "flops_model_params": null, "flops_active_params": null, "tokens_non_final": 1, "tokens_reasoning": 0, "tokens_response": 1, "elapsed_seconds": 0.1949446201324463, "judgement": "Mildly off"}
{"id": "units_000867", "topic": "units", "subtopic": "kg_g", "prompt": "An item costs $19.16 per kg. You take 750 g. About how much is that?", "exact_value": 14.37, "model": "qwen/qwen2.5-3b-instruct", "provider": "transformers", "response": "Final answer: 19.16", "numeric_answer": 19.16, "relative_error": 0.3333333333333334, "thinking_text": null, "has_tool_call": false, "tool_call": null, "usage": {"prompt_tokens": 91, "completion_tokens": 10, "total_tokens": 101, "token_count_source": "tokenizer"}, "decoding": {"temperature": 0.2, "top_p": null, "top_k": null, "max_tokens": 256, "seed": 42}, "prompt_tokens": 91, "completion_tokens": 10, "total_tokens": 101, "token_count_source": "tokenizer", "diffusion_steps": null, "flops_estimate": null, "flops_arch": null, "flops_model_params": null, "flops_active_params": null, "tokens_non_final": 3, "tokens_reasoning": 0, "tokens_response": 3, "elapsed_seconds": 0.32425951957702637, "judgement": "Mildly off"}
{"id": "units_000887", "topic": "units", "subtopic": "kg_g", "prompt": "An item costs $4.82 per kg. You take 750 g. About how much is that?", "exact_value": 3.62, "model": "qwen/qwen2.5-3b-instruct", "provider": "transformers", "response": "3.815\nFinal answer: 3.815", "numeric_answer": 3.815, "relative_error": 0.05386740331491708, "thinking_text": null, "has_tool_call": false, "tool_call": null, "usage": {"prompt_tokens": 90, "completion_tokens": 16, "total_tokens": 106, "token_count_source": "tokenizer"}, "decoding": {"temperature": 0.2, "top_p": null, "top_k": null, "max_tokens": 256, "seed": 42}, "prompt_tokens": 90, "completion_tokens": 16, "total_tokens": 106, "token_count_source": "tokenizer", "diffusion_steps": null, "flops_estimate": null, "flops_arch": null, "flops_model_params": null, "flops_active_params": null, "tokens_non_final": 4, "tokens_reasoning": 0, "tokens_response": 4, "elapsed_seconds": 0.51576828956604, "judgement": "Good approximation"}
{"id": "units_000907", "topic": "units", "subtopic": "lb_oz", "prompt": "You buy 1.03 lb at $7.95 per lb. About how much is that total?", "exact_value": 8.19, "model": "qwen/qwen2.5-3b-instruct", "provider": "transformers", "response": "Final answer: 8.42", "numeric_answer": 8.42, "relative_error": 0.028083028083028136, "thinking_text": null, "has_tool_call": false, "tool_call": null, "usage": {"prompt_tokens": 89, "completion_tokens": 9, "total_tokens": 98, "token_count_source": "tokenizer"}, "decoding": {"temperature": 0.2, "top_p": null, "top_k": null, "max_tokens": 256, "seed": 42}, "prompt_tokens": 89, "completion_tokens": 9, "total_tokens": 98, "token_count_source": "tokenizer", "diffusion_steps": null, "flops_estimate": null, "flops_arch": null, "flops_model_params": null, "flops_active_params": null, "tokens_non_final": 3, "tokens_reasoning": 0, "tokens_response": 3, "elapsed_seconds": 0.2907874584197998, "judgement": "Good approximation"}
{"id": "units_000927", "topic": "units", "subtopic": "lb_oz", "prompt": "You buy 4.57 lb at $4.76 per lb. About how much is that total?", "exact_value": 21.75, "model": "qwen/qwen2.5-3b-instruct", "provider": "transformers", "response": "Final answer: 20.31", "numeric_answer": 20.31, "relative_error": 0.0662068965517242, "thinking_text": null, "has_tool_call": false, "tool_call": null, "usage": {"prompt_tokens": 89, "completion_tokens": 10, "total_tokens": 99, "token_count_source": "tokenizer"}, "decoding": {"temperature": 0.2, "top_p": null, "top_k": null, "max_tokens": 256, "seed": 42}, "prompt_tokens": 89, "completion_tokens": 10, "total_tokens": 99, "token_count_source": "tokenizer", "diffusion_steps": null, "flops_estimate": null, "flops_arch": null, "flops_model_params": null, "flops_active_params": null, "tokens_non_final": 3, "tokens_reasoning": 0, "tokens_response": 3, "elapsed_seconds": 0.3238496780395508, "judgement": "Good approximation"}
{"id": "units_000947", "topic": "units", "subtopic": "lb_oz", "prompt": "You buy 1.79 lb at $7.65 per lb. About how much is that total?", "exact_value": 13.69, "model": "qwen/qwen2.5-3b-instruct", "provider": "transformers", "response": "Final answer: 20.438", "numeric_answer": 20.438, "relative_error": 0.49291453615777936, "thinking_text": null, "has_tool_call": false, "tool_call": null, "usage": {"prompt_tokens": 89, "completion_tokens": 11, "total_tokens": 100, "token_count_source": "tokenizer"}, "decoding": {"temperature": 0.2, "top_p": null, "top_k": null, "max_tokens": 256, "seed": 42}, "prompt_tokens": 89, "completion_tokens": 11, "total_tokens": 100, "token_count_source": "tokenizer", "diffusion_steps": null, "flops_estimate": null, "flops_arch": null, "flops_model_params": null, "flops_active_params": null, "tokens_non_final": 3, "tokens_reasoning": 0, "tokens_response": 3, "elapsed_seconds": 0.35585784912109375, "judgement": "Mildly off"}
{"id": "units_000967", "topic": "units", "subtopic": "lb_oz", "prompt": "You buy 2.01 lb at $13.92 per lb. About how much is that total?", "exact_value": 27.98, "model": "qwen/qwen2.5-3b-instruct", "provider": "transformers", "response": "Final answer: 23.58", "numeric_answer": 23.58, "relative_error": 0.15725518227305224, "thinking_text": null, "has_tool_call": false, "tool_call": null, "usage": {"prompt_tokens": 90, "completion_tokens": 10, "total_tokens": 100, "token_count_source": "tokenizer"}, "decoding": {"temperature": 0.2, "top_p": null, "top_k": null, "max_tokens": 256, "seed": 42}, "prompt_tokens": 90, "completion_tokens": 10, "total_tokens": 100, "token_count_source": "tokenizer", "diffusion_steps": null, "flops_estimate": null, "flops_arch": null, "flops_model_params": null, "flops_active_params": null, "tokens_non_final": 3, "tokens_reasoning": 0, "tokens_response": 3, "elapsed_seconds": 0.326214075088501, "judgement": "Good approximation"}
{"id": "units_000987", "topic": "units", "subtopic": "kg_g", "prompt": "An item costs $17.96 per kg. You take 500 g. About how much is that?", "exact_value": 8.98, "model": "qwen/qwen2.5-3b-instruct", "provider": "transformers", "response": "3.949\nFinal answer: 3.95", "numeric_answer": 3.95, "relative_error": 0.5601336302895323, "thinking_text": null, "has_tool_call": false, "tool_call": null, "usage": {"prompt_tokens": 91, "completion_tokens": 15, "total_tokens": 106, "token_count_source": "tokenizer"}, "decoding": {"temperature": 0.2, "top_p": null, "top_k": null, "max_tokens": 256, "seed": 42}, "prompt_tokens": 91, "completion_tokens": 15, "total_tokens": 106, "token_count_source": "tokenizer", "diffusion_steps": null, "flops_estimate": null, "flops_arch": null, "flops_model_params": null, "flops_active_params": null, "tokens_non_final": 4, "tokens_reasoning": 0, "tokens_response": 4, "elapsed_seconds": 0.48613405227661133, "judgement": "Mildly off"}
{"id": "units_001007", "topic": "units", "subtopic": "lb_oz", "prompt": "You buy 3.75 lb at $12.94 per lb. About how much is that total?", "exact_value": 48.53, "model": "qwen/qwen2.5-3b-instruct", "provider": "transformers", "response": "Final answer: 40.625", "numeric_answer": 40.625, "relative_error": 0.16288893467957966, "thinking_text": null, "has_tool_call": false, "tool_call": null, "usage": {"prompt_tokens": 90, "completion_tokens": 11, "total_tokens": 101, "token_count_source": "tokenizer"}, "decoding": {"temperature": 0.2, "top_p": null, "top_k": null, "max_tokens": 256, "seed": 42}, "prompt_tokens": 90, "completion_tokens": 11, "total_tokens": 101, "token_count_source": "tokenizer", "diffusion_steps": null, "flops_estimate": null, "flops_arch": null, "flops_model_params": null, "flops_active_params": null, "tokens_non_final": 3, "tokens_reasoning": 0, "tokens_response": 3, "elapsed_seconds": 0.35614466667175293, "judgement": "Good approximation"}
{"id": "units_001027", "topic": "units", "subtopic": "kg_g", "prompt": "An item costs $17.61 per kg. You take 900 g. About how much is that?", "exact_value": 15.85, "model": "qwen/qwen2.5-3b-instruct", "provider": "transformers", "response": "5.855", "numeric_answer": 5.855, "relative_error": 0.6305993690851734, "thinking_text": null, "has_tool_call": false, "tool_call": null, "usage": {"prompt_tokens": 91, "completion_tokens": 6, "total_tokens": 97, "token_count_source": "tokenizer"}, "decoding": {"temperature": 0.2, "top_p": null, "top_k": null, "max_tokens": 256, "seed": 42}, "prompt_tokens": 91, "completion_tokens": 6, "total_tokens": 97, "token_count_source": "tokenizer", "diffusion_steps": null, "flops_estimate": null, "flops_arch": null, "flops_model_params": null, "flops_active_params": null, "tokens_non_final": 1, "tokens_reasoning": 0, "tokens_response": 1, "elapsed_seconds": 0.19829845428466797, "judgement": "Way off"}
{"id": "units_001047", "topic": "units", "subtopic": "kg_g", "prompt": "An item costs $4.66 per kg. You take 750 g. About how much is that?", "exact_value": 3.5, "model": "qwen/qwen2.5-3b-instruct", "provider": "transformers", "response": "3.8555", "numeric_answer": 3.8555, "relative_error": 0.10157142857142862, "thinking_text": null, "has_tool_call": false, "tool_call": null, "usage": {"prompt_tokens": 90, "completion_tokens": 7, "total_tokens": 97, "token_count_source": "tokenizer"}, "decoding": {"temperature": 0.2, "top_p": null, "top_k": null, "max_tokens": 256, "seed": 42}, "prompt_tokens": 90, "completion_tokens": 7, "total_tokens": 97, "token_count_source": "tokenizer", "diffusion_steps": null, "flops_estimate": null, "flops_arch": null, "flops_model_params": null, "flops_active_params": null, "tokens_non_final": 1, "tokens_reasoning": 0, "tokens_response": 1, "elapsed_seconds": 0.2294299602508545, "judgement": "Good approximation"}
{"id": "units_001067", "topic": "units", "subtopic": "lb_oz", "prompt": "You buy 5.21 lb at $3.37 per lb. About how much is that total?", "exact_value": 17.56, "model": "qwen/qwen2.5-3b-instruct", "provider": "transformers", "response": "Final answer: 18.0496", "numeric_answer": 18.0496, "relative_error": 0.027881548974943222, "thinking_text": null, "has_tool_call": false, "tool_call": null, "usage": {"prompt_tokens": 89, "completion_tokens": 12, "total_tokens": 101, "token_count_source": "tokenizer"}, "decoding": {"temperature": 0.2, "top_p": null, "top_k": null, "max_tokens": 256, "seed": 42}, "prompt_tokens": 89, "completion_tokens": 12, "total_tokens": 101, "token_count_source": "tokenizer", "diffusion_steps": null, "flops_estimate": null, "flops_arch": null, "flops_model_params": null, "flops_active_params": null, "tokens_non_final": 3, "tokens_reasoning": 0, "tokens_response": 3, "elapsed_seconds": 0.3903157711029053, "judgement": "Good approximation"}
{"id": "units_001087", "topic": "units", "subtopic": "kg_g", "prompt": "An item costs $7.42 per kg. You take 400 g. About how much is that?", "exact_value": 2.97, "model": "qwen/qwen2.5-3b-instruct", "provider": "transformers", "response": "3.215", "numeric_answer": 3.215, "relative_error": 0.08249158249158237, "thinking_text": null, "has_tool_call": false, "tool_call": null, "usage": {"prompt_tokens": 90, "completion_tokens": 6, "total_tokens": 96, "token_count_source": "tokenizer"}, "decoding": {"temperature": 0.2, "top_p": null, "top_k": null, "max_tokens": 256, "seed": 42}, "prompt_tokens": 90, "completion_tokens": 6, "total_tokens": 96, "token_count_source": "tokenizer", "diffusion_steps": null, "flops_estimate": null, "flops_arch": null, "flops_model_params": null, "flops_active_params": null, "tokens_non_final": 1, "tokens_reasoning": 0, "tokens_response": 1, "elapsed_seconds": 0.19539856910705566, "judgement": "Good approximation"}
{"id": "units_001107", "topic": "units", "subtopic": "kg_g", "prompt": "An item costs $19.86 per kg. You take 400 g. About how much is that?", "exact_value": 7.94, "model": "qwen/qwen2.5-3b-instruct", "provider": "transformers", "response": "4.0325", "numeric_answer": 4.0325, "relative_error": 0.4921284634760706, "thinking_text": null, "has_tool_call": false, "tool_call": null, "usage": {"prompt_tokens": 91, "completion_tokens": 7, "total_tokens": 98, "token_count_source": "tokenizer"}, "decoding": {"temperature": 0.2, "top_p": null, "top_k": null, "max_tokens": 256, "seed": 42}, "prompt_tokens": 91, "completion_tokens": 7, "total_tokens": 98, "token_count_source": "tokenizer", "diffusion_steps": null, "flops_estimate": null, "flops_arch": null, "flops_model_params": null, "flops_active_params": null, "tokens_non_final": 1, "tokens_reasoning": 0, "tokens_response": 1, "elapsed_seconds": 0.23287701606750488, "judgement": "Mildly off"}
{"id": "units_001127", "topic": "units", "subtopic": "kg_g", "prompt": "An item costs $5.63 per kg. You take 400 g. About how much is that?", "exact_value": 2.25, "model": "qwen/qwen2.5-3b-instruct", "provider": "transformers", "response": "5.63", "numeric_answer": 5.63, "relative_error": 1.5022222222222221, "thinking_text": null, "has_tool_call": false, "tool_call": null, "usage": {"prompt_tokens": 90, "completion_tokens": 5, "total_tokens": 95, "token_count_source": "tokenizer"}, "decoding": {"temperature": 0.2, "top_p": null, "top_k": null, "max_tokens": 256, "seed": 42}, "prompt_tokens": 90, "completion_tokens": 5, "total_tokens": 95, "token_count_source": "tokenizer", "diffusion_steps": null, "flops_estimate": null, "flops_arch": null, "flops_model_params": null, "flops_active_params": null, "tokens_non_final": 1, "tokens_reasoning": 0, "tokens_response": 1, "elapsed_seconds": 0.16304469108581543, "judgement": "Way off"}
{"id": "units_001147", "topic": "units", "subtopic": "lb_oz", "prompt": "You buy 0.86 lb at $7.70 per lb. About how much is that total?", "exact_value": 6.62, "model": "qwen/qwen2.5-3b-instruct", "provider": "transformers", "response": "Final answer: 1.235", "numeric_answer": 1.235, "relative_error": 0.8134441087613292, "thinking_text": null, "has_tool_call": false, "tool_call": null, "usage": {"prompt_tokens": 89, "completion_tokens": 10, "total_tokens": 99, "token_count_source": "tokenizer"}, "decoding": {"temperature": 0.2, "top_p": null, "top_k": null, "max_tokens": 256, "seed": 42}, "prompt_tokens": 89, "completion_tokens": 10, "total_tokens": 99, "token_count_source": "tokenizer", "diffusion_steps": null, "flops_estimate": null, "flops_arch": null, "flops_model_params": null, "flops_active_params": null, "tokens_non_final": 3, "tokens_reasoning": 0, "tokens_response": 3, "elapsed_seconds": 0.32521724700927734, "judgement": "Way off"}
{"id": "units_001167", "topic": "units", "subtopic": "kg_g", "prompt": "An item costs $5.90 per kg. You take 400 g. About how much is that?", "exact_value": 2.36, "model": "qwen/qwen2.5-3b-instruct", "provider": "transformers", "response": "5.9", "numeric_answer": 5.9, "relative_error": 1.5000000000000002, "thinking_text": null, "has_tool_call": false, "tool_call": null, "usage": {"prompt_tokens": 90, "completion_tokens": 4, "total_tokens": 94, "token_count_source": "tokenizer"}, "decoding": {"temperature": 0.2, "top_p": null, "top_k": null, "max_tokens": 256, "seed": 42}, "prompt_tokens": 90, "completion_tokens": 4, "total_tokens": 94, "token_count_source": "tokenizer", "diffusion_steps": null, "flops_estimate": null, "flops_arch": null, "flops_model_params": null, "flops_active_params": null, "tokens_non_final": 1, "tokens_reasoning": 0, "tokens_response": 1, "elapsed_seconds": 0.1309206485748291, "judgement": "Way off"}
{"id": "units_001187", "topic": "units", "subtopic": "lb_oz", "prompt": "You buy 3.21 lb at $10.48 per lb. About how much is that total?", "exact_value": 33.64, "model": "qwen/qwen2.5-3b-instruct", "provider": "transformers", "response": "Final answer: 32.57", "numeric_answer": 32.57, "relative_error": 0.03180737217598098, "thinking_text": null, "has_tool_call": false, "tool_call": null, "usage": {"prompt_tokens": 90, "completion_tokens": 10, "total_tokens": 100, "token_count_source": "tokenizer"}, "decoding": {"temperature": 0.2, "top_p": null, "top_k": null, "max_tokens": 256, "seed": 42}, "prompt_tokens": 90, "completion_tokens": 10, "total_tokens": 100, "token_count_source": "tokenizer", "diffusion_steps": null, "flops_estimate": null, "flops_arch": null, "flops_model_params": null, "flops_active_params": null, "tokens_non_final": 3, "tokens_reasoning": 0, "tokens_response": 3, "elapsed_seconds": 0.32546424865722656, "judgement": "Good approximation"}
{"id": "units_001207", "topic": "units", "subtopic": "lb_oz", "prompt": "You buy 1.97 lb at $9.55 per lb. About how much is that total?", "exact_value": 18.81, "model": "qwen/qwen2.5-3b-instruct", "provider": "transformers", "response": "Final answer: 20.38", "numeric_answer": 20.38, "relative_error": 0.08346624136097823, "thinking_text": null, "has_tool_call": false, "tool_call": null, "usage": {"prompt_tokens": 89, "completion_tokens": 10, "total_tokens": 99, "token_count_source": "tokenizer"}, "decoding": {"temperature": 0.2, "top_p": null, "top_k": null, "max_tokens": 256, "seed": 42}, "prompt_tokens": 89, "completion_tokens": 10, "total_tokens": 99, "token_count_source": "tokenizer", "diffusion_steps": null, "flops_estimate": null, "flops_arch": null, "flops_model_params": null, "flops_active_params": null, "tokens_non_final": 3, "tokens_reasoning": 0, "tokens_response": 3, "elapsed_seconds": 0.3246622085571289, "judgement": "Good approximation"}
{"id": "units_001227", "topic": "units", "subtopic": "lb_oz", "prompt": "You buy 5.24 lb at $7.66 per lb. About how much is that total?", "exact_value": 40.14, "model": "qwen/qwen2.5-3b-instruct", "provider": "transformers", "response": "Final answer: 38.1808", "numeric_answer": 38.1808, "relative_error": 0.048809167912306994, "thinking_text": null, "has_tool_call": false, "tool_call": null, "usage": {"prompt_tokens": 89, "completion_tokens": 12, "total_tokens": 101, "token_count_source": "tokenizer"}, "decoding": {"temperature": 0.2, "top_p": null, "top_k": null, "max_tokens": 256, "seed": 42}, "prompt_tokens": 89, "completion_tokens": 12, "total_tokens": 101, "token_count_source": "tokenizer", "diffusion_steps": null, "flops_estimate": null, "flops_arch": null, "flops_model_params": null, "flops_active_params": null, "tokens_non_final": 3, "tokens_reasoning": 0, "tokens_response": 3, "elapsed_seconds": 0.38991475105285645, "judgement": "Good approximation"}
{"id": "units_001247", "topic": "units", "subtopic": "kg_g", "prompt": "An item costs $5.89 per kg. You take 750 g. About how much is that?", "exact_value": 4.42, "model": "qwen/qwen2.5-3b-instruct", "provider": "transformers", "response": "Final answer: 5.89", "numeric_answer": 5.89, "relative_error": 0.3325791855203619, "thinking_text": null, "has_tool_call": false, "tool_call": null, "usage": {"prompt_tokens": 90, "completion_tokens": 9, "total_tokens": 99, "token_count_source": "tokenizer"}, "decoding": {"temperature": 0.2, "top_p": null, "top_k": null, "max_tokens": 256, "seed": 42}, "prompt_tokens": 90, "completion_tokens": 9, "total_tokens": 99, "token_count_source": "tokenizer", "diffusion_steps": null, "flops_estimate": null, "flops_arch": null, "flops_model_params": null, "flops_active_params": null, "tokens_non_final": 3, "tokens_reasoning": 0, "tokens_response": 3, "elapsed_seconds": 0.2917609214782715, "judgement": "Mildly off"}
{"id": "units_001267", "topic": "units", "subtopic": "kg_g", "prompt": "An item costs $17.87 per kg. You take 250 g. About how much is that?", "exact_value": 4.47, "model": "qwen/qwen2.5-3b-instruct", "provider": "transformers", "response": "2.58833333333", "numeric_answer": 2.58833333333, "relative_error": 0.4209545115592841, "thinking_text": null, "has_tool_call": false, "tool_call": null, "usage": {"prompt_tokens": 91, "completion_tokens": 14, "total_tokens": 105, "token_count_source": "tokenizer"}, "decoding": {"temperature": 0.2, "top_p": null, "top_k": null, "max_tokens": 256, "seed": 42}, "prompt_tokens": 91, "completion_tokens": 14, "total_tokens": 105, "token_count_source": "tokenizer", "diffusion_steps": null, "flops_estimate": null, "flops_arch": null, "flops_model_params": null, "flops_active_params": null, "tokens_non_final": 1, "tokens_reasoning": 0, "tokens_response": 1, "elapsed_seconds": 0.45396971702575684, "judgement": "Mildly off"}
{"id": "units_001287", "topic": "units", "subtopic": "kg_g", "prompt": "An item costs $6.27 per kg. You take 350 g. About how much is that?", "exact_value": 2.19, "model": "qwen/qwen2.5-3b-instruct", "provider": "transformers", "response": "3.1855", "numeric_answer": 3.1855, "relative_error": 0.4545662100456622, "thinking_text": null, "has_tool_call": false, "tool_call": null, "usage": {"prompt_tokens": 90, "completion_tokens": 7, "total_tokens": 97, "token_count_source": "tokenizer"}, "decoding": {"temperature": 0.2, "top_p": null, "top_k": null, "max_tokens": 256, "seed": 42}, "prompt_tokens": 90, "completion_tokens": 7, "total_tokens": 97, "token_count_source": "tokenizer", "diffusion_steps": null, "flops_estimate": null, "flops_arch": null, "flops_model_params": null, "flops_active_params": null, "tokens_non_final": 1, "tokens_reasoning": 0, "tokens_response": 1, "elapsed_seconds": 0.22826671600341797, "judgement": "Mildly off"}
{"id": "units_001307", "topic": "units", "subtopic": "lb_oz", "prompt": "You buy 5.85 lb at $4.79 per lb. About how much is that total?", "exact_value": 28.02, "model": "qwen/qwen2.5-3b-instruct", "provider": "transformers", "response": "Final answer: 23.61", "numeric_answer": 23.61, "relative_error": 0.15738758029978586, "thinking_text": null, "has_tool_call": false, "tool_call": null, "usage": {"prompt_tokens": 89, "completion_tokens": 10, "total_tokens": 99, "token_count_source": "tokenizer"}, "decoding": {"temperature": 0.2, "top_p": null, "top_k": null, "max_tokens": 256, "seed": 42}, "prompt_tokens": 89, "completion_tokens": 10, "total_tokens": 99, "token_count_source": "tokenizer", "diffusion_steps": null, "flops_estimate": null, "flops_arch": null, "flops_model_params": null, "flops_active_params": null, "tokens_non_final": 3, "tokens_reasoning": 0, "tokens_response": 3, "elapsed_seconds": 0.32463526725769043, "judgement": "Good approximation"}
{"id": "units_001327", "topic": "units", "subtopic": "lb_oz", "prompt": "You buy 3.55 lb at $11.49 per lb. About how much is that total?", "exact_value": 40.79, "model": "qwen/qwen2.5-3b-instruct", "provider": "transformers", "response": "Final answer: 10.2875", "numeric_answer": 10.2875, "relative_error": 0.7477935768570728, "thinking_text": null, "has_tool_call": false, "tool_call": null, "usage": {"prompt_tokens": 90, "completion_tokens": 12, "total_tokens": 102, "token_count_source": "tokenizer"}, "decoding": {"temperature": 0.2, "top_p": null, "top_k": null, "max_tokens": 256, "seed": 42}, "prompt_tokens": 90, "completion_tokens": 12, "total_tokens": 102, "token_count_source": "tokenizer", "diffusion_steps": null, "flops_estimate": null, "flops_arch": null, "flops_model_params": null, "flops_active_params": null, "tokens_non_final": 3, "tokens_reasoning": 0, "tokens_response": 3, "elapsed_seconds": 0.39075255393981934, "judgement": "Way off"}
{"id": "tips_000127", "topic": "tips", "subtopic": "tips_service", "prompt": "Bill is $61.32; service fee 0% and tip 22%. About how much do you pay in total?", "exact_value": 74.81, "model": "qwen/qwen2.5-3b-instruct", "provider": "transformers", "response": "Final answer: 64.32", "numeric_answer": 64.32, "relative_error": 0.14022189546852037, "thinking_text": null, "has_tool_call": false, "tool_call": null, "usage": {"prompt_tokens": 94, "completion_tokens": 10, "total_tokens": 104, "token_count_source": "tokenizer"}, "decoding": {"temperature": 0.2, "top_p": null, "top_k": null, "max_tokens": 256, "seed": 42}, "prompt_tokens": 94, "completion_tokens": 10, "total_tokens": 104, "token_count_source": "tokenizer", "diffusion_steps": null, "flops_estimate": null, "flops_arch": null, "flops_model_params": null, "flops_active_params": null, "tokens_non_final": 3, "tokens_reasoning": 0, "tokens_response": 3, "elapsed_seconds": 0.3252685070037842, "judgement": "Good approximation"}
{"id": "tips_000147", "topic": "tips", "subtopic": "tips_service", "prompt": "Bill is $28.37; service fee 3% and tip 15%. About how much do you pay in total?", "exact_value": 33.6, "model": "qwen/qwen2.5-3b-instruct", "provider": "transformers", "response": "Final answer: 30.46", "numeric_answer": 30.46, "relative_error": 0.09345238095238097, "thinking_text": null, "has_tool_call": false, "tool_call": null, "usage": {"prompt_tokens": 94, "completion_tokens": 10, "total_tokens": 104, "token_count_source": "tokenizer"}, "decoding": {"temperature": 0.2, "top_p": null, "top_k": null, "max_tokens": 256, "seed": 42}, "prompt_tokens": 94, "completion_tokens": 10, "total_tokens": 104, "token_count_source": "tokenizer", "diffusion_steps": null, "flops_estimate": null, "flops_arch": null, "flops_model_params": null, "flops_active_params": null, "tokens_non_final": 3, "tokens_reasoning": 0, "tokens_response": 3, "elapsed_seconds": 0.32378339767456055, "judgement": "Good approximation"}
{"id": "tips_000167", "topic": "tips", "subtopic": "tips_service", "prompt": "Bill is $104.95; service fee 3% and tip 22%. About how much do you pay in total?", "exact_value": 131.88, "model": "qwen/qwen2.5-3b-instruct", "provider": "transformers", "response": "Final answer: 108.96", "numeric_answer": 108.96, "relative_error": 0.17379435850773434, "thinking_text": null, "has_tool_call": false, "tool_call": null, "usage": {"prompt_tokens": 95, "completion_tokens": 11, "total_tokens": 106, "token_count_source": "tokenizer"}, "decoding": {"temperature": 0.2, "top_p": null, "top_k": null, "max_tokens": 256, "seed": 42}, "prompt_tokens": 95, "completion_tokens": 11, "total_tokens": 106, "token_count_source": "tokenizer", "diffusion_steps": null, "flops_estimate": null, "flops_arch": null, "flops_model_params": null, "flops_active_params": null, "tokens_non_final": 3, "tokens_reasoning": 0, "tokens_response": 3, "elapsed_seconds": 0.3571891784667969, "judgement": "Good approximation"}
{"id": "tips_000187", "topic": "tips", "subtopic": "tips_service", "prompt": "Bill is $21.63; service fee 5% and tip 18%. About how much do you pay in total?", "exact_value": 26.8, "model": "qwen/qwen2.5-3b-instruct", "provider": "transformers", "response": "Final answer: 24.69", "numeric_answer": 24.69, "relative_error": 0.07873134328358207, "thinking_text": null, "has_tool_call": false, "tool_call": null, "usage": {"prompt_tokens": 94, "completion_tokens": 10, "total_tokens": 104, "token_count_source": "tokenizer"}, "decoding": {"temperature": 0.2, "top_p": null, "top_k": null, "max_tokens": 256, "seed": 42}, "prompt_tokens": 94, "completion_tokens": 10, "total_tokens": 104, "token_count_source": "tokenizer", "diffusion_steps": null, "flops_estimate": null, "flops_arch": null, "flops_model_params": null, "flops_active_params": null, "tokens_non_final": 3, "tokens_reasoning": 0, "tokens_response": 3, "elapsed_seconds": 0.3255934715270996, "judgement": "Good approximation"}
{"id": "tips_000207", "topic": "tips", "subtopic": "tips_service", "prompt": "Bill is $33.06; service fee 0% and tip 18%. About how much do you pay in total?", "exact_value": 39.01, "model": "qwen/qwen2.5-3b-instruct", "provider": "transformers", "response": "Final answer: 35.06", "numeric_answer": 35.06, "relative_error": 0.1012560881825172, "thinking_text": null, "has_tool_call": false, "tool_call": null, "usage": {"prompt_tokens": 94, "completion_tokens": 10, "total_tokens": 104, "token_count_source": "tokenizer"}, "decoding": {"temperature": 0.2, "top_p": null, "top_k": null, "max_tokens": 256, "seed": 42}, "prompt_tokens": 94, "completion_tokens": 10, "total_tokens": 104, "token_count_source": "tokenizer", "diffusion_steps": null, "flops_estimate": null, "flops_arch": null, "flops_model_params": null, "flops_active_params": null, "tokens_non_final": 3, "tokens_reasoning": 0, "tokens_response": 3, "elapsed_seconds": 0.32556653022766113, "judgement": "Good approximation"}
{"id": "tips_000227", "topic": "tips", "subtopic": "tips_service", "prompt": "Bill is $72.70; service fee 3% and tip 22%. About how much do you pay in total?", "exact_value": 91.35, "model": "qwen/qwen2.5-3b-instruct", "provider": "transformers", "response": "Final answer: 84.19", "numeric_answer": 84.19, "relative_error": 0.07837985769020249, "thinking_text": null, "has_tool_call": false, "tool_call": null, "usage": {"prompt_tokens": 94, "completion_tokens": 10, "total_tokens": 104, "token_count_source": "tokenizer"}, "decoding": {"temperature": 0.2, "top_p": null, "top_k": null, "max_tokens": 256, "seed": 42}, "prompt_tokens": 94, "completion_tokens": 10, "total_tokens": 104, "token_count_source": "tokenizer", "diffusion_steps": null, "flops_estimate": null, "flops_arch": null, "flops_model_params": null, "flops_active_params": null, "tokens_non_final": 3, "tokens_reasoning": 0, "tokens_response": 3, "elapsed_seconds": 0.3254539966583252, "judgement": "Good approximation"}
{"id": "tips_000247", "topic": "tips", "subtopic": "tips_service", "prompt": "Bill is $79.43; service fee 0% and tip 22%. About how much do you pay in total?", "exact_value": 96.9, "model": "qwen/qwen2.5-3b-instruct", "provider": "transformers", "response": "Final answer: 83.33", "numeric_answer": 83.33, "relative_error": 0.1400412796697627, "thinking_text": null, "has_tool_call": false, "tool_call": null, "usage": {"prompt_tokens": 94, "completion_tokens": 10, "total_tokens": 104, "token_count_source": "tokenizer"}, "decoding": {"temperature": 0.2, "top_p": null, "top_k": null, "max_tokens": 256, "seed": 42}, "prompt_tokens": 94, "completion_tokens": 10, "total_tokens": 104, "token_count_source": "tokenizer", "diffusion_steps": null, "flops_estimate": null, "flops_arch": null, "flops_model_params": null, "flops_active_params": null, "tokens_non_final": 3, "tokens_reasoning": 0, "tokens_response": 3, "elapsed_seconds": 0.32625436782836914, "judgement": "Good approximation"}
{"id": "tips_000267", "topic": "tips", "subtopic": "tips_service", "prompt": "Bill is $66.82; service fee 3% and tip 22%. About how much do you pay in total?", "exact_value": 83.97, "model": "qwen/qwen2.5-3b-instruct", "provider": "transformers", "response": "Final answer: 70.59", "numeric_answer": 70.59, "relative_error": 0.15934262236513036, "thinking_text": null, "has_tool_call": false, "tool_call": null, "usage": {"prompt_tokens": 94, "completion_tokens": 10, "total_tokens": 104, "token_count_source": "tokenizer"}, "decoding": {"temperature": 0.2, "top_p": null, "top_k": null, "max_tokens": 256, "seed": 42}, "prompt_tokens": 94, "completion_tokens": 10, "total_tokens": 104, "token_count_source": "tokenizer", "diffusion_steps": null, "flops_estimate": null, "flops_arch": null, "flops_model_params": null, "flops_active_params": null, "tokens_non_final": 3, "tokens_reasoning": 0, "tokens_response": 3, "elapsed_seconds": 0.3255455493927002, "judgement": "Good approximation"}
{"id": "tips_000287", "topic": "tips", "subtopic": "tips_service", "prompt": "Bill is $54.76; service fee 5% and tip 18%. About how much do you pay in total?", "exact_value": 67.85, "model": "qwen/qwen2.5-3b-instruct", "provider": "transformers", "response": "Final answer: 62.09", "numeric_answer": 62.09, "relative_error": 0.08489314664701535, "thinking_text": null, "has_tool_call": false, "tool_call": null, "usage": {"prompt_tokens": 94, "completion_tokens": 10, "total_tokens": 104, "token_count_source": "tokenizer"}, "decoding": {"temperature": 0.2, "top_p": null, "top_k": null, "max_tokens": 256, "seed": 42}, "prompt_tokens": 94, "completion_tokens": 10, "total_tokens": 104, "token_count_source": "tokenizer", "diffusion_steps": null, "flops_estimate": null, "flops_arch": null, "flops_model_params": null, "flops_active_params": null, "tokens_non_final": 3, "tokens_reasoning": 0, "tokens_response": 3, "elapsed_seconds": 0.3246297836303711, "judgement": "Good approximation"}
{"id": "tips_000307", "topic": "tips", "subtopic": "tips_service", "prompt": "Bill is $114.55; service fee 3% and tip 22%. About how much do you pay in total?", "exact_value": 143.94, "model": "qwen/qwen2.5-3b-instruct", "provider": "transformers", "response": "Final answer: 148.69", "numeric_answer": 148.69, "relative_error": 0.03299986105321662, "thinking_text": null, "has_tool_call": false, "tool_call": null, "usage": {"prompt_tokens": 95, "completion_tokens": 11, "total_tokens": 106, "token_count_source": "tokenizer"}, "decoding": {"temperature": 0.2, "top_p": null, "top_k": null, "max_tokens": 256, "seed": 42}, "prompt_tokens": 95, "completion_tokens": 11, "total_tokens": 106, "token_count_source": "tokenizer", "diffusion_steps": null, "flops_estimate": null, "flops_arch": null, "flops_model_params": null, "flops_active_params": null, "tokens_non_final": 3, "tokens_reasoning": 0, "tokens_response": 3, "elapsed_seconds": 0.356764554977417, "judgement": "Good approximation"}
{"id": "tips_000327", "topic": "tips", "subtopic": "tips_service", "prompt": "Bill is $31.62; service fee 5% and tip 18%. About how much do you pay in total?", "exact_value": 39.18, "model": "qwen/qwen2.5-3b-instruct", "provider": "transformers", "response": "Final answer: 40.79", "numeric_answer": 40.79, "relative_error": 0.041092394078611524, "thinking_text": null, "has_tool_call": false, "tool_call": null, "usage": {"prompt_tokens": 94, "completion_tokens": 10, "total_tokens": 104, "token_count_source": "tokenizer"}, "decoding": {"temperature": 0.2, "top_p": null, "top_k": null, "max_tokens": 256, "seed": 42}, "prompt_tokens": 94, "completion_tokens": 10, "total_tokens": 104, "token_count_source": "tokenizer", "diffusion_steps": null, "flops_estimate": null, "flops_arch": null, "flops_model_params": null, "flops_active_params": null, "tokens_non_final": 3, "tokens_reasoning": 0, "tokens_response": 3, "elapsed_seconds": 0.3238644599914551, "judgement": "Good approximation"}
{"id": "tips_000347", "topic": "tips", "subtopic": "tips_service", "prompt": "Bill is $22.85; service fee 3% and tip 15%. About how much do you pay in total?", "exact_value": 27.07, "model": "qwen/qwen2.5-3b-instruct", "provider": "transformers", "response": "Final answer: 26.09", "numeric_answer": 26.09, "relative_error": 0.036202438123383834, "thinking_text": null, "has_tool_call": false, "tool_call": null, "usage": {"prompt_tokens": 94, "completion_tokens": 10, "total_tokens": 104, "token_count_source": "tokenizer"}, "decoding": {"temperature": 0.2, "top_p": null, "top_k": null, "max_tokens": 256, "seed": 42}, "prompt_tokens": 94, "completion_tokens": 10, "total_tokens": 104, "token_count_source": "tokenizer", "diffusion_steps": null, "flops_estimate": null, "flops_arch": null, "flops_model_params": null, "flops_active_params": null, "tokens_non_final": 3, "tokens_reasoning": 0, "tokens_response": 3, "elapsed_seconds": 0.32470035552978516, "judgement": "Good approximation"}
{"id": "tips_000367", "topic": "tips", "subtopic": "tips_service", "prompt": "Bill is $82.68; service fee 0% and tip 15%. About how much do you pay in total?", "exact_value": 95.08, "model": "qwen/qwen2.5-3b-instruct", "provider": "transformers", "response": "Final answer: 89.34", "numeric_answer": 89.34, "relative_error": 0.060370214556163176, "thinking_text": null, "has_tool_call": false, "tool_call": null, "usage": {"prompt_tokens": 94, "completion_tokens": 10, "total_tokens": 104, "token_count_source": "tokenizer"}, "decoding": {"temperature": 0.2, "top_p": null, "top_k": null, "max_tokens": 256, "seed": 42}, "prompt_tokens": 94, "completion_tokens": 10, "total_tokens": 104, "token_count_source": "tokenizer", "diffusion_steps": null, "flops_estimate": null, "flops_arch": null, "flops_model_params": null, "flops_active_params": null, "tokens_non_final": 3, "tokens_reasoning": 0, "tokens_response": 3, "elapsed_seconds": 0.32375025749206543, "judgement": "Good approximation"}
{"id": "tips_000387", "topic": "tips", "subtopic": "tips_service", "prompt": "Bill is $87.76; service fee 3% and tip 22%. About how much do you pay in total?", "exact_value": 110.28, "model": "qwen/qwen2.5-3b-instruct", "provider": "transformers", "response": "Final answer: 91.04", "numeric_answer": 91.04, "relative_error": 0.1744649981864345, "thinking_text": null, "has_tool_call": false, "tool_call": null, "usage": {"prompt_tokens": 94, "completion_tokens": 10, "total_tokens": 104, "token_count_source": "tokenizer"}, "decoding": {"temperature": 0.2, "top_p": null, "top_k": null, "max_tokens": 256, "seed": 42}, "prompt_tokens": 94, "completion_tokens": 10, "total_tokens": 104, "token_count_source": "tokenizer", "diffusion_steps": null, "flops_estimate": null, "flops_arch": null, "flops_model_params": null, "flops_active_params": null, "tokens_non_final": 3, "tokens_reasoning": 0, "tokens_response": 3, "elapsed_seconds": 0.3236260414123535, "judgement": "Good approximation"}
{"id": "tips_000407", "topic": "tips", "subtopic": "tips_service", "prompt": "Bill is $81.00; service fee 3% and tip 20%. About how much do you pay in total?", "exact_value": 100.12, "model": "qwen/qwen2.5-3b-instruct", "provider": "transformers", "response": "Final answer: 85.19", "numeric_answer": 85.19, "relative_error": 0.1491210547343189, "thinking_text": null, "has_tool_call": false, "tool_call": null, "usage": {"prompt_tokens": 94, "completion_tokens": 10, "total_tokens": 104, "token_count_source": "tokenizer"}, "decoding": {"temperature": 0.2, "top_p": null, "top_k": null, "max_tokens": 256, "seed": 42}, "prompt_tokens": 94, "completion_tokens": 10, "total_tokens": 104, "token_count_source": "tokenizer", "diffusion_steps": null, "flops_estimate": null, "flops_arch": null, "flops_model_params": null, "flops_active_params": null, "tokens_non_final": 3, "tokens_reasoning": 0, "tokens_response": 3, "elapsed_seconds": 0.3249661922454834, "judgement": "Good approximation"}
{"id": "tips_000427", "topic": "tips", "subtopic": "tips_service", "prompt": "Bill is $99.26; service fee 0% and tip 22%. About how much do you pay in total?", "exact_value": 121.1, "model": "qwen/qwen2.5-3b-instruct", "provider": "transformers", "response": "Final answer: 103.25", "numeric_answer": 103.25, "relative_error": 0.1473988439306358, "thinking_text": null, "has_tool_call": false, "tool_call": null, "usage": {"prompt_tokens": 94, "completion_tokens": 11, "total_tokens": 105, "token_count_source": "tokenizer"}, "decoding": {"temperature": 0.2, "top_p": null, "top_k": null, "max_tokens": 256, "seed": 42}, "prompt_tokens": 94, "completion_tokens": 11, "total_tokens": 105, "token_count_source": "tokenizer", "diffusion_steps": null, "flops_estimate": null, "flops_arch": null, "flops_model_params": null, "flops_active_params": null, "tokens_non_final": 3, "tokens_reasoning": 0, "tokens_response": 3, "elapsed_seconds": 0.35663485527038574, "judgement": "Good approximation"}
{"id": "tips_000447", "topic": "tips", "subtopic": "tips_service", "prompt": "Bill is $13.43; service fee 3% and tip 18%. About how much do you pay in total?", "exact_value": 16.32, "model": "qwen/qwen2.5-3b-instruct", "provider": "transformers", "response": "Final answer: 15.26", "numeric_answer": 15.26, "relative_error": 0.0649509803921569, "thinking_text": null, "has_tool_call": false, "tool_call": null, "usage": {"prompt_tokens": 94, "completion_tokens": 10, "total_tokens": 104, "token_count_source": "tokenizer"}, "decoding": {"temperature": 0.2, "top_p": null, "top_k": null, "max_tokens": 256, "seed": 42}, "prompt_tokens": 94, "completion_tokens": 10, "total_tokens": 104, "token_count_source": "tokenizer", "diffusion_steps": null, "flops_estimate": null, "flops_arch": null, "flops_model_params": null, "flops_active_params": null, "tokens_non_final": 3, "tokens_reasoning": 0, "tokens_response": 3, "elapsed_seconds": 0.3249056339263916, "judgement": "Good approximation"}
{"id": "tips_000467", "topic": "tips", "subtopic": "tips_service", "prompt": "Bill is $47.68; service fee 5% and tip 22%. About how much do you pay in total?", "exact_value": 61.08, "model": "qwen/qwen2.5-3b-instruct", "provider": "transformers", "response": "Final answer: 51.09", "numeric_answer": 51.09, "relative_error": 0.16355599214145375, "thinking_text": null, "has_tool_call": false, "tool_call": null, "usage": {"prompt_tokens": 94, "completion_tokens": 10, "total_tokens": 104, "token_count_source": "tokenizer"}, "decoding": {"temperature": 0.2, "top_p": null, "top_k": null, "max_tokens": 256, "seed": 42}, "prompt_tokens": 94, "completion_tokens": 10, "total_tokens": 104, "token_count_source": "tokenizer", "diffusion_steps": null, "flops_estimate": null, "flops_arch": null, "flops_model_params": null, "flops_active_params": null, "tokens_non_final": 3, "tokens_reasoning": 0, "tokens_response": 3, "elapsed_seconds": 0.32379770278930664, "judgement": "Good approximation"}
{"id": "tips_000487", "topic": "tips", "subtopic": "tips_service", "prompt": "Bill is $84.77; service fee 0% and tip 22%. About how much do you pay in total?", "exact_value": 103.42, "model": "qwen/qwen2.5-3b-instruct", "provider": "transformers", "response": "Final answer: 91.35", "numeric_answer": 91.35, "relative_error": 0.11670856700831568, "thinking_text": null, "has_tool_call": false, "tool_call": null, "usage": {"prompt_tokens": 94, "completion_tokens": 10, "total_tokens": 104, "token_count_source": "tokenizer"}, "decoding": {"temperature": 0.2, "top_p": null, "top_k": null, "max_tokens": 256, "seed": 42}, "prompt_tokens": 94, "completion_tokens": 10, "total_tokens": 104, "token_count_source": "tokenizer", "diffusion_steps": null, "flops_estimate": null, "flops_arch": null, "flops_model_params": null, "flops_active_params": null, "tokens_non_final": 3, "tokens_reasoning": 0, "tokens_response": 3, "elapsed_seconds": 0.32481956481933594, "judgement": "Good approximation"}
{"id": "tips_000507", "topic": "tips", "subtopic": "tips_service", "prompt": "Bill is $71.65; service fee 5% and tip 22%. About how much do you pay in total?", "exact_value": 91.78, "model": "qwen/qwen2.5-3b-instruct", "provider": "transformers", "response": "Final answer: 80.49", "numeric_answer": 80.49, "relative_error": 0.1230115493571585, "thinking_text": null, "has_tool_call": false, "tool_call": null, "usage": {"prompt_tokens": 94, "completion_tokens": 10, "total_tokens": 104, "token_count_source": "tokenizer"}, "decoding": {"temperature": 0.2, "top_p": null, "top_k": null, "max_tokens": 256, "seed": 42}, "prompt_tokens": 94, "completion_tokens": 10, "total_tokens": 104, "token_count_source": "tokenizer", "diffusion_steps": null, "flops_estimate": null, "flops_arch": null, "flops_model_params": null, "flops_active_params": null, "tokens_non_final": 3, "tokens_reasoning": 0, "tokens_response": 3, "elapsed_seconds": 0.3254203796386719, "judgement": "Good approximation"}
{"id": "tips_000527", "topic": "tips", "subtopic": "tips_service", "prompt": "Bill is $84.44; service fee 5% and tip 18%. About how much do you pay in total?", "exact_value": 104.62, "model": "qwen/qwen2.5-3b-instruct", "provider": "transformers", "response": "Final answer: 93.26", "numeric_answer": 93.26, "relative_error": 0.1085834448480214, "thinking_text": null, "has_tool_call": false, "tool_call": null, "usage": {"prompt_tokens": 94, "completion_tokens": 10, "total_tokens": 104, "token_count_source": "tokenizer"}, "decoding": {"temperature": 0.2, "top_p": null, "top_k": null, "max_tokens": 256, "seed": 42}, "prompt_tokens": 94, "completion_tokens": 10, "total_tokens": 104, "token_count_source": "tokenizer", "diffusion_steps": null, "flops_estimate": null, "flops_arch": null, "flops_model_params": null, "flops_active_params": null, "tokens_non_final": 3, "tokens_reasoning": 0, "tokens_response": 3, "elapsed_seconds": 0.32523465156555176, "judgement": "Good approximation"}
{"id": "tips_000547", "topic": "tips", "subtopic": "tips_service", "prompt": "Bill is $32.84; service fee 0% and tip 18%. About how much do you pay in total?", "exact_value": 38.75, "model": "qwen/qwen2.5-3b-instruct", "provider": "transformers", "response": "Final answer: 36.53", "numeric_answer": 36.53, "relative_error": 0.057290322580645134, "thinking_text": null, "has_tool_call": false, "tool_call": null, "usage": {"prompt_tokens": 94, "completion_tokens": 10, "total_tokens": 104, "token_count_source": "tokenizer"}, "decoding": {"temperature": 0.2, "top_p": null, "top_k": null, "max_tokens": 256, "seed": 42}, "prompt_tokens": 94, "completion_tokens": 10, "total_tokens": 104, "token_count_source": "tokenizer", "diffusion_steps": null, "flops_estimate": null, "flops_arch": null, "flops_model_params": null, "flops_active_params": null, "tokens_non_final": 3, "tokens_reasoning": 0, "tokens_response": 3, "elapsed_seconds": 0.3249399662017822, "judgement": "Good approximation"}
{"id": "tips_000567", "topic": "tips", "subtopic": "tips_service", "prompt": "Bill is $102.88; service fee 3% and tip 20%. About how much do you pay in total?", "exact_value": 127.16, "model": "qwen/qwen2.5-3b-instruct", "provider": "transformers", "response": "Final answer: 105.94", "numeric_answer": 105.94, "relative_error": 0.16687637621893678, "thinking_text": null, "has_tool_call": false, "tool_call": null, "usage": {"prompt_tokens": 95, "completion_tokens": 11, "total_tokens": 106, "token_count_source": "tokenizer"}, "decoding": {"temperature": 0.2, "top_p": null, "top_k": null, "max_tokens": 256, "seed": 42}, "prompt_tokens": 95, "completion_tokens": 11, "total_tokens": 106, "token_count_source": "tokenizer", "diffusion_steps": null, "flops_estimate": null, "flops_arch": null, "flops_model_params": null, "flops_active_params": null, "tokens_non_final": 3, "tokens_reasoning": 0, "tokens_response": 3, "elapsed_seconds": 0.3570396900177002, "judgement": "Good approximation"}
{"id": "tips_000587", "topic": "tips", "subtopic": "tips_service", "prompt": "Bill is $100.09; service fee 0% and tip 18%. About how much do you pay in total?", "exact_value": 118.11, "model": "qwen/qwen2.5-3b-instruct", "provider": "transformers", "response": "Final answer: 103.94", "numeric_answer": 103.94, "relative_error": 0.1199729066124799, "thinking_text": null, "has_tool_call": false, "tool_call": null, "usage": {"prompt_tokens": 95, "completion_tokens": 11, "total_tokens": 106, "token_count_source": "tokenizer"}, "decoding": {"temperature": 0.2, "top_p": null, "top_k": null, "max_tokens": 256, "seed": 42}, "prompt_tokens": 95, "completion_tokens": 11, "total_tokens": 106, "token_count_source": "tokenizer", "diffusion_steps": null, "flops_estimate": null, "flops_arch": null, "flops_model_params": null, "flops_active_params": null, "tokens_non_final": 3, "tokens_reasoning": 0, "tokens_response": 3, "elapsed_seconds": 0.3565857410430908, "judgement": "Good approximation"}
{"id": "tips_000607", "topic": "tips", "subtopic": "tips_service", "prompt": "Bill is $35.03; service fee 0% and tip 18%. About how much do you pay in total?", "exact_value": 41.34, "model": "qwen/qwen2.5-3b-instruct", "provider": "transformers", "response": "Final answer: 37.03", "numeric_answer": 37.03, "relative_error": 0.10425737784228355, "thinking_text": null, "has_tool_call": false, "tool_call": null, "usage": {"prompt_tokens": 94, "completion_tokens": 10, "total_tokens": 104, "token_count_source": "tokenizer"}, "decoding": {"temperature": 0.2, "top_p": null, "top_k": null, "max_tokens": 256, "seed": 42}, "prompt_tokens": 94, "completion_tokens": 10, "total_tokens": 104, "token_count_source": "tokenizer", "diffusion_steps": null, "flops_estimate": null, "flops_arch": null, "flops_model_params": null, "flops_active_params": null, "tokens_non_final": 3, "tokens_reasoning": 0, "tokens_response": 3, "elapsed_seconds": 0.32486724853515625, "judgement": "Good approximation"}
{"id": "tips_000627", "topic": "tips", "subtopic": "tips_service", "prompt": "Bill is $17.92; service fee 0% and tip 20%. About how much do you pay in total?", "exact_value": 21.5, "model": "qwen/qwen2.5-3b-instruct", "provider": "transformers", "response": "Final answer: 18.91", "numeric_answer": 18.91, "relative_error": 0.12046511627906976, "thinking_text": null, "has_tool_call": false, "tool_call": null, "usage": {"prompt_tokens": 94, "completion_tokens": 10, "total_tokens": 104, "token_count_source": "tokenizer"}, "decoding": {"temperature": 0.2, "top_p": null, "top_k": null, "max_tokens": 256, "seed": 42}, "prompt_tokens": 94, "completion_tokens": 10, "total_tokens": 104, "token_count_source": "tokenizer", "diffusion_steps": null, "flops_estimate": null, "flops_arch": null, "flops_model_params": null, "flops_active_params": null, "tokens_non_final": 3, "tokens_reasoning": 0, "tokens_response": 3, "elapsed_seconds": 0.3370089530944824, "judgement": "Good approximation"}
{"id": "tips_000647", "topic": "tips", "subtopic": "tips_service", "prompt": "Bill is $72.20; service fee 0% and tip 18%. About how much do you pay in total?", "exact_value": 85.2, "model": "qwen/qwen2.5-3b-instruct", "provider": "transformers", "response": "Final answer: 79.06", "numeric_answer": 79.06, "relative_error": 0.07206572769953053, "thinking_text": null, "has_tool_call": false, "tool_call": null, "usage": {"prompt_tokens": 94, "completion_tokens": 10, "total_tokens": 104, "token_count_source": "tokenizer"}, "decoding": {"temperature": 0.2, "top_p": null, "top_k": null, "max_tokens": 256, "seed": 42}, "prompt_tokens": 94, "completion_tokens": 10, "total_tokens": 104, "token_count_source": "tokenizer", "diffusion_steps": null, "flops_estimate": null, "flops_arch": null, "flops_model_params": null, "flops_active_params": null, "tokens_non_final": 3, "tokens_reasoning": 0, "tokens_response": 3, "elapsed_seconds": 0.3544290065765381, "judgement": "Good approximation"}
{"id": "tips_000667", "topic": "tips", "subtopic": "tips_service", "prompt": "Bill is $28.54; service fee 5% and tip 15%. About how much do you pay in total?", "exact_value": 34.46, "model": "qwen/qwen2.5-3b-instruct", "provider": "transformers", "response": "Final answer: 30.69", "numeric_answer": 30.69, "relative_error": 0.10940220545560068, "thinking_text": null, "has_tool_call": false, "tool_call": null, "usage": {"prompt_tokens": 94, "completion_tokens": 10, "total_tokens": 104, "token_count_source": "tokenizer"}, "decoding": {"temperature": 0.2, "top_p": null, "top_k": null, "max_tokens": 256, "seed": 42}, "prompt_tokens": 94, "completion_tokens": 10, "total_tokens": 104, "token_count_source": "tokenizer", "diffusion_steps": null, "flops_estimate": null, "flops_arch": null, "flops_model_params": null, "flops_active_params": null, "tokens_non_final": 3, "tokens_reasoning": 0, "tokens_response": 3, "elapsed_seconds": 0.3544502258300781, "judgement": "Good approximation"}
{"id": "tips_000687", "topic": "tips", "subtopic": "tips_service", "prompt": "Bill is $24.54; service fee 0% and tip 20%. About how much do you pay in total?", "exact_value": 29.45, "model": "qwen/qwen2.5-3b-instruct", "provider": "transformers", "response": "Final answer: 28.54", "numeric_answer": 28.54, "relative_error": 0.03089983022071308, "thinking_text": null, "has_tool_call": false, "tool_call": null, "usage": {"prompt_tokens": 94, "completion_tokens": 10, "total_tokens": 104, "token_count_source": "tokenizer"}, "decoding": {"temperature": 0.2, "top_p": null, "top_k": null, "max_tokens": 256, "seed": 42}, "prompt_tokens": 94, "completion_tokens": 10, "total_tokens": 104, "token_count_source": "tokenizer", "diffusion_steps": null, "flops_estimate": null, "flops_arch": null, "flops_model_params": null, "flops_active_params": null, "tokens_non_final": 3, "tokens_reasoning": 0, "tokens_response": 3, "elapsed_seconds": 0.3477797508239746, "judgement": "Good approximation"}
{"id": "tips_000707", "topic": "tips", "subtopic": "tips_service", "prompt": "Bill is $115.78; service fee 0% and tip 15%. About how much do you pay in total?", "exact_value": 133.15, "model": "qwen/qwen2.5-3b-instruct", "provider": "transformers", "response": "Final answer: 14.37", "numeric_answer": 14.37, "relative_error": 0.8920766053323319, "thinking_text": null, "has_tool_call": false, "tool_call": null, "usage": {"prompt_tokens": 95, "completion_tokens": 10, "total_tokens": 105, "token_count_source": "tokenizer"}, "decoding": {"temperature": 0.2, "top_p": null, "top_k": null, "max_tokens": 256, "seed": 42}, "prompt_tokens": 95, "completion_tokens": 10, "total_tokens": 105, "token_count_source": "tokenizer", "diffusion_steps": null, "flops_estimate": null, "flops_arch": null, "flops_model_params": null, "flops_active_params": null, "tokens_non_final": 3, "tokens_reasoning": 0, "tokens_response": 3, "elapsed_seconds": 0.3530418872833252, "judgement": "Way off"}
{"id": "tips_000727", "topic": "tips", "subtopic": "tips_service", "prompt": "Bill is $100.10; service fee 0% and tip 18%. About how much do you pay in total?", "exact_value": 118.12, "model": "qwen/qwen2.5-3b-instruct", "provider": "transformers", "response": "Final answer: 103.09", "numeric_answer": 103.09, "relative_error": 0.12724348120555368, "thinking_text": null, "has_tool_call": false, "tool_call": null, "usage": {"prompt_tokens": 95, "completion_tokens": 11, "total_tokens": 106, "token_count_source": "tokenizer"}, "decoding": {"temperature": 0.2, "top_p": null, "top_k": null, "max_tokens": 256, "seed": 42}, "prompt_tokens": 95, "completion_tokens": 11, "total_tokens": 106, "token_count_source": "tokenizer", "diffusion_steps": null, "flops_estimate": null, "flops_arch": null, "flops_model_params": null, "flops_active_params": null, "tokens_non_final": 3, "tokens_reasoning": 0, "tokens_response": 3, "elapsed_seconds": 0.3850092887878418, "judgement": "Good approximation"}
{"id": "tips_000747", "topic": "tips", "subtopic": "tips_service", "prompt": "Bill is $119.18; service fee 0% and tip 15%. About how much do you pay in total?", "exact_value": 137.06, "model": "qwen/qwen2.5-3b-instruct", "provider": "transformers", "response": "Final answer: 13.46", "numeric_answer": 13.46, "relative_error": 0.901794834379104, "thinking_text": null, "has_tool_call": false, "tool_call": null, "usage": {"prompt_tokens": 95, "completion_tokens": 10, "total_tokens": 105, "token_count_source": "tokenizer"}, "decoding": {"temperature": 0.2, "top_p": null, "top_k": null, "max_tokens": 256, "seed": 42}, "prompt_tokens": 95, "completion_tokens": 10, "total_tokens": 105, "token_count_source": "tokenizer", "diffusion_steps": null, "flops_estimate": null, "flops_arch": null, "flops_model_params": null, "flops_active_params": null, "tokens_non_final": 3, "tokens_reasoning": 0, "tokens_response": 3, "elapsed_seconds": 0.3260352611541748, "judgement": "Way off"}
{"id": "tips_000767", "topic": "tips", "subtopic": "tips_service", "prompt": "Bill is $12.91; service fee 3% and tip 18%. About how much do you pay in total?", "exact_value": 15.69, "model": "qwen/qwen2.5-3b-instruct", "provider": "transformers", "response": "Final answer: 15.06", "numeric_answer": 15.06, "relative_error": 0.04015296367112804, "thinking_text": null, "has_tool_call": false, "tool_call": null, "usage": {"prompt_tokens": 94, "completion_tokens": 10, "total_tokens": 104, "token_count_source": "tokenizer"}, "decoding": {"temperature": 0.2, "top_p": null, "top_k": null, "max_tokens": 256, "seed": 42}, "prompt_tokens": 94, "completion_tokens": 10, "total_tokens": 104, "token_count_source": "tokenizer", "diffusion_steps": null, "flops_estimate": null, "flops_arch": null, "flops_model_params": null, "flops_active_params": null, "tokens_non_final": 3, "tokens_reasoning": 0, "tokens_response": 3, "elapsed_seconds": 0.3261563777923584, "judgement": "Good approximation"}
{"id": "tips_000787", "topic": "tips", "subtopic": "tips_service", "prompt": "Bill is $77.28; service fee 5% and tip 22%. About how much do you pay in total?", "exact_value": 99.0, "model": "qwen/qwen2.5-3b-instruct", "provider": "transformers", "response": "Final answer: 103.46", "numeric_answer": 103.46, "relative_error": 0.04505050505050499, "thinking_text": null, "has_tool_call": false, "tool_call": null, "usage": {"prompt_tokens": 94, "completion_tokens": 11, "total_tokens": 105, "token_count_source": "tokenizer"}, "decoding": {"temperature": 0.2, "top_p": null, "top_k": null, "max_tokens": 256, "seed": 42}, "prompt_tokens": 94, "completion_tokens": 11, "total_tokens": 105, "token_count_source": "tokenizer", "diffusion_steps": null, "flops_estimate": null, "flops_arch": null, "flops_model_params": null, "flops_active_params": null, "tokens_non_final": 3, "tokens_reasoning": 0, "tokens_response": 3, "elapsed_seconds": 0.38519978523254395, "judgement": "Good approximation"}
{"id": "tips_000807", "topic": "tips", "subtopic": "tips_service", "prompt": "Bill is $114.97; service fee 3% and tip 20%. About how much do you pay in total?", "exact_value": 142.1, "model": "qwen/qwen2.5-3b-instruct", "provider": "transformers", "response": "Final answer: 158.66", "numeric_answer": 158.66, "relative_error": 0.11653764954257567, "thinking_text": null, "has_tool_call": false, "tool_call": null, "usage": {"prompt_tokens": 95, "completion_tokens": 11, "total_tokens": 106, "token_count_source": "tokenizer"}, "decoding": {"temperature": 0.2, "top_p": null, "top_k": null, "max_tokens": 256, "seed": 42}, "prompt_tokens": 95, "completion_tokens": 11, "total_tokens": 106, "token_count_source": "tokenizer", "diffusion_steps": null, "flops_estimate": null, "flops_arch": null, "flops_model_params": null, "flops_active_params": null, "tokens_non_final": 3, "tokens_reasoning": 0, "tokens_response": 3, "elapsed_seconds": 0.3862946033477783, "judgement": "Good approximation"}
{"id": "tips_000827", "topic": "tips", "subtopic": "tips_service", "prompt": "Bill is $39.73; service fee 5% and tip 22%. About how much do you pay in total?", "exact_value": 50.89, "model": "qwen/qwen2.5-3b-instruct", "provider": "transformers", "response": "Final answer: 41.68", "numeric_answer": 41.68, "relative_error": 0.18097858125368443, "thinking_text": null, "has_tool_call": false, "tool_call": null, "usage": {"prompt_tokens": 94, "completion_tokens": 10, "total_tokens": 104, "token_count_source": "tokenizer"}, "decoding": {"temperature": 0.2, "top_p": null, "top_k": null, "max_tokens": 256, "seed": 42}, "prompt_tokens": 94, "completion_tokens": 10, "total_tokens": 104, "token_count_source": "tokenizer", "diffusion_steps": null, "flops_estimate": null, "flops_arch": null, "flops_model_params": null, "flops_active_params": null, "tokens_non_final": 3, "tokens_reasoning": 0, "tokens_response": 3, "elapsed_seconds": 0.3554999828338623, "judgement": "Good approximation"}
{"id": "tips_000847", "topic": "tips", "subtopic": "tips_service", "prompt": "Bill is $108.02; service fee 3% and tip 20%. About how much do you pay in total?", "exact_value": 133.51, "model": "qwen/qwen2.5-3b-instruct", "provider": "transformers", "response": "Final answer: 114.69", "numeric_answer": 114.69, "relative_error": 0.14096322372855963, "thinking_text": null, "has_tool_call": false, "tool_call": null, "usage": {"prompt_tokens": 95, "completion_tokens": 11, "total_tokens": 106, "token_count_source": "tokenizer"}, "decoding": {"temperature": 0.2, "top_p": null, "top_k": null, "max_tokens": 256, "seed": 42}, "prompt_tokens": 95, "completion_tokens": 11, "total_tokens": 106, "token_count_source": "tokenizer", "diffusion_steps": null, "flops_estimate": null, "flops_arch": null, "flops_model_params": null, "flops_active_params": null, "tokens_non_final": 3, "tokens_reasoning": 0, "tokens_response": 3, "elapsed_seconds": 0.3866245746612549, "judgement": "Good approximation"}
{"id": "tips_000867", "topic": "tips", "subtopic": "tips_service", "prompt": "Bill is $93.22; service fee 3% and tip 22%. About how much do you pay in total?", "exact_value": 117.14, "model": "qwen/qwen2.5-3b-instruct", "provider": "transformers", "response": "Final answer: 96.18", "numeric_answer": 96.18, "relative_error": 0.17893119344374248, "thinking_text": null, "has_tool_call": false, "tool_call": null, "usage": {"prompt_tokens": 94, "completion_tokens": 10, "total_tokens": 104, "token_count_source": "tokenizer"}, "decoding": {"temperature": 0.2, "top_p": null, "top_k": null, "max_tokens": 256, "seed": 42}, "prompt_tokens": 94, "completion_tokens": 10, "total_tokens": 104, "token_count_source": "tokenizer", "diffusion_steps": null, "flops_estimate": null, "flops_arch": null, "flops_model_params": null, "flops_active_params": null, "tokens_non_final": 3, "tokens_reasoning": 0, "tokens_response": 3, "elapsed_seconds": 0.35152435302734375, "judgement": "Good approximation"}
{"id": "tips_000887", "topic": "tips", "subtopic": "tips_service", "prompt": "Bill is $41.32; service fee 0% and tip 18%. About how much do you pay in total?", "exact_value": 48.76, "model": "qwen/qwen2.5-3b-instruct", "provider": "transformers", "response": "Final answer: 45.32", "numeric_answer": 45.32, "relative_error": 0.07054963084495483, "thinking_text": null, "has_tool_call": false, "tool_call": null, "usage": {"prompt_tokens": 94, "completion_tokens": 10, "total_tokens": 104, "token_count_source": "tokenizer"}, "decoding": {"temperature": 0.2, "top_p": null, "top_k": null, "max_tokens": 256, "seed": 42}, "prompt_tokens": 94, "completion_tokens": 10, "total_tokens": 104, "token_count_source": "tokenizer", "diffusion_steps": null, "flops_estimate": null, "flops_arch": null, "flops_model_params": null, "flops_active_params": null, "tokens_non_final": 3, "tokens_reasoning": 0, "tokens_response": 3, "elapsed_seconds": 0.3523716926574707, "judgement": "Good approximation"}
{"id": "tips_000907", "topic": "tips", "subtopic": "tips_service", "prompt": "Bill is $65.03; service fee 3% and tip 22%. About how much do you pay in total?", "exact_value": 81.72, "model": "qwen/qwen2.5-3b-instruct", "provider": "transformers", "response": "Final answer: 69.18", "numeric_answer": 69.18, "relative_error": 0.15345080763582958, "thinking_text": null, "has_tool_call": false, "tool_call": null, "usage": {"prompt_tokens": 94, "completion_tokens": 10, "total_tokens": 104, "token_count_source": "tokenizer"}, "decoding": {"temperature": 0.2, "top_p": null, "top_k": null, "max_tokens": 256, "seed": 42}, "prompt_tokens": 94, "completion_tokens": 10, "total_tokens": 104, "token_count_source": "tokenizer", "diffusion_steps": null, "flops_estimate": null, "flops_arch": null, "flops_model_params": null, "flops_active_params": null, "tokens_non_final": 3, "tokens_reasoning": 0, "tokens_response": 3, "elapsed_seconds": 0.3555870056152344, "judgement": "Good approximation"}
{"id": "tips_000927", "topic": "tips", "subtopic": "tips_service", "prompt": "Bill is $78.22; service fee 5% and tip 15%. About how much do you pay in total?", "exact_value": 94.45, "model": "qwen/qwen2.5-3b-instruct", "provider": "transformers", "response": "Final answer: 83.46", "numeric_answer": 83.46, "relative_error": 0.11635786130227643, "thinking_text": null, "has_tool_call": false, "tool_call": null, "usage": {"prompt_tokens": 94, "completion_tokens": 10, "total_tokens": 104, "token_count_source": "tokenizer"}, "decoding": {"temperature": 0.2, "top_p": null, "top_k": null, "max_tokens": 256, "seed": 42}, "prompt_tokens": 94, "completion_tokens": 10, "total_tokens": 104, "token_count_source": "tokenizer", "diffusion_steps": null, "flops_estimate": null, "flops_arch": null, "flops_model_params": null, "flops_active_params": null, "tokens_non_final": 3, "tokens_reasoning": 0, "tokens_response": 3, "elapsed_seconds": 0.34879159927368164, "judgement": "Good approximation"}
{"id": "tips_000947", "topic": "tips", "subtopic": "tips_service", "prompt": "Bill is $97.36; service fee 3% and tip 15%. About how much do you pay in total?", "exact_value": 115.32, "model": "qwen/qwen2.5-3b-instruct", "provider": "transformers", "response": "Final answer: 101.84", "numeric_answer": 101.84, "relative_error": 0.11689212625737071, "thinking_text": null, "has_tool_call": false, "tool_call": null, "usage": {"prompt_tokens": 94, "completion_tokens": 11, "total_tokens": 105, "token_count_source": "tokenizer"}, "decoding": {"temperature": 0.2, "top_p": null, "top_k": null, "max_tokens": 256, "seed": 42}, "prompt_tokens": 94, "completion_tokens": 11, "total_tokens": 105, "token_count_source": "tokenizer", "diffusion_steps": null, "flops_estimate": null, "flops_arch": null, "flops_model_params": null, "flops_active_params": null, "tokens_non_final": 3, "tokens_reasoning": 0, "tokens_response": 3, "elapsed_seconds": 0.34930896759033203, "judgement": "Good approximation"}
{"id": "tips_000967", "topic": "tips", "subtopic": "tips_service", "prompt": "Bill is $13.97; service fee 3% and tip 15%. About how much do you pay in total?", "exact_value": 16.55, "model": "qwen/qwen2.5-3b-instruct", "provider": "transformers", "response": "Final answer: 16.82", "numeric_answer": 16.82, "relative_error": 0.016314199395770366, "thinking_text": null, "has_tool_call": false, "tool_call": null, "usage": {"prompt_tokens": 94, "completion_tokens": 10, "total_tokens": 104, "token_count_source": "tokenizer"}, "decoding": {"temperature": 0.2, "top_p": null, "top_k": null, "max_tokens": 256, "seed": 42}, "prompt_tokens": 94, "completion_tokens": 10, "total_tokens": 104, "token_count_source": "tokenizer", "diffusion_steps": null, "flops_estimate": null, "flops_arch": null, "flops_model_params": null, "flops_active_params": null, "tokens_non_final": 3, "tokens_reasoning": 0, "tokens_response": 3, "elapsed_seconds": 0.34719061851501465, "judgement": "Good approximation"}
{"id": "tips_000987", "topic": "tips", "subtopic": "tips_service", "prompt": "Bill is $60.94; service fee 5% and tip 18%. About how much do you pay in total?", "exact_value": 75.5, "model": "qwen/qwen2.5-3b-instruct", "provider": "transformers", "response": "Final answer: 70.32", "numeric_answer": 70.32, "relative_error": 0.0686092715231789, "thinking_text": null, "has_tool_call": false, "tool_call": null, "usage": {"prompt_tokens": 94, "completion_tokens": 10, "total_tokens": 104, "token_count_source": "tokenizer"}, "decoding": {"temperature": 0.2, "top_p": null, "top_k": null, "max_tokens": 256, "seed": 42}, "prompt_tokens": 94, "completion_tokens": 10, "total_tokens": 104, "token_count_source": "tokenizer", "diffusion_steps": null, "flops_estimate": null, "flops_arch": null, "flops_model_params": null, "flops_active_params": null, "tokens_non_final": 3, "tokens_reasoning": 0, "tokens_response": 3, "elapsed_seconds": 0.35021185874938965, "judgement": "Good approximation"}
{"id": "tips_001007", "topic": "tips", "subtopic": "tips_service", "prompt": "Bill is $101.70; service fee 3% and tip 18%. About how much do you pay in total?", "exact_value": 123.61, "model": "qwen/qwen2.5-3b-instruct", "provider": "transformers", "response": "Final answer: 105.42", "numeric_answer": 105.42, "relative_error": 0.1471563789337432, "thinking_text": null, "has_tool_call": false, "tool_call": null, "usage": {"prompt_tokens": 95, "completion_tokens": 11, "total_tokens": 106, "token_count_source": "tokenizer"}, "decoding": {"temperature": 0.2, "top_p": null, "top_k": null, "max_tokens": 256, "seed": 42}, "prompt_tokens": 95, "completion_tokens": 11, "total_tokens": 106, "token_count_source": "tokenizer", "diffusion_steps": null, "flops_estimate": null, "flops_arch": null, "flops_model_params": null, "flops_active_params": null, "tokens_non_final": 3, "tokens_reasoning": 0, "tokens_response": 3, "elapsed_seconds": 0.37633824348449707, "judgement": "Good approximation"}
{"id": "tips_001027", "topic": "tips", "subtopic": "tips_service", "prompt": "Bill is $71.23; service fee 0% and tip 20%. About how much do you pay in total?", "exact_value": 85.48, "model": "qwen/qwen2.5-3b-instruct", "provider": "transformers", "response": "Final answer: 75.23", "numeric_answer": 75.23, "relative_error": 0.11991109031352362, "thinking_text": null, "has_tool_call": false, "tool_call": null, "usage": {"prompt_tokens": 94, "completion_tokens": 10, "total_tokens": 104, "token_count_source": "tokenizer"}, "decoding": {"temperature": 0.2, "top_p": null, "top_k": null, "max_tokens": 256, "seed": 42}, "prompt_tokens": 94, "completion_tokens": 10, "total_tokens": 104, "token_count_source": "tokenizer", "diffusion_steps": null, "flops_estimate": null, "flops_arch": null, "flops_model_params": null, "flops_active_params": null, "tokens_non_final": 3, "tokens_reasoning": 0, "tokens_response": 3, "elapsed_seconds": 0.34436917304992676, "judgement": "Good approximation"}
{"id": "tips_001047", "topic": "tips", "subtopic": "tips_service", "prompt": "Bill is $56.40; service fee 5% and tip 15%. About how much do you pay in total?", "exact_value": 68.1, "model": "qwen/qwen2.5-3b-instruct", "provider": "transformers", "response": "Final answer: 62.98", "numeric_answer": 62.98, "relative_error": 0.07518355359765048, "thinking_text": null, "has_tool_call": false, "tool_call": null, "usage": {"prompt_tokens": 94, "completion_tokens": 10, "total_tokens": 104, "token_count_source": "tokenizer"}, "decoding": {"temperature": 0.2, "top_p": null, "top_k": null, "max_tokens": 256, "seed": 42}, "prompt_tokens": 94, "completion_tokens": 10, "total_tokens": 104, "token_count_source": "tokenizer", "diffusion_steps": null, "flops_estimate": null, "flops_arch": null, "flops_model_params": null, "flops_active_params": null, "tokens_non_final": 3, "tokens_reasoning": 0, "tokens_response": 3, "elapsed_seconds": 0.34753894805908203, "judgement": "Good approximation"}
{"id": "tips_001067", "topic": "tips", "subtopic": "tips_service", "prompt": "Bill is $110.45; service fee 5% and tip 20%. About how much do you pay in total?", "exact_value": 139.17, "model": "qwen/qwen2.5-3b-instruct", "provider": "transformers", "response": "Final answer: 13.29", "numeric_answer": 13.29, "relative_error": 0.9045052813106274, "thinking_text": null, "has_tool_call": false, "tool_call": null, "usage": {"prompt_tokens": 95, "completion_tokens": 10, "total_tokens": 105, "token_count_source": "tokenizer"}, "decoding": {"temperature": 0.2, "top_p": null, "top_k": null, "max_tokens": 256, "seed": 42}, "prompt_tokens": 95, "completion_tokens": 10, "total_tokens": 105, "token_count_source": "tokenizer", "diffusion_steps": null, "flops_estimate": null, "flops_arch": null, "flops_model_params": null, "flops_active_params": null, "tokens_non_final": 3, "tokens_reasoning": 0, "tokens_response": 3, "elapsed_seconds": 0.3463778495788574, "judgement": "Way off"}
{"id": "tips_001087", "topic": "tips", "subtopic": "tips_service", "prompt": "Bill is $32.83; service fee 0% and tip 15%. About how much do you pay in total?", "exact_value": 37.75, "model": "qwen/qwen2.5-3b-instruct", "provider": "transformers", "response": "Final answer: 34.83", "numeric_answer": 34.83, "relative_error": 0.0773509933774835, "thinking_text": null, "has_tool_call": false, "tool_call": null, "usage": {"prompt_tokens": 94, "completion_tokens": 10, "total_tokens": 104, "token_count_source": "tokenizer"}, "decoding": {"temperature": 0.2, "top_p": null, "top_k": null, "max_tokens": 256, "seed": 42}, "prompt_tokens": 94, "completion_tokens": 10, "total_tokens": 104, "token_count_source": "tokenizer", "diffusion_steps": null, "flops_estimate": null, "flops_arch": null, "flops_model_params": null, "flops_active_params": null, "tokens_non_final": 3, "tokens_reasoning": 0, "tokens_response": 3, "elapsed_seconds": 0.34842491149902344, "judgement": "Good approximation"}
{"id": "tips_001107", "topic": "tips", "subtopic": "tips_service", "prompt": "Bill is $52.28; service fee 3% and tip 15%. About how much do you pay in total?", "exact_value": 61.93, "model": "qwen/qwen2.5-3b-instruct", "provider": "transformers", "response": "Final answer: 57.69", "numeric_answer": 57.69, "relative_error": 0.06846439528499923, "thinking_text": null, "has_tool_call": false, "tool_call": null, "usage": {"prompt_tokens": 94, "completion_tokens": 10, "total_tokens": 104, "token_count_source": "tokenizer"}, "decoding": {"temperature": 0.2, "top_p": null, "top_k": null, "max_tokens": 256, "seed": 42}, "prompt_tokens": 94, "completion_tokens": 10, "total_tokens": 104, "token_count_source": "tokenizer", "diffusion_steps": null, "flops_estimate": null, "flops_arch": null, "flops_model_params": null, "flops_active_params": null, "tokens_non_final": 3, "tokens_reasoning": 0, "tokens_response": 3, "elapsed_seconds": 0.35063648223876953, "judgement": "Good approximation"}
{"id": "tips_001127", "topic": "tips", "subtopic": "tips_service", "prompt": "Bill is $24.64; service fee 0% and tip 20%. About how much do you pay in total?", "exact_value": 29.57, "model": "qwen/qwen2.5-3b-instruct", "provider": "transformers", "response": "Final answer: 28.64", "numeric_answer": 28.64, "relative_error": 0.03145079472438281, "thinking_text": null, "has_tool_call": false, "tool_call": null, "usage": {"prompt_tokens": 94, "completion_tokens": 10, "total_tokens": 104, "token_count_source": "tokenizer"}, "decoding": {"temperature": 0.2, "top_p": null, "top_k": null, "max_tokens": 256, "seed": 42}, "prompt_tokens": 94, "completion_tokens": 10, "total_tokens": 104, "token_count_source": "tokenizer", "diffusion_steps": null, "flops_estimate": null, "flops_arch": null, "flops_model_params": null, "flops_active_params": null, "tokens_non_final": 3, "tokens_reasoning": 0, "tokens_response": 3, "elapsed_seconds": 0.34958577156066895, "judgement": "Good approximation"}
{"id": "tips_001147", "topic": "tips", "subtopic": "tips_service", "prompt": "Bill is $56.58; service fee 0% and tip 22%. About how much do you pay in total?", "exact_value": 69.03, "model": "qwen/qwen2.5-3b-instruct", "provider": "transformers", "response": "Final answer: 71.38", "numeric_answer": 71.38, "relative_error": 0.03404316963638989, "thinking_text": null, "has_tool_call": false, "tool_call": null, "usage": {"prompt_tokens": 94, "completion_tokens": 10, "total_tokens": 104, "token_count_source": "tokenizer"}, "decoding": {"temperature": 0.2, "top_p": null, "top_k": null, "max_tokens": 256, "seed": 42}, "prompt_tokens": 94, "completion_tokens": 10, "total_tokens": 104, "token_count_source": "tokenizer", "diffusion_steps": null, "flops_estimate": null, "flops_arch": null, "flops_model_params": null, "flops_active_params": null, "tokens_non_final": 3, "tokens_reasoning": 0, "tokens_response": 3, "elapsed_seconds": 0.3271012306213379, "judgement": "Good approximation"}
{"id": "tips_001167", "topic": "tips", "subtopic": "tips_service", "prompt": "Bill is $37.99; service fee 5% and tip 18%. About how much do you pay in total?", "exact_value": 47.07, "model": "qwen/qwen2.5-3b-instruct", "provider": "transformers", "response": "Final answer: 46.92", "numeric_answer": 46.92, "relative_error": 0.0031867431485022007, "thinking_text": null, "has_tool_call": false, "tool_call": null, "usage": {"prompt_tokens": 94, "completion_tokens": 10, "total_tokens": 104, "token_count_source": "tokenizer"}, "decoding": {"temperature": 0.2, "top_p": null, "top_k": null, "max_tokens": 256, "seed": 42}, "prompt_tokens": 94, "completion_tokens": 10, "total_tokens": 104, "token_count_source": "tokenizer", "diffusion_steps": null, "flops_estimate": null, "flops_arch": null, "flops_model_params": null, "flops_active_params": null, "tokens_non_final": 3, "tokens_reasoning": 0, "tokens_response": 3, "elapsed_seconds": 0.3566315174102783, "judgement": "Good approximation"}
{"id": "tips_001187", "topic": "tips", "subtopic": "tips_service", "prompt": "Bill is $68.55; service fee 0% and tip 22%. About how much do you pay in total?", "exact_value": 83.63, "model": "qwen/qwen2.5-3b-instruct", "provider": "transformers", "response": "Final answer: 71.3", "numeric_answer": 71.3, "relative_error": 0.1474351309338754, "thinking_text": null, "has_tool_call": false, "tool_call": null, "usage": {"prompt_tokens": 94, "completion_tokens": 9, "total_tokens": 103, "token_count_source": "tokenizer"}, "decoding": {"temperature": 0.2, "top_p": null, "top_k": null, "max_tokens": 256, "seed": 42}, "prompt_tokens": 94, "completion_tokens": 9, "total_tokens": 103, "token_count_source": "tokenizer", "diffusion_steps": null, "flops_estimate": null, "flops_arch": null, "flops_model_params": null, "flops_active_params": null, "tokens_non_final": 3, "tokens_reasoning": 0, "tokens_response": 3, "elapsed_seconds": 0.2916717529296875, "judgement": "Good approximation"}
{"id": "tips_001207", "topic": "tips", "subtopic": "tips_service", "prompt": "Bill is $73.94; service fee 5% and tip 20%. About how much do you pay in total?", "exact_value": 93.16, "model": "qwen/qwen2.5-3b-instruct", "provider": "transformers", "response": "Final answer: 81.96", "numeric_answer": 81.96, "relative_error": 0.12022327179046804, "thinking_text": null, "has_tool_call": false, "tool_call": null, "usage": {"prompt_tokens": 94, "completion_tokens": 10, "total_tokens": 104, "token_count_source": "tokenizer"}, "decoding": {"temperature": 0.2, "top_p": null, "top_k": null, "max_tokens": 256, "seed": 42}, "prompt_tokens": 94, "completion_tokens": 10, "total_tokens": 104, "token_count_source": "tokenizer", "diffusion_steps": null, "flops_estimate": null, "flops_arch": null, "flops_model_params": null, "flops_active_params": null, "tokens_non_final": 3, "tokens_reasoning": 0, "tokens_response": 3, "elapsed_seconds": 0.3442676067352295, "judgement": "Good approximation"}
{"id": "tips_001227", "topic": "tips", "subtopic": "tips_service", "prompt": "Bill is $89.16; service fee 0% and tip 20%. About how much do you pay in total?", "exact_value": 106.99, "model": "qwen/qwen2.5-3b-instruct", "provider": "transformers", "response": "Final answer: 93.13", "numeric_answer": 93.13, "relative_error": 0.1295448172726423, "thinking_text": null, "has_tool_call": false, "tool_call": null, "usage": {"prompt_tokens": 94, "completion_tokens": 10, "total_tokens": 104, "token_count_source": "tokenizer"}, "decoding": {"temperature": 0.2, "top_p": null, "top_k": null, "max_tokens": 256, "seed": 42}, "prompt_tokens": 94, "completion_tokens": 10, "total_tokens": 104, "token_count_source": "tokenizer", "diffusion_steps": null, "flops_estimate": null, "flops_arch": null, "flops_model_params": null, "flops_active_params": null, "tokens_non_final": 3, "tokens_reasoning": 0, "tokens_response": 3, "elapsed_seconds": 0.31839966773986816, "judgement": "Good approximation"}
{"id": "tips_001247", "topic": "tips", "subtopic": "tips_service", "prompt": "Bill is $77.57; service fee 0% and tip 22%. About how much do you pay in total?", "exact_value": 94.64, "model": "qwen/qwen2.5-3b-instruct", "provider": "transformers", "response": "Final answer: 89.7", "numeric_answer": 89.7, "relative_error": 0.05219780219780217, "thinking_text": null, "has_tool_call": false, "tool_call": null, "usage": {"prompt_tokens": 94, "completion_tokens": 9, "total_tokens": 103, "token_count_source": "tokenizer"}, "decoding": {"temperature": 0.2, "top_p": null, "top_k": null, "max_tokens": 256, "seed": 42}, "prompt_tokens": 94, "completion_tokens": 9, "total_tokens": 103, "token_count_source": "tokenizer", "diffusion_steps": null, "flops_estimate": null, "flops_arch": null, "flops_model_params": null, "flops_active_params": null, "tokens_non_final": 3, "tokens_reasoning": 0, "tokens_response": 3, "elapsed_seconds": 0.30902600288391113, "judgement": "Good approximation"}
{"id": "tips_001267", "topic": "tips", "subtopic": "tips_service", "prompt": "Bill is $17.65; service fee 0% and tip 15%. About how much do you pay in total?", "exact_value": 20.3, "model": "qwen/qwen2.5-3b-instruct", "provider": "transformers", "response": "Final answer: 19.32", "numeric_answer": 19.32, "relative_error": 0.04827586206896554, "thinking_text": null, "has_tool_call": false, "tool_call": null, "usage": {"prompt_tokens": 94, "completion_tokens": 10, "total_tokens": 104, "token_count_source": "tokenizer"}, "decoding": {"temperature": 0.2, "top_p": null, "top_k": null, "max_tokens": 256, "seed": 42}, "prompt_tokens": 94, "completion_tokens": 10, "total_tokens": 104, "token_count_source": "tokenizer", "diffusion_steps": null, "flops_estimate": null, "flops_arch": null, "flops_model_params": null, "flops_active_params": null, "tokens_non_final": 3, "tokens_reasoning": 0, "tokens_response": 3, "elapsed_seconds": 0.3515501022338867, "judgement": "Good approximation"}
{"id": "tips_001287", "topic": "tips", "subtopic": "tips_service", "prompt": "Bill is $107.76; service fee 5% and tip 15%. About how much do you pay in total?", "exact_value": 130.12, "model": "qwen/qwen2.5-3b-instruct", "provider": "transformers", "response": "Final answer: 124.89", "numeric_answer": 124.89, "relative_error": 0.0401936673839533, "thinking_text": null, "has_tool_call": false, "tool_call": null, "usage": {"prompt_tokens": 95, "completion_tokens": 11, "total_tokens": 106, "token_count_source": "tokenizer"}, "decoding": {"temperature": 0.2, "top_p": null, "top_k": null, "max_tokens": 256, "seed": 42}, "prompt_tokens": 95, "completion_tokens": 11, "total_tokens": 106, "token_count_source": "tokenizer", "diffusion_steps": null, "flops_estimate": null, "flops_arch": null, "flops_model_params": null, "flops_active_params": null, "tokens_non_final": 3, "tokens_reasoning": 0, "tokens_response": 3, "elapsed_seconds": 0.3560621738433838, "judgement": "Good approximation"}
{"id": "tips_001307", "topic": "tips", "subtopic": "tips_service", "prompt": "Bill is $49.18; service fee 0% and tip 20%. About how much do you pay in total?", "exact_value": 59.02, "model": "qwen/qwen2.5-3b-instruct", "provider": "transformers", "response": "Final answer: 53.18", "numeric_answer": 53.18, "relative_error": 0.09894950864113865, "thinking_text": null, "has_tool_call": false, "tool_call": null, "usage": {"prompt_tokens": 94, "completion_tokens": 10, "total_tokens": 104, "token_count_source": "tokenizer"}, "decoding": {"temperature": 0.2, "top_p": null, "top_k": null, "max_tokens": 256, "seed": 42}, "prompt_tokens": 94, "completion_tokens": 10, "total_tokens": 104, "token_count_source": "tokenizer", "diffusion_steps": null, "flops_estimate": null, "flops_arch": null, "flops_model_params": null, "flops_active_params": null, "tokens_non_final": 3, "tokens_reasoning": 0, "tokens_response": 3, "elapsed_seconds": 0.31780385971069336, "judgement": "Good approximation"}
{"id": "tips_001327", "topic": "tips", "subtopic": "tips_service", "prompt": "Bill is $43.49; service fee 5% and tip 18%. About how much do you pay in total?", "exact_value": 53.88, "model": "qwen/qwen2.5-3b-instruct", "provider": "transformers", "response": "Final answer: 52.07", "numeric_answer": 52.07, "relative_error": 0.03359317000742395, "thinking_text": null, "has_tool_call": false, "tool_call": null, "usage": {"prompt_tokens": 94, "completion_tokens": 10, "total_tokens": 104, "token_count_source": "tokenizer"}, "decoding": {"temperature": 0.2, "top_p": null, "top_k": null, "max_tokens": 256, "seed": 42}, "prompt_tokens": 94, "completion_tokens": 10, "total_tokens": 104, "token_count_source": "tokenizer", "diffusion_steps": null, "flops_estimate": null, "flops_arch": null, "flops_model_params": null, "flops_active_params": null, "tokens_non_final": 3, "tokens_reasoning": 0, "tokens_response": 3, "elapsed_seconds": 0.345473051071167, "judgement": "Good approximation"}
{"id": "fermi_000103", "topic": "fermi", "subtopic": "crowd_density", "prompt": "A plaza is about 70 m by 20 m, with roughly 4 people per square meter. About how many people are there?", "exact_value": 5600, "model": "qwen/qwen2.5-3b-instruct", "provider": "transformers", "response": "Final answer: 350", "numeric_answer": 350.0, "relative_error": 0.9375, "thinking_text": null, "has_tool_call": false, "tool_call": null, "usage": {"prompt_tokens": 95, "completion_tokens": 8, "total_tokens": 103, "token_count_source": "tokenizer"}, "decoding": {"temperature": 0.2, "top_p": null, "top_k": null, "max_tokens": 256, "seed": 42}, "prompt_tokens": 95, "completion_tokens": 8, "total_tokens": 103, "token_count_source": "tokenizer", "diffusion_steps": null, "flops_estimate": null, "flops_arch": null, "flops_model_params": null, "flops_active_params": null, "tokens_non_final": 3, "tokens_reasoning": 0, "tokens_response": 3, "elapsed_seconds": 0.2850217819213867, "judgement": "Way off"}
{"id": "fermi_000123", "topic": "fermi", "subtopic": "crowd_density", "prompt": "A plaza is about 70 m by 35 m, with roughly 4 people per square meter. About how many people are there?", "exact_value": 9800, "model": "qwen/qwen2.5-3b-instruct", "provider": "transformers", "response": "Final answer: 3180", "numeric_answer": 3180.0, "relative_error": 0.6755102040816326, "thinking_text": null, "has_tool_call": false, "tool_call": null, "usage": {"prompt_tokens": 95, "completion_tokens": 9, "total_tokens": 104, "token_count_source": "tokenizer"}, "decoding": {"temperature": 0.2, "top_p": null, "top_k": null, "max_tokens": 256, "seed": 42}, "prompt_tokens": 95, "completion_tokens": 9, "total_tokens": 104, "token_count_source": "tokenizer", "diffusion_steps": null, "flops_estimate": null, "flops_arch": null, "flops_model_params": null, "flops_active_params": null, "tokens_non_final": 3, "tokens_reasoning": 0, "tokens_response": 3, "elapsed_seconds": 0.2848227024078369, "judgement": "Way off"}
{"id": "fermi_000143", "topic": "fermi", "subtopic": "crowd_density", "prompt": "A plaza is about 30 m by 20 m, with roughly 1 people per square meter. About how many people are there?", "exact_value": 600, "model": "qwen/qwen2.5-3b-instruct", "provider": "transformers", "response": "Final answer: 600", "numeric_answer": 600.0, "relative_error": 0.0, "thinking_text": null, "has_tool_call": false, "tool_call": null, "usage": {"prompt_tokens": 95, "completion_tokens": 8, "total_tokens": 103, "token_count_source": "tokenizer"}, "decoding": {"temperature": 0.2, "top_p": null, "top_k": null, "max_tokens": 256, "seed": 42}, "prompt_tokens": 95, "completion_tokens": 8, "total_tokens": 103, "token_count_source": "tokenizer", "diffusion_steps": null, "flops_estimate": null, "flops_arch": null, "flops_model_params": null, "flops_active_params": null, "tokens_non_final": 3, "tokens_reasoning": 0, "tokens_response": 3, "elapsed_seconds": 0.2532539367675781, "judgement": "Exact math"}
{"id": "fermi_000163", "topic": "fermi", "subtopic": "crowd_density", "prompt": "A plaza is about 70 m by 35 m, with roughly 3 people per square meter. About how many people are there?", "exact_value": 7350, "model": "qwen/qwen2.5-3b-instruct", "provider": "transformers", "response": "Final answer: 2100", "numeric_answer": 2100.0, "relative_error": 0.7142857142857143, "thinking_text": null, "has_tool_call": false, "tool_call": null, "usage": {"prompt_tokens": 95, "completion_tokens": 9, "total_tokens": 104, "token_count_source": "tokenizer"}, "decoding": {"temperature": 0.2, "top_p": null, "top_k": null, "max_tokens": 256, "seed": 42}, "prompt_tokens": 95, "completion_tokens": 9, "total_tokens": 104, "token_count_source": "tokenizer", "diffusion_steps": null, "flops_estimate": null, "flops_arch": null, "flops_model_params": null, "flops_active_params": null, "tokens_non_final": 3, "tokens_reasoning": 0, "tokens_response": 3, "elapsed_seconds": 0.2845447063446045, "judgement": "Way off"}
{"id": "fermi_000183", "topic": "fermi", "subtopic": "crowd_density", "prompt": "A plaza is about 40 m by 35 m, with roughly 3 people per square meter. About how many people are there?", "exact_value": 4200, "model": "qwen/qwen2.5-3b-instruct", "provider": "transformers", "response": "Final answer: 1600", "numeric_answer": 1600.0, "relative_error": 0.6190476190476191, "thinking_text": null, "has_tool_call": false, "tool_call": null, "usage": {"prompt_tokens": 95, "completion_tokens": 9, "total_tokens": 104, "token_count_source": "tokenizer"}, "decoding": {"temperature": 0.2, "top_p": null, "top_k": null, "max_tokens": 256, "seed": 42}, "prompt_tokens": 95, "completion_tokens": 9, "total_tokens": 104, "token_count_source": "tokenizer", "diffusion_steps": null, "flops_estimate": null, "flops_arch": null, "flops_model_params": null, "flops_active_params": null, "tokens_non_final": 3, "tokens_reasoning": 0, "tokens_response": 3, "elapsed_seconds": 0.30420494079589844, "judgement": "Way off"}
{"id": "fermi_000203", "topic": "fermi", "subtopic": "crowd_density", "prompt": "A plaza is about 50 m by 20 m, with roughly 4 people per square meter. About how many people are there?", "exact_value": 4000, "model": "qwen/qwen2.5-3b-instruct", "provider": "transformers", "response": "Final answer: 1600", "numeric_answer": 1600.0, "relative_error": 0.6, "thinking_text": null, "has_tool_call": false, "tool_call": null, "usage": {"prompt_tokens": 95, "completion_tokens": 9, "total_tokens": 104, "token_count_source": "tokenizer"}, "decoding": {"temperature": 0.2, "top_p": null, "top_k": null, "max_tokens": 256, "seed": 42}, "prompt_tokens": 95, "completion_tokens": 9, "total_tokens": 104, "token_count_source": "tokenizer", "diffusion_steps": null, "flops_estimate": null, "flops_arch": null, "flops_model_params": null, "flops_active_params": null, "tokens_non_final": 3, "tokens_reasoning": 0, "tokens_response": 3, "elapsed_seconds": 0.3157813549041748, "judgement": "Mildly off"}
{"id": "fermi_000223", "topic": "fermi", "subtopic": "crowd_density", "prompt": "A plaza is about 40 m by 20 m, with roughly 1 people per square meter. About how many people are there?", "exact_value": 800, "model": "qwen/qwen2.5-3b-instruct", "provider": "transformers", "response": "Final answer: 800", "numeric_answer": 800.0, "relative_error": 0.0, "thinking_text": null, "has_tool_call": false, "tool_call": null, "usage": {"prompt_tokens": 95, "completion_tokens": 8, "total_tokens": 103, "token_count_source": "tokenizer"}, "decoding": {"temperature": 0.2, "top_p": null, "top_k": null, "max_tokens": 256, "seed": 42}, "prompt_tokens": 95, "completion_tokens": 8, "total_tokens": 103, "token_count_source": "tokenizer", "diffusion_steps": null, "flops_estimate": null, "flops_arch": null, "flops_model_params": null, "flops_active_params": null, "tokens_non_final": 3, "tokens_reasoning": 0, "tokens_response": 3, "elapsed_seconds": 0.26476073265075684, "judgement": "Exact math"}
{"id": "fermi_000243", "topic": "fermi", "subtopic": "crowd_density", "prompt": "A plaza is about 50 m by 35 m, with roughly 1 people per square meter. About how many people are there?", "exact_value": 1750, "model": "qwen/qwen2.5-3b-instruct", "provider": "transformers", "response": "Final answer: 850", "numeric_answer": 850.0, "relative_error": 0.5142857142857142, "thinking_text": null, "has_tool_call": false, "tool_call": null, "usage": {"prompt_tokens": 95, "completion_tokens": 8, "total_tokens": 103, "token_count_source": "tokenizer"}, "decoding": {"temperature": 0.2, "top_p": null, "top_k": null, "max_tokens": 256, "seed": 42}, "prompt_tokens": 95, "completion_tokens": 8, "total_tokens": 103, "token_count_source": "tokenizer", "diffusion_steps": null, "flops_estimate": null, "flops_arch": null, "flops_model_params": null, "flops_active_params": null, "tokens_non_final": 3, "tokens_reasoning": 0, "tokens_response": 3, "elapsed_seconds": 0.2535216808319092, "judgement": "Mildly off"}
{"id": "fermi_000263", "topic": "fermi", "subtopic": "crowd_density", "prompt": "A plaza is about 40 m by 30 m, with roughly 1 people per square meter. About how many people are there?", "exact_value": 1200, "model": "qwen/qwen2.5-3b-instruct", "provider": "transformers", "response": "Final answer: 800", "numeric_answer": 800.0, "relative_error": 0.3333333333333333, "thinking_text": null, "has_tool_call": false, "tool_call": null, "usage": {"prompt_tokens": 95, "completion_tokens": 8, "total_tokens": 103, "token_count_source": "tokenizer"}, "decoding": {"temperature": 0.2, "top_p": null, "top_k": null, "max_tokens": 256, "seed": 42}, "prompt_tokens": 95, "completion_tokens": 8, "total_tokens": 103, "token_count_source": "tokenizer", "diffusion_steps": null, "flops_estimate": null, "flops_arch": null, "flops_model_params": null, "flops_active_params": null, "tokens_non_final": 3, "tokens_reasoning": 0, "tokens_response": 3, "elapsed_seconds": 0.28175973892211914, "judgement": "Mildly off"}
{"id": "fermi_000283", "topic": "fermi", "subtopic": "crowd_density", "prompt": "A plaza is about 40 m by 20 m, with roughly 1 people per square meter. About how many people are there?", "exact_value": 800, "model": "qwen/qwen2.5-3b-instruct", "provider": "transformers", "response": "Final answer: 800", "numeric_answer": 800.0, "relative_error": 0.0, "thinking_text": null, "has_tool_call": false, "tool_call": null, "usage": {"prompt_tokens": 95, "completion_tokens": 8, "total_tokens": 103, "token_count_source": "tokenizer"}, "decoding": {"temperature": 0.2, "top_p": null, "top_k": null, "max_tokens": 256, "seed": 42}, "prompt_tokens": 95, "completion_tokens": 8, "total_tokens": 103, "token_count_source": "tokenizer", "diffusion_steps": null, "flops_estimate": null, "flops_arch": null, "flops_model_params": null, "flops_active_params": null, "tokens_non_final": 3, "tokens_reasoning": 0, "tokens_response": 3, "elapsed_seconds": 0.2546377182006836, "judgement": "Exact math"}
{"id": "fermi_000303", "topic": "fermi", "subtopic": "crowd_density", "prompt": "A plaza is about 70 m by 25 m, with roughly 3 people per square meter. About how many people are there?", "exact_value": 5250, "model": "qwen/qwen2.5-3b-instruct", "provider": "transformers", "response": "Final answer: 4000", "numeric_answer": 4000.0, "relative_error": 0.23809523809523808, "thinking_text": null, "has_tool_call": false, "tool_call": null, "usage": {"prompt_tokens": 95, "completion_tokens": 9, "total_tokens": 104, "token_count_source": "tokenizer"}, "decoding": {"temperature": 0.2, "top_p": null, "top_k": null, "max_tokens": 256, "seed": 42}, "prompt_tokens": 95, "completion_tokens": 9, "total_tokens": 104, "token_count_source": "tokenizer", "diffusion_steps": null, "flops_estimate": null, "flops_arch": null, "flops_model_params": null, "flops_active_params": null, "tokens_non_final": 3, "tokens_reasoning": 0, "tokens_response": 3, "elapsed_seconds": 0.28809475898742676, "judgement": "Mildly off"}
{"id": "fermi_000323", "topic": "fermi", "subtopic": "crowd_density", "prompt": "A plaza is about 70 m by 20 m, with roughly 3 people per square meter. About how many people are there?", "exact_value": 4200, "model": "qwen/qwen2.5-3b-instruct", "provider": "transformers", "response": "Final answer: 3000", "numeric_answer": 3000.0, "relative_error": 0.2857142857142857, "thinking_text": null, "has_tool_call": false, "tool_call": null, "usage": {"prompt_tokens": 95, "completion_tokens": 9, "total_tokens": 104, "token_count_source": "tokenizer"}, "decoding": {"temperature": 0.2, "top_p": null, "top_k": null, "max_tokens": 256, "seed": 42}, "prompt_tokens": 95, "completion_tokens": 9, "total_tokens": 104, "token_count_source": "tokenizer", "diffusion_steps": null, "flops_estimate": null, "flops_arch": null, "flops_model_params": null, "flops_active_params": null, "tokens_non_final": 3, "tokens_reasoning": 0, "tokens_response": 3, "elapsed_seconds": 0.3146243095397949, "judgement": "Mildly off"}
{"id": "fermi_000343", "topic": "fermi", "subtopic": "crowd_density", "prompt": "A plaza is about 60 m by 30 m, with roughly 4 people per square meter. About how many people are there?", "exact_value": 7200, "model": "qwen/qwen2.5-3b-instruct", "provider": "transformers", "response": "Final answer: 1800", "numeric_answer": 1800.0, "relative_error": 0.75, "thinking_text": null, "has_tool_call": false, "tool_call": null, "usage": {"prompt_tokens": 95, "completion_tokens": 9, "total_tokens": 104, "token_count_source": "tokenizer"}, "decoding": {"temperature": 0.2, "top_p": null, "top_k": null, "max_tokens": 256, "seed": 42}, "prompt_tokens": 95, "completion_tokens": 9, "total_tokens": 104, "token_count_source": "tokenizer", "diffusion_steps": null, "flops_estimate": null, "flops_arch": null, "flops_model_params": null, "flops_active_params": null, "tokens_non_final": 3, "tokens_reasoning": 0, "tokens_response": 3, "elapsed_seconds": 0.2869532108306885, "judgement": "Way off"}
{"id": "fermi_000363", "topic": "fermi", "subtopic": "crowd_density", "prompt": "A plaza is about 70 m by 20 m, with roughly 1 people per square meter. About how many people are there?", "exact_value": 1400, "model": "qwen/qwen2.5-3b-instruct", "provider": "transformers", "response": "Final answer: 700", "numeric_answer": 700.0, "relative_error": 0.5, "thinking_text": null, "has_tool_call": false, "tool_call": null, "usage": {"prompt_tokens": 95, "completion_tokens": 8, "total_tokens": 103, "token_count_source": "tokenizer"}, "decoding": {"temperature": 0.2, "top_p": null, "top_k": null, "max_tokens": 256, "seed": 42}, "prompt_tokens": 95, "completion_tokens": 8, "total_tokens": 103, "token_count_source": "tokenizer", "diffusion_steps": null, "flops_estimate": null, "flops_arch": null, "flops_model_params": null, "flops_active_params": null, "tokens_non_final": 3, "tokens_reasoning": 0, "tokens_response": 3, "elapsed_seconds": 0.2819664478302002, "judgement": "Mildly off"}
{"id": "fermi_000383", "topic": "fermi", "subtopic": "crowd_density", "prompt": "A plaza is about 30 m by 30 m, with roughly 1 people per square meter. About how many people are there?", "exact_value": 900, "model": "qwen/qwen2.5-3b-instruct", "provider": "transformers", "response": "final answer: 900", "numeric_answer": 900.0, "relative_error": 0.0, "thinking_text": null, "has_tool_call": false, "tool_call": null, "usage": {"prompt_tokens": 95, "completion_tokens": 8, "total_tokens": 103, "token_count_source": "tokenizer"}, "decoding": {"temperature": 0.2, "top_p": null, "top_k": null, "max_tokens": 256, "seed": 42}, "prompt_tokens": 95, "completion_tokens": 8, "total_tokens": 103, "token_count_source": "tokenizer", "diffusion_steps": null, "flops_estimate": null, "flops_arch": null, "flops_model_params": null, "flops_active_params": null, "tokens_non_final": 3, "tokens_reasoning": 0, "tokens_response": 3, "elapsed_seconds": 0.25263142585754395, "judgement": "Exact math"}
{"id": "fermi_000403", "topic": "fermi", "subtopic": "crowd_density", "prompt": "A plaza is about 40 m by 30 m, with roughly 2 people per square meter. About how many people are there?", "exact_value": 2400, "model": "qwen/qwen2.5-3b-instruct", "provider": "transformers", "response": "1600", "numeric_answer": 1600.0, "relative_error": 0.3333333333333333, "thinking_text": null, "has_tool_call": false, "tool_call": null, "usage": {"prompt_tokens": 95, "completion_tokens": 5, "total_tokens": 100, "token_count_source": "tokenizer"}, "decoding": {"temperature": 0.2, "top_p": null, "top_k": null, "max_tokens": 256, "seed": 42}, "prompt_tokens": 95, "completion_tokens": 5, "total_tokens": 100, "token_count_source": "tokenizer", "diffusion_steps": null, "flops_estimate": null, "flops_arch": null, "flops_model_params": null, "flops_active_params": null, "tokens_non_final": 1, "tokens_reasoning": 0, "tokens_response": 1, "elapsed_seconds": 0.1894383430480957, "judgement": "Mildly off"}
{"id": "fermi_000423", "topic": "fermi", "subtopic": "crowd_density", "prompt": "A plaza is about 70 m by 20 m, with roughly 1 people per square meter. About how many people are there?", "exact_value": 1400, "model": "qwen/qwen2.5-3b-instruct", "provider": "transformers", "response": "Final answer: 700", "numeric_answer": 700.0, "relative_error": 0.5, "thinking_text": null, "has_tool_call": false, "tool_call": null, "usage": {"prompt_tokens": 95, "completion_tokens": 8, "total_tokens": 103, "token_count_source": "tokenizer"}, "decoding": {"temperature": 0.2, "top_p": null, "top_k": null, "max_tokens": 256, "seed": 42}, "prompt_tokens": 95, "completion_tokens": 8, "total_tokens": 103, "token_count_source": "tokenizer", "diffusion_steps": null, "flops_estimate": null, "flops_arch": null, "flops_model_params": null, "flops_active_params": null, "tokens_non_final": 3, "tokens_reasoning": 0, "tokens_response": 3, "elapsed_seconds": 0.2848186492919922, "judgement": "Mildly off"}
{"id": "fermi_000443", "topic": "fermi", "subtopic": "crowd_density", "prompt": "A plaza is about 30 m by 30 m, with roughly 4 people per square meter. About how many people are there?", "exact_value": 3600, "model": "qwen/qwen2.5-3b-instruct", "provider": "transformers", "response": "Final answer: 3600", "numeric_answer": 3600.0, "relative_error": 0.0, "thinking_text": null, "has_tool_call": false, "tool_call": null, "usage": {"prompt_tokens": 95, "completion_tokens": 9, "total_tokens": 104, "token_count_source": "tokenizer"}, "decoding": {"temperature": 0.2, "top_p": null, "top_k": null, "max_tokens": 256, "seed": 42}, "prompt_tokens": 95, "completion_tokens": 9, "total_tokens": 104, "token_count_source": "tokenizer", "diffusion_steps": null, "flops_estimate": null, "flops_arch": null, "flops_model_params": null, "flops_active_params": null, "tokens_non_final": 3, "tokens_reasoning": 0, "tokens_response": 3, "elapsed_seconds": 0.29346561431884766, "judgement": "Exact math"}
{"id": "fermi_000463", "topic": "fermi", "subtopic": "crowd_density", "prompt": "A plaza is about 60 m by 25 m, with roughly 3 people per square meter. About how many people are there?", "exact_value": 4500, "model": "qwen/qwen2.5-3b-instruct", "provider": "transformers", "response": "Final answer: 1800", "numeric_answer": 1800.0, "relative_error": 0.6, "thinking_text": null, "has_tool_call": false, "tool_call": null, "usage": {"prompt_tokens": 95, "completion_tokens": 9, "total_tokens": 104, "token_count_source": "tokenizer"}, "decoding": {"temperature": 0.2, "top_p": null, "top_k": null, "max_tokens": 256, "seed": 42}, "prompt_tokens": 95, "completion_tokens": 9, "total_tokens": 104, "token_count_source": "tokenizer", "diffusion_steps": null, "flops_estimate": null, "flops_arch": null, "flops_model_params": null, "flops_active_params": null, "tokens_non_final": 3, "tokens_reasoning": 0, "tokens_response": 3, "elapsed_seconds": 0.2907872200012207, "judgement": "Mildly off"}
{"id": "fermi_000483", "topic": "fermi", "subtopic": "crowd_density", "prompt": "A plaza is about 70 m by 30 m, with roughly 2 people per square meter. About how many people are there?", "exact_value": 4200, "model": "qwen/qwen2.5-3b-instruct", "provider": "transformers", "response": "Final answer: 700", "numeric_answer": 700.0, "relative_error": 0.8333333333333334, "thinking_text": null, "has_tool_call": false, "tool_call": null, "usage": {"prompt_tokens": 95, "completion_tokens": 8, "total_tokens": 103, "token_count_source": "tokenizer"}, "decoding": {"temperature": 0.2, "top_p": null, "top_k": null, "max_tokens": 256, "seed": 42}, "prompt_tokens": 95, "completion_tokens": 8, "total_tokens": 103, "token_count_source": "tokenizer", "diffusion_steps": null, "flops_estimate": null, "flops_arch": null, "flops_model_params": null, "flops_active_params": null, "tokens_non_final": 3, "tokens_reasoning": 0, "tokens_response": 3, "elapsed_seconds": 0.2601306438446045, "judgement": "Way off"}
{"id": "fermi_000503", "topic": "fermi", "subtopic": "crowd_density", "prompt": "A plaza is about 40 m by 25 m, with roughly 4 people per square meter. About how many people are there?", "exact_value": 4000, "model": "qwen/qwen2.5-3b-instruct", "provider": "transformers", "response": "3200", "numeric_answer": 3200.0, "relative_error": 0.2, "thinking_text": null, "has_tool_call": false, "tool_call": null, "usage": {"prompt_tokens": 95, "completion_tokens": 5, "total_tokens": 100, "token_count_source": "tokenizer"}, "decoding": {"temperature": 0.2, "top_p": null, "top_k": null, "max_tokens": 256, "seed": 42}, "prompt_tokens": 95, "completion_tokens": 5, "total_tokens": 100, "token_count_source": "tokenizer", "diffusion_steps": null, "flops_estimate": null, "flops_arch": null, "flops_model_params": null, "flops_active_params": null, "tokens_non_final": 1, "tokens_reasoning": 0, "tokens_response": 1, "elapsed_seconds": 0.16100668907165527, "judgement": "Good approximation"}
{"id": "fermi_000523", "topic": "fermi", "subtopic": "crowd_density", "prompt": "A plaza is about 50 m by 35 m, with roughly 4 people per square meter. About how many people are there?", "exact_value": 7000, "model": "qwen/qwen2.5-3b-instruct", "provider": "transformers", "response": "Final answer: 1800", "numeric_answer": 1800.0, "relative_error": 0.7428571428571429, "thinking_text": null, "has_tool_call": false, "tool_call": null, "usage": {"prompt_tokens": 95, "completion_tokens": 9, "total_tokens": 104, "token_count_source": "tokenizer"}, "decoding": {"temperature": 0.2, "top_p": null, "top_k": null, "max_tokens": 256, "seed": 42}, "prompt_tokens": 95, "completion_tokens": 9, "total_tokens": 104, "token_count_source": "tokenizer", "diffusion_steps": null, "flops_estimate": null, "flops_arch": null, "flops_model_params": null, "flops_active_params": null, "tokens_non_final": 3, "tokens_reasoning": 0, "tokens_response": 3, "elapsed_seconds": 0.28769946098327637, "judgement": "Way off"}
{"id": "fermi_000543", "topic": "fermi", "subtopic": "crowd_density", "prompt": "A plaza is about 40 m by 35 m, with roughly 2 people per square meter. About how many people are there?", "exact_value": 2800, "model": "qwen/qwen2.5-3b-instruct", "provider": "transformers", "response": "1600", "numeric_answer": 1600.0, "relative_error": 0.42857142857142855, "thinking_text": null, "has_tool_call": false, "tool_call": null, "usage": {"prompt_tokens": 95, "completion_tokens": 5, "total_tokens": 100, "token_count_source": "tokenizer"}, "decoding": {"temperature": 0.2, "top_p": null, "top_k": null, "max_tokens": 256, "seed": 42}, "prompt_tokens": 95, "completion_tokens": 5, "total_tokens": 100, "token_count_source": "tokenizer", "diffusion_steps": null, "flops_estimate": null, "flops_arch": null, "flops_model_params": null, "flops_active_params": null, "tokens_non_final": 1, "tokens_reasoning": 0, "tokens_response": 1, "elapsed_seconds": 0.16064929962158203, "judgement": "Mildly off"}
{"id": "fermi_000563", "topic": "fermi", "subtopic": "crowd_density", "prompt": "A plaza is about 30 m by 30 m, with roughly 3 people per square meter. About how many people are there?", "exact_value": 2700, "model": "qwen/qwen2.5-3b-instruct", "provider": "transformers", "response": "final answer: 900", "numeric_answer": 900.0, "relative_error": 0.6666666666666666, "thinking_text": null, "has_tool_call": false, "tool_call": null, "usage": {"prompt_tokens": 95, "completion_tokens": 8, "total_tokens": 103, "token_count_source": "tokenizer"}, "decoding": {"temperature": 0.2, "top_p": null, "top_k": null, "max_tokens": 256, "seed": 42}, "prompt_tokens": 95, "completion_tokens": 8, "total_tokens": 103, "token_count_source": "tokenizer", "diffusion_steps": null, "flops_estimate": null, "flops_arch": null, "flops_model_params": null, "flops_active_params": null, "tokens_non_final": 3, "tokens_reasoning": 0, "tokens_response": 3, "elapsed_seconds": 0.25632262229919434, "judgement": "Way off"}
{"id": "fermi_000583", "topic": "fermi", "subtopic": "crowd_density", "prompt": "A plaza is about 60 m by 25 m, with roughly 4 people per square meter. About how many people are there?", "exact_value": 6000, "model": "qwen/qwen2.5-3b-instruct", "provider": "transformers", "response": "Final answer: 1600", "numeric_answer": 1600.0, "relative_error": 0.7333333333333333, "thinking_text": null, "has_tool_call": false, "tool_call": null, "usage": {"prompt_tokens": 95, "completion_tokens": 9, "total_tokens": 104, "token_count_source": "tokenizer"}, "decoding": {"temperature": 0.2, "top_p": null, "top_k": null, "max_tokens": 256, "seed": 42}, "prompt_tokens": 95, "completion_tokens": 9, "total_tokens": 104, "token_count_source": "tokenizer", "diffusion_steps": null, "flops_estimate": null, "flops_arch": null, "flops_model_params": null, "flops_active_params": null, "tokens_non_final": 3, "tokens_reasoning": 0, "tokens_response": 3, "elapsed_seconds": 0.2881326675415039, "judgement": "Way off"}
{"id": "fermi_000603", "topic": "fermi", "subtopic": "crowd_density", "prompt": "A plaza is about 70 m by 25 m, with roughly 3 people per square meter. About how many people are there?", "exact_value": 5250, "model": "qwen/qwen2.5-3b-instruct", "provider": "transformers", "response": "Final answer: 4000", "numeric_answer": 4000.0, "relative_error": 0.23809523809523808, "thinking_text": null, "has_tool_call": false, "tool_call": null, "usage": {"prompt_tokens": 95, "completion_tokens": 9, "total_tokens": 104, "token_count_source": "tokenizer"}, "decoding": {"temperature": 0.2, "top_p": null, "top_k": null, "max_tokens": 256, "seed": 42}, "prompt_tokens": 95, "completion_tokens": 9, "total_tokens": 104, "token_count_source": "tokenizer", "diffusion_steps": null, "flops_estimate": null, "flops_arch": null, "flops_model_params": null, "flops_active_params": null, "tokens_non_final": 3, "tokens_reasoning": 0, "tokens_response": 3, "elapsed_seconds": 0.31618404388427734, "judgement": "Mildly off"}
{"id": "fermi_000623", "topic": "fermi", "subtopic": "crowd_density", "prompt": "A plaza is about 70 m by 35 m, with roughly 3 people per square meter. About how many people are there?", "exact_value": 7350, "model": "qwen/qwen2.5-3b-instruct", "provider": "transformers", "response": "Final answer: 2100", "numeric_answer": 2100.0, "relative_error": 0.7142857142857143, "thinking_text": null, "has_tool_call": false, "tool_call": null, "usage": {"prompt_tokens": 95, "completion_tokens": 9, "total_tokens": 104, "token_count_source": "tokenizer"}, "decoding": {"temperature": 0.2, "top_p": null, "top_k": null, "max_tokens": 256, "seed": 42}, "prompt_tokens": 95, "completion_tokens": 9, "total_tokens": 104, "token_count_source": "tokenizer", "diffusion_steps": null, "flops_estimate": null, "flops_arch": null, "flops_model_params": null, "flops_active_params": null, "tokens_non_final": 3, "tokens_reasoning": 0, "tokens_response": 3, "elapsed_seconds": 0.3171572685241699, "judgement": "Way off"}
{"id": "fermi_000643", "topic": "fermi", "subtopic": "crowd_density", "prompt": "A plaza is about 30 m by 25 m, with roughly 4 people per square meter. About how many people are there?", "exact_value": 3000, "model": "qwen/qwen2.5-3b-instruct", "provider": "transformers", "response": "Final answer: 1600", "numeric_answer": 1600.0, "relative_error": 0.4666666666666667, "thinking_text": null, "has_tool_call": false, "tool_call": null, "usage": {"prompt_tokens": 95, "completion_tokens": 9, "total_tokens": 104, "token_count_source": "tokenizer"}, "decoding": {"temperature": 0.2, "top_p": null, "top_k": null, "max_tokens": 256, "seed": 42}, "prompt_tokens": 95, "completion_tokens": 9, "total_tokens": 104, "token_count_source": "tokenizer", "diffusion_steps": null, "flops_estimate": null, "flops_arch": null, "flops_model_params": null, "flops_active_params": null, "tokens_non_final": 3, "tokens_reasoning": 0, "tokens_response": 3, "elapsed_seconds": 0.3166933059692383, "judgement": "Mildly off"}
{"id": "fermi_000663", "topic": "fermi", "subtopic": "crowd_density", "prompt": "A plaza is about 30 m by 25 m, with roughly 2 people per square meter. About how many people are there?", "exact_value": 1500, "model": "qwen/qwen2.5-3b-instruct", "provider": "transformers", "response": "1800", "numeric_answer": 1800.0, "relative_error": 0.2, "thinking_text": null, "has_tool_call": false, "tool_call": null, "usage": {"prompt_tokens": 95, "completion_tokens": 5, "total_tokens": 100, "token_count_source": "tokenizer"}, "decoding": {"temperature": 0.2, "top_p": null, "top_k": null, "max_tokens": 256, "seed": 42}, "prompt_tokens": 95, "completion_tokens": 5, "total_tokens": 100, "token_count_source": "tokenizer", "diffusion_steps": null, "flops_estimate": null, "flops_arch": null, "flops_model_params": null, "flops_active_params": null, "tokens_non_final": 1, "tokens_reasoning": 0, "tokens_response": 1, "elapsed_seconds": 0.16129660606384277, "judgement": "Good approximation"}
{"id": "fermi_000683", "topic": "fermi", "subtopic": "crowd_density", "prompt": "A plaza is about 70 m by 35 m, with roughly 1 people per square meter. About how many people are there?", "exact_value": 2450, "model": "qwen/qwen2.5-3b-instruct", "provider": "transformers", "response": "Final answer: 260", "numeric_answer": 260.0, "relative_error": 0.8938775510204081, "thinking_text": null, "has_tool_call": false, "tool_call": null, "usage": {"prompt_tokens": 95, "completion_tokens": 8, "total_tokens": 103, "token_count_source": "tokenizer"}, "decoding": {"temperature": 0.2, "top_p": null, "top_k": null, "max_tokens": 256, "seed": 42}, "prompt_tokens": 95, "completion_tokens": 8, "total_tokens": 103, "token_count_source": "tokenizer", "diffusion_steps": null, "flops_estimate": null, "flops_arch": null, "flops_model_params": null, "flops_active_params": null, "tokens_non_final": 3, "tokens_reasoning": 0, "tokens_response": 3, "elapsed_seconds": 0.28501152992248535, "judgement": "Way off"}
{"id": "fermi_000703", "topic": "fermi", "subtopic": "crowd_density", "prompt": "A plaza is about 40 m by 25 m, with roughly 1 people per square meter. About how many people are there?", "exact_value": 1000, "model": "qwen/qwen2.5-3b-instruct", "provider": "transformers", "response": "Final answer: 800", "numeric_answer": 800.0, "relative_error": 0.2, "thinking_text": null, "has_tool_call": false, "tool_call": null, "usage": {"prompt_tokens": 95, "completion_tokens": 8, "total_tokens": 103, "token_count_source": "tokenizer"}, "decoding": {"temperature": 0.2, "top_p": null, "top_k": null, "max_tokens": 256, "seed": 42}, "prompt_tokens": 95, "completion_tokens": 8, "total_tokens": 103, "token_count_source": "tokenizer", "diffusion_steps": null, "flops_estimate": null, "flops_arch": null, "flops_model_params": null, "flops_active_params": null, "tokens_non_final": 3, "tokens_reasoning": 0, "tokens_response": 3, "elapsed_seconds": 0.27367258071899414, "judgement": "Good approximation"}
{"id": "fermi_000723", "topic": "fermi", "subtopic": "crowd_density", "prompt": "A plaza is about 50 m by 30 m, with roughly 4 people per square meter. About how many people are there?", "exact_value": 6000, "model": "qwen/qwen2.5-3b-instruct", "provider": "transformers", "response": "Final answer: 1600", "numeric_answer": 1600.0, "relative_error": 0.7333333333333333, "thinking_text": null, "has_tool_call": false, "tool_call": null, "usage": {"prompt_tokens": 95, "completion_tokens": 9, "total_tokens": 104, "token_count_source": "tokenizer"}, "decoding": {"temperature": 0.2, "top_p": null, "top_k": null, "max_tokens": 256, "seed": 42}, "prompt_tokens": 95, "completion_tokens": 9, "total_tokens": 104, "token_count_source": "tokenizer", "diffusion_steps": null, "flops_estimate": null, "flops_arch": null, "flops_model_params": null, "flops_active_params": null, "tokens_non_final": 3, "tokens_reasoning": 0, "tokens_response": 3, "elapsed_seconds": 0.2863807678222656, "judgement": "Way off"}
{"id": "fermi_000743", "topic": "fermi", "subtopic": "crowd_density", "prompt": "A plaza is about 50 m by 25 m, with roughly 4 people per square meter. About how many people are there?", "exact_value": 5000, "model": "qwen/qwen2.5-3b-instruct", "provider": "transformers", "response": "Final answer: 3000", "numeric_answer": 3000.0, "relative_error": 0.4, "thinking_text": null, "has_tool_call": false, "tool_call": null, "usage": {"prompt_tokens": 95, "completion_tokens": 9, "total_tokens": 104, "token_count_source": "tokenizer"}, "decoding": {"temperature": 0.2, "top_p": null, "top_k": null, "max_tokens": 256, "seed": 42}, "prompt_tokens": 95, "completion_tokens": 9, "total_tokens": 104, "token_count_source": "tokenizer", "diffusion_steps": null, "flops_estimate": null, "flops_arch": null, "flops_model_params": null, "flops_active_params": null, "tokens_non_final": 3, "tokens_reasoning": 0, "tokens_response": 3, "elapsed_seconds": 0.3052713871002197, "judgement": "Mildly off"}
{"id": "fermi_000763", "topic": "fermi", "subtopic": "crowd_density", "prompt": "A plaza is about 60 m by 35 m, with roughly 4 people per square meter. About how many people are there?", "exact_value": 8400, "model": "qwen/qwen2.5-3b-instruct", "provider": "transformers", "response": "Final answer: 2000", "numeric_answer": 2000.0, "relative_error": 0.7619047619047619, "thinking_text": null, "has_tool_call": false, "tool_call": null, "usage": {"prompt_tokens": 95, "completion_tokens": 9, "total_tokens": 104, "token_count_source": "tokenizer"}, "decoding": {"temperature": 0.2, "top_p": null, "top_k": null, "max_tokens": 256, "seed": 42}, "prompt_tokens": 95, "completion_tokens": 9, "total_tokens": 104, "token_count_source": "tokenizer", "diffusion_steps": null, "flops_estimate": null, "flops_arch": null, "flops_model_params": null, "flops_active_params": null, "tokens_non_final": 3, "tokens_reasoning": 0, "tokens_response": 3, "elapsed_seconds": 0.31489038467407227, "judgement": "Way off"}
{"id": "fermi_000783", "topic": "fermi", "subtopic": "crowd_density", "prompt": "A plaza is about 50 m by 25 m, with roughly 4 people per square meter. About how many people are there?", "exact_value": 5000, "model": "qwen/qwen2.5-3b-instruct", "provider": "transformers", "response": "Final answer: 3000", "numeric_answer": 3000.0, "relative_error": 0.4, "thinking_text": null, "has_tool_call": false, "tool_call": null, "usage": {"prompt_tokens": 95, "completion_tokens": 9, "total_tokens": 104, "token_count_source": "tokenizer"}, "decoding": {"temperature": 0.2, "top_p": null, "top_k": null, "max_tokens": 256, "seed": 42}, "prompt_tokens": 95, "completion_tokens": 9, "total_tokens": 104, "token_count_source": "tokenizer", "diffusion_steps": null, "flops_estimate": null, "flops_arch": null, "flops_model_params": null, "flops_active_params": null, "tokens_non_final": 3, "tokens_reasoning": 0, "tokens_response": 3, "elapsed_seconds": 0.31363844871520996, "judgement": "Mildly off"}
{"id": "fermi_000803", "topic": "fermi", "subtopic": "crowd_density", "prompt": "A plaza is about 30 m by 20 m, with roughly 2 people per square meter. About how many people are there?", "exact_value": 1200, "model": "qwen/qwen2.5-3b-instruct", "provider": "transformers", "response": "Final answer: 600", "numeric_answer": 600.0, "relative_error": 0.5, "thinking_text": null, "has_tool_call": false, "tool_call": null, "usage": {"prompt_tokens": 95, "completion_tokens": 8, "total_tokens": 103, "token_count_source": "tokenizer"}, "decoding": {"temperature": 0.2, "top_p": null, "top_k": null, "max_tokens": 256, "seed": 42}, "prompt_tokens": 95, "completion_tokens": 8, "total_tokens": 103, "token_count_source": "tokenizer", "diffusion_steps": null, "flops_estimate": null, "flops_arch": null, "flops_model_params": null, "flops_active_params": null, "tokens_non_final": 3, "tokens_reasoning": 0, "tokens_response": 3, "elapsed_seconds": 0.2561302185058594, "judgement": "Mildly off"}
{"id": "fermi_000823", "topic": "fermi", "subtopic": "crowd_density", "prompt": "A plaza is about 50 m by 20 m, with roughly 3 people per square meter. About how many people are there?", "exact_value": 3000, "model": "qwen/qwen2.5-3b-instruct", "provider": "transformers", "response": "Final answer: 1500", "numeric_answer": 1500.0, "relative_error": 0.5, "thinking_text": null, "has_tool_call": false, "tool_call": null, "usage": {"prompt_tokens": 95, "completion_tokens": 9, "total_tokens": 104, "token_count_source": "tokenizer"}, "decoding": {"temperature": 0.2, "top_p": null, "top_k": null, "max_tokens": 256, "seed": 42}, "prompt_tokens": 95, "completion_tokens": 9, "total_tokens": 104, "token_count_source": "tokenizer", "diffusion_steps": null, "flops_estimate": null, "flops_arch": null, "flops_model_params": null, "flops_active_params": null, "tokens_non_final": 3, "tokens_reasoning": 0, "tokens_response": 3, "elapsed_seconds": 0.3107733726501465, "judgement": "Mildly off"}
{"id": "fermi_000843", "topic": "fermi", "subtopic": "crowd_density", "prompt": "A plaza is about 40 m by 30 m, with roughly 2 people per square meter. About how many people are there?", "exact_value": 2400, "model": "qwen/qwen2.5-3b-instruct", "provider": "transformers", "response": "1600", "numeric_answer": 1600.0, "relative_error": 0.3333333333333333, "thinking_text": null, "has_tool_call": false, "tool_call": null, "usage": {"prompt_tokens": 95, "completion_tokens": 5, "total_tokens": 100, "token_count_source": "tokenizer"}, "decoding": {"temperature": 0.2, "top_p": null, "top_k": null, "max_tokens": 256, "seed": 42}, "prompt_tokens": 95, "completion_tokens": 5, "total_tokens": 100, "token_count_source": "tokenizer", "diffusion_steps": null, "flops_estimate": null, "flops_arch": null, "flops_model_params": null, "flops_active_params": null, "tokens_non_final": 1, "tokens_reasoning": 0, "tokens_response": 1, "elapsed_seconds": 0.15938639640808105, "judgement": "Mildly off"}
{"id": "fermi_000863", "topic": "fermi", "subtopic": "crowd_density", "prompt": "A plaza is about 50 m by 35 m, with roughly 4 people per square meter. About how many people are there?", "exact_value": 7000, "model": "qwen/qwen2.5-3b-instruct", "provider": "transformers", "response": "Final answer: 1625", "numeric_answer": 1625.0, "relative_error": 0.7678571428571429, "thinking_text": null, "has_tool_call": false, "tool_call": null, "usage": {"prompt_tokens": 95, "completion_tokens": 9, "total_tokens": 104, "token_count_source": "tokenizer"}, "decoding": {"temperature": 0.2, "top_p": null, "top_k": null, "max_tokens": 256, "seed": 42}, "prompt_tokens": 95, "completion_tokens": 9, "total_tokens": 104, "token_count_source": "tokenizer", "diffusion_steps": null, "flops_estimate": null, "flops_arch": null, "flops_model_params": null, "flops_active_params": null, "tokens_non_final": 3, "tokens_reasoning": 0, "tokens_response": 3, "elapsed_seconds": 0.3067011833190918, "judgement": "Way off"}
{"id": "fermi_000883", "topic": "fermi", "subtopic": "crowd_density", "prompt": "A plaza is about 60 m by 20 m, with roughly 4 people per square meter. About how many people are there?", "exact_value": 4800, "model": "qwen/qwen2.5-3b-instruct", "provider": "transformers", "response": "Final answer: 1600", "numeric_answer": 1600.0, "relative_error": 0.6666666666666666, "thinking_text": null, "has_tool_call": false, "tool_call": null, "usage": {"prompt_tokens": 95, "completion_tokens": 9, "total_tokens": 104, "token_count_source": "tokenizer"}, "decoding": {"temperature": 0.2, "top_p": null, "top_k": null, "max_tokens": 256, "seed": 42}, "prompt_tokens": 95, "completion_tokens": 9, "total_tokens": 104, "token_count_source": "tokenizer", "diffusion_steps": null, "flops_estimate": null, "flops_arch": null, "flops_model_params": null, "flops_active_params": null, "tokens_non_final": 3, "tokens_reasoning": 0, "tokens_response": 3, "elapsed_seconds": 0.2878282070159912, "judgement": "Way off"}
{"id": "fermi_000903", "topic": "fermi", "subtopic": "crowd_density", "prompt": "A plaza is about 60 m by 20 m, with roughly 1 people per square meter. About how many people are there?", "exact_value": 1200, "model": "qwen/qwen2.5-3b-instruct", "provider": "transformers", "response": "Final answer: 1600", "numeric_answer": 1600.0, "relative_error": 0.3333333333333333, "thinking_text": null, "has_tool_call": false, "tool_call": null, "usage": {"prompt_tokens": 95, "completion_tokens": 9, "total_tokens": 104, "token_count_source": "tokenizer"}, "decoding": {"temperature": 0.2, "top_p": null, "top_k": null, "max_tokens": 256, "seed": 42}, "prompt_tokens": 95, "completion_tokens": 9, "total_tokens": 104, "token_count_source": "tokenizer", "diffusion_steps": null, "flops_estimate": null, "flops_arch": null, "flops_model_params": null, "flops_active_params": null, "tokens_non_final": 3, "tokens_reasoning": 0, "tokens_response": 3, "elapsed_seconds": 0.29190516471862793, "judgement": "Mildly off"}
{"id": "fermi_000923", "topic": "fermi", "subtopic": "crowd_density", "prompt": "A plaza is about 30 m by 20 m, with roughly 3 people per square meter. About how many people are there?", "exact_value": 1800, "model": "qwen/qwen2.5-3b-instruct", "provider": "transformers", "response": "1500", "numeric_answer": 1500.0, "relative_error": 0.16666666666666666, "thinking_text": null, "has_tool_call": false, "tool_call": null, "usage": {"prompt_tokens": 95, "completion_tokens": 5, "total_tokens": 100, "token_count_source": "tokenizer"}, "decoding": {"temperature": 0.2, "top_p": null, "top_k": null, "max_tokens": 256, "seed": 42}, "prompt_tokens": 95, "completion_tokens": 5, "total_tokens": 100, "token_count_source": "tokenizer", "diffusion_steps": null, "flops_estimate": null, "flops_arch": null, "flops_model_params": null, "flops_active_params": null, "tokens_non_final": 1, "tokens_reasoning": 0, "tokens_response": 1, "elapsed_seconds": 0.17722129821777344, "judgement": "Good approximation"}
{"id": "fermi_000943", "topic": "fermi", "subtopic": "crowd_density", "prompt": "A plaza is about 50 m by 25 m, with roughly 1 people per square meter. About how many people are there?", "exact_value": 1250, "model": "qwen/qwen2.5-3b-instruct", "provider": "transformers", "response": "Final answer: 800", "numeric_answer": 800.0, "relative_error": 0.36, "thinking_text": null, "has_tool_call": false, "tool_call": null, "usage": {"prompt_tokens": 95, "completion_tokens": 8, "total_tokens": 103, "token_count_source": "tokenizer"}, "decoding": {"temperature": 0.2, "top_p": null, "top_k": null, "max_tokens": 256, "seed": 42}, "prompt_tokens": 95, "completion_tokens": 8, "total_tokens": 103, "token_count_source": "tokenizer", "diffusion_steps": null, "flops_estimate": null, "flops_arch": null, "flops_model_params": null, "flops_active_params": null, "tokens_non_final": 3, "tokens_reasoning": 0, "tokens_response": 3, "elapsed_seconds": 0.27852535247802734, "judgement": "Mildly off"}
{"id": "fermi_000963", "topic": "fermi", "subtopic": "crowd_density", "prompt": "A plaza is about 70 m by 35 m, with roughly 4 people per square meter. About how many people are there?", "exact_value": 9800, "model": "qwen/qwen2.5-3b-instruct", "provider": "transformers", "response": "Final answer: 3180", "numeric_answer": 3180.0, "relative_error": 0.6755102040816326, "thinking_text": null, "has_tool_call": false, "tool_call": null, "usage": {"prompt_tokens": 95, "completion_tokens": 9, "total_tokens": 104, "token_count_source": "tokenizer"}, "decoding": {"temperature": 0.2, "top_p": null, "top_k": null, "max_tokens": 256, "seed": 42}, "prompt_tokens": 95, "completion_tokens": 9, "total_tokens": 104, "token_count_source": "tokenizer", "diffusion_steps": null, "flops_estimate": null, "flops_arch": null, "flops_model_params": null, "flops_active_params": null, "tokens_non_final": 3, "tokens_reasoning": 0, "tokens_response": 3, "elapsed_seconds": 0.3170175552368164, "judgement": "Way off"}
{"id": "fermi_000983", "topic": "fermi", "subtopic": "crowd_density", "prompt": "A plaza is about 50 m by 25 m, with roughly 3 people per square meter. About how many people are there?", "exact_value": 3750, "model": "qwen/qwen2.5-3b-instruct", "provider": "transformers", "response": "Final answer: 1800", "numeric_answer": 1800.0, "relative_error": 0.52, "thinking_text": null, "has_tool_call": false, "tool_call": null, "usage": {"prompt_tokens": 95, "completion_tokens": 9, "total_tokens": 104, "token_count_source": "tokenizer"}, "decoding": {"temperature": 0.2, "top_p": null, "top_k": null, "max_tokens": 256, "seed": 42}, "prompt_tokens": 95, "completion_tokens": 9, "total_tokens": 104, "token_count_source": "tokenizer", "diffusion_steps": null, "flops_estimate": null, "flops_arch": null, "flops_model_params": null, "flops_active_params": null, "tokens_non_final": 3, "tokens_reasoning": 0, "tokens_response": 3, "elapsed_seconds": 0.31489133834838867, "judgement": "Mildly off"}
{"id": "fermi_001003", "topic": "fermi", "subtopic": "crowd_density", "prompt": "A plaza is about 30 m by 25 m, with roughly 3 people per square meter. About how many people are there?", "exact_value": 2250, "model": "qwen/qwen2.5-3b-instruct", "provider": "transformers", "response": "1800", "numeric_answer": 1800.0, "relative_error": 0.2, "thinking_text": null, "has_tool_call": false, "tool_call": null, "usage": {"prompt_tokens": 95, "completion_tokens": 5, "total_tokens": 100, "token_count_source": "tokenizer"}, "decoding": {"temperature": 0.2, "top_p": null, "top_k": null, "max_tokens": 256, "seed": 42}, "prompt_tokens": 95, "completion_tokens": 5, "total_tokens": 100, "token_count_source": "tokenizer", "diffusion_steps": null, "flops_estimate": null, "flops_arch": null, "flops_model_params": null, "flops_active_params": null, "tokens_non_final": 1, "tokens_reasoning": 0, "tokens_response": 1, "elapsed_seconds": 0.15958070755004883, "judgement": "Good approximation"}
{"id": "fermi_001023", "topic": "fermi", "subtopic": "crowd_density", "prompt": "A plaza is about 30 m by 25 m, with roughly 2 people per square meter. About how many people are there?", "exact_value": 1500, "model": "qwen/qwen2.5-3b-instruct", "provider": "transformers", "response": "1800", "numeric_answer": 1800.0, "relative_error": 0.2, "thinking_text": null, "has_tool_call": false, "tool_call": null, "usage": {"prompt_tokens": 95, "completion_tokens": 5, "total_tokens": 100, "token_count_source": "tokenizer"}, "decoding": {"temperature": 0.2, "top_p": null, "top_k": null, "max_tokens": 256, "seed": 42}, "prompt_tokens": 95, "completion_tokens": 5, "total_tokens": 100, "token_count_source": "tokenizer", "diffusion_steps": null, "flops_estimate": null, "flops_arch": null, "flops_model_params": null, "flops_active_params": null, "tokens_non_final": 1, "tokens_reasoning": 0, "tokens_response": 1, "elapsed_seconds": 0.15937399864196777, "judgement": "Good approximation"}
{"id": "fermi_001043", "topic": "fermi", "subtopic": "crowd_density", "prompt": "A plaza is about 60 m by 20 m, with roughly 3 people per square meter. About how many people are there?", "exact_value": 3600, "model": "qwen/qwen2.5-3b-instruct", "provider": "transformers", "response": "Final answer: 1200", "numeric_answer": 1200.0, "relative_error": 0.6666666666666666, "thinking_text": null, "has_tool_call": false, "tool_call": null, "usage": {"prompt_tokens": 95, "completion_tokens": 9, "total_tokens": 104, "token_count_source": "tokenizer"}, "decoding": {"temperature": 0.2, "top_p": null, "top_k": null, "max_tokens": 256, "seed": 42}, "prompt_tokens": 95, "completion_tokens": 9, "total_tokens": 104, "token_count_source": "tokenizer", "diffusion_steps": null, "flops_estimate": null, "flops_arch": null, "flops_model_params": null, "flops_active_params": null, "tokens_non_final": 3, "tokens_reasoning": 0, "tokens_response": 3, "elapsed_seconds": 0.2853834629058838, "judgement": "Way off"}
{"id": "fermi_001063", "topic": "fermi", "subtopic": "crowd_density", "prompt": "A plaza is about 40 m by 20 m, with roughly 1 people per square meter. About how many people are there?", "exact_value": 800, "model": "qwen/qwen2.5-3b-instruct", "provider": "transformers", "response": "Final answer: 800", "numeric_answer": 800.0, "relative_error": 0.0, "thinking_text": null, "has_tool_call": false, "tool_call": null, "usage": {"prompt_tokens": 95, "completion_tokens": 8, "total_tokens": 103, "token_count_source": "tokenizer"}, "decoding": {"temperature": 0.2, "top_p": null, "top_k": null, "max_tokens": 256, "seed": 42}, "prompt_tokens": 95, "completion_tokens": 8, "total_tokens": 103, "token_count_source": "tokenizer", "diffusion_steps": null, "flops_estimate": null, "flops_arch": null, "flops_model_params": null, "flops_active_params": null, "tokens_non_final": 3, "tokens_reasoning": 0, "tokens_response": 3, "elapsed_seconds": 0.28171563148498535, "judgement": "Exact math"}
{"id": "travel_time_000108", "topic": "travel_time", "subtopic": "drive_time", "prompt": "You need to travel about 161 miles at around 55 mph. About how many hours will it take?", "exact_value": 2.92, "model": "qwen/qwen2.5-3b-instruct", "provider": "transformers", "response": "8.02794590289731", "numeric_answer": 8.02794590289731, "relative_error": 1.74929654208812, "thinking_text": null, "has_tool_call": false, "tool_call": null, "usage": {"prompt_tokens": 90, "completion_tokens": 17, "total_tokens": 107, "token_count_source": "tokenizer"}, "decoding": {"temperature": 0.2, "top_p": null, "top_k": null, "max_tokens": 256, "seed": 42}, "prompt_tokens": 90, "completion_tokens": 17, "total_tokens": 107, "token_count_source": "tokenizer", "diffusion_steps": null, "flops_estimate": null, "flops_arch": null, "flops_model_params": null, "flops_active_params": null, "tokens_non_final": 1, "tokens_reasoning": 0, "tokens_response": 1, "elapsed_seconds": 0.5367991924285889, "judgement": "Way off"}
{"id": "travel_time_000128", "topic": "travel_time", "subtopic": "drive_time", "prompt": "You need to travel about 11 miles at around 45 mph. About how many hours will it take?", "exact_value": 0.2511111111111111, "model": "qwen/qwen2.5-3b-instruct", "provider": "transformers", "response": "2.5", "numeric_answer": 2.5, "relative_error": 8.95575221238938, "thinking_text": null, "has_tool_call": false, "tool_call": null, "usage": {"prompt_tokens": 89, "completion_tokens": 4, "total_tokens": 93, "token_count_source": "tokenizer"}, "decoding": {"temperature": 0.2, "top_p": null, "top_k": null, "max_tokens": 256, "seed": 42}, "prompt_tokens": 89, "completion_tokens": 4, "total_tokens": 93, "token_count_source": "tokenizer", "diffusion_steps": null, "flops_estimate": null, "flops_arch": null, "flops_model_params": null, "flops_active_params": null, "tokens_non_final": 1, "tokens_reasoning": 0, "tokens_response": 1, "elapsed_seconds": 0.12761473655700684, "judgement": "Way off"}
{"id": "travel_time_000148", "topic": "travel_time", "subtopic": "drive_time", "prompt": "You need to travel about 189 miles at around 45 mph. About how many hours will it take?", "exact_value": 4.202222222222222, "model": "qwen/qwen2.5-3b-instruct", "provider": "transformers", "response": "4.0", "numeric_answer": 4.0, "relative_error": 0.04812268640930716, "thinking_text": null, "has_tool_call": false, "tool_call": null, "usage": {"prompt_tokens": 90, "completion_tokens": 4, "total_tokens": 94, "token_count_source": "tokenizer"}, "decoding": {"temperature": 0.2, "top_p": null, "top_k": null, "max_tokens": 256, "seed": 42}, "prompt_tokens": 90, "completion_tokens": 4, "total_tokens": 94, "token_count_source": "tokenizer", "diffusion_steps": null, "flops_estimate": null, "flops_arch": null, "flops_model_params": null, "flops_active_params": null, "tokens_non_final": 1, "tokens_reasoning": 0, "tokens_response": 1, "elapsed_seconds": 0.12713170051574707, "judgement": "Good approximation"}
{"id": "travel_time_000168", "topic": "travel_time", "subtopic": "drive_time", "prompt": "You need to travel about 239 miles at around 45 mph. About how many hours will it take?", "exact_value": 5.304444444444444, "model": "qwen/qwen2.5-3b-instruct", "provider": "transformers", "response": "3.0", "numeric_answer": 3.0, "relative_error": 0.43443653121072473, "thinking_text": null, "has_tool_call": false, "tool_call": null, "usage": {"prompt_tokens": 90, "completion_tokens": 4, "total_tokens": 94, "token_count_source": "tokenizer"}, "decoding": {"temperature": 0.2, "top_p": null, "top_k": null, "max_tokens": 256, "seed": 42}, "prompt_tokens": 90, "completion_tokens": 4, "total_tokens": 94, "token_count_source": "tokenizer", "diffusion_steps": null, "flops_estimate": null, "flops_arch": null, "flops_model_params": null, "flops_active_params": null, "tokens_non_final": 1, "tokens_reasoning": 0, "tokens_response": 1, "elapsed_seconds": 0.1272883415222168, "judgement": "Mildly off"}
{"id": "travel_time_000188", "topic": "travel_time", "subtopic": "drive_time", "prompt": "You need to travel about 118 miles at around 45 mph. About how many hours will it take?", "exact_value": 2.6133333333333333, "model": "qwen/qwen2.5-3b-instruct", "provider": "transformers", "response": "3.0", "numeric_answer": 3.0, "relative_error": 0.1479591836734694, "thinking_text": null, "has_tool_call": false, "tool_call": null, "usage": {"prompt_tokens": 90, "completion_tokens": 4, "total_tokens": 94, "token_count_source": "tokenizer"}, "decoding": {"temperature": 0.2, "top_p": null, "top_k": null, "max_tokens": 256, "seed": 42}, "prompt_tokens": 90, "completion_tokens": 4, "total_tokens": 94, "token_count_source": "tokenizer", "diffusion_steps": null, "flops_estimate": null, "flops_arch": null, "flops_model_params": null, "flops_active_params": null, "tokens_non_final": 1, "tokens_reasoning": 0, "tokens_response": 1, "elapsed_seconds": 0.12803316116333008, "judgement": "Good approximation"}
{"id": "travel_time_000208", "topic": "travel_time", "subtopic": "drive_time", "prompt": "You need to travel about 224 miles at around 55 mph. About how many hours will it take?", "exact_value": 4.067272727272727, "model": "qwen/qwen2.5-3b-instruct", "provider": "transformers", "response": "3.0", "numeric_answer": 3.0, "relative_error": 0.26240500670540906, "thinking_text": null, "has_tool_call": false, "tool_call": null, "usage": {"prompt_tokens": 90, "completion_tokens": 4, "total_tokens": 94, "token_count_source": "tokenizer"}, "decoding": {"temperature": 0.2, "top_p": null, "top_k": null, "max_tokens": 256, "seed": 42}, "prompt_tokens": 90, "completion_tokens": 4, "total_tokens": 94, "token_count_source": "tokenizer", "diffusion_steps": null, "flops_estimate": null, "flops_arch": null, "flops_model_params": null, "flops_active_params": null, "tokens_non_final": 1, "tokens_reasoning": 0, "tokens_response": 1, "elapsed_seconds": 0.15689921379089355, "judgement": "Mildly off"}
{"id": "travel_time_000228", "topic": "travel_time", "subtopic": "drive_time", "prompt": "You need to travel about 37 miles at around 45 mph. About how many hours will it take?", "exact_value": 0.8222222222222222, "model": "qwen/qwen2.5-3b-instruct", "provider": "transformers", "response": "2.06", "numeric_answer": 2.06, "relative_error": 1.5054054054054056, "thinking_text": null, "has_tool_call": false, "tool_call": null, "usage": {"prompt_tokens": 89, "completion_tokens": 5, "total_tokens": 94, "token_count_source": "tokenizer"}, "decoding": {"temperature": 0.2, "top_p": null, "top_k": null, "max_tokens": 256, "seed": 42}, "prompt_tokens": 89, "completion_tokens": 5, "total_tokens": 94, "token_count_source": "tokenizer", "diffusion_steps": null, "flops_estimate": null, "flops_arch": null, "flops_model_params": null, "flops_active_params": null, "tokens_non_final": 1, "tokens_reasoning": 0, "tokens_response": 1, "elapsed_seconds": 0.20581722259521484, "judgement": "Way off"}
{"id": "travel_time_000248", "topic": "travel_time", "subtopic": "drive_time", "prompt": "You need to travel about 213 miles at around 35 mph. About how many hours will it take?", "exact_value": 6.082857142857143, "model": "qwen/qwen2.5-3b-instruct", "provider": "transformers", "response": "4.079686008920333", "numeric_answer": 4.079686008920333, "relative_error": 0.3293141835969392, "thinking_text": null, "has_tool_call": false, "tool_call": null, "usage": {"prompt_tokens": 90, "completion_tokens": 18, "total_tokens": 108, "token_count_source": "tokenizer"}, "decoding": {"temperature": 0.2, "top_p": null, "top_k": null, "max_tokens": 256, "seed": 42}, "prompt_tokens": 90, "completion_tokens": 18, "total_tokens": 108, "token_count_source": "tokenizer", "diffusion_steps": null, "flops_estimate": null, "flops_arch": null, "flops_model_params": null, "flops_active_params": null, "tokens_non_final": 1, "tokens_reasoning": 0, "tokens_response": 1, "elapsed_seconds": 0.5703339576721191, "judgement": "Mildly off"}
{"id": "travel_time_000268", "topic": "travel_time", "subtopic": "drive_time", "prompt": "You need to travel about 130 miles at around 35 mph. About how many hours will it take?", "exact_value": 3.7228571428571433, "model": "qwen/qwen2.5-3b-instruct", "provider": "transformers", "response": "2.6666320588235473", "numeric_answer": 2.6666320588235473, "relative_error": 0.2837135682361923, "thinking_text": null, "has_tool_call": false, "tool_call": null, "usage": {"prompt_tokens": 90, "completion_tokens": 19, "total_tokens": 109, "token_count_source": "tokenizer"}, "decoding": {"temperature": 0.2, "top_p": null, "top_k": null, "max_tokens": 256, "seed": 42}, "prompt_tokens": 90, "completion_tokens": 19, "total_tokens": 109, "token_count_source": "tokenizer", "diffusion_steps": null, "flops_estimate": null, "flops_arch": null, "flops_model_params": null, "flops_active_params": null, "tokens_non_final": 1, "tokens_reasoning": 0, "tokens_response": 1, "elapsed_seconds": 0.6358609199523926, "judgement": "Mildly off"}
{"id": "travel_time_000288", "topic": "travel_time", "subtopic": "drive_time", "prompt": "You need to travel about 182 miles at around 45 mph. About how many hours will it take?", "exact_value": 4.04, "model": "qwen/qwen2.5-3b-instruct", "provider": "transformers", "response": "4.0", "numeric_answer": 4.0, "relative_error": 0.00990099009900991, "thinking_text": null, "has_tool_call": false, "tool_call": null, "usage": {"prompt_tokens": 90, "completion_tokens": 4, "total_tokens": 94, "token_count_source": "tokenizer"}, "decoding": {"temperature": 0.2, "top_p": null, "top_k": null, "max_tokens": 256, "seed": 42}, "prompt_tokens": 90, "completion_tokens": 4, "total_tokens": 94, "token_count_source": "tokenizer", "diffusion_steps": null, "flops_estimate": null, "flops_arch": null, "flops_model_params": null, "flops_active_params": null, "tokens_non_final": 1, "tokens_reasoning": 0, "tokens_response": 1, "elapsed_seconds": 0.12963032722473145, "judgement": "Good approximation"}
{"id": "travel_time_000308", "topic": "travel_time", "subtopic": "drive_time", "prompt": "You need to travel about 220 miles at around 55 mph. About how many hours will it take?", "exact_value": 4.009090909090909, "model": "qwen/qwen2.5-3b-instruct", "provider": "transformers", "response": "3.0", "numeric_answer": 3.0, "relative_error": 0.2517006802721088, "thinking_text": null, "has_tool_call": false, "tool_call": null, "usage": {"prompt_tokens": 90, "completion_tokens": 4, "total_tokens": 94, "token_count_source": "tokenizer"}, "decoding": {"temperature": 0.2, "top_p": null, "top_k": null, "max_tokens": 256, "seed": 42}, "prompt_tokens": 90, "completion_tokens": 4, "total_tokens": 94, "token_count_source": "tokenizer", "diffusion_steps": null, "flops_estimate": null, "flops_arch": null, "flops_model_params": null, "flops_active_params": null, "tokens_non_final": 1, "tokens_reasoning": 0, "tokens_response": 1, "elapsed_seconds": 0.15584564208984375, "judgement": "Mildly off"}
{"id": "travel_time_000328", "topic": "travel_time", "subtopic": "drive_time", "prompt": "You need to travel about 144 miles at around 65 mph. About how many hours will it take?", "exact_value": 2.2184615384615385, "model": "qwen/qwen2.5-3b-instruct", "provider": "transformers", "response": "2.5", "numeric_answer": 2.5, "relative_error": 0.12690707350901526, "thinking_text": null, "has_tool_call": false, "tool_call": null, "usage": {"prompt_tokens": 90, "completion_tokens": 4, "total_tokens": 94, "token_count_source": "tokenizer"}, "decoding": {"temperature": 0.2, "top_p": null, "top_k": null, "max_tokens": 256, "seed": 42}, "prompt_tokens": 90, "completion_tokens": 4, "total_tokens": 94, "token_count_source": "tokenizer", "diffusion_steps": null, "flops_estimate": null, "flops_arch": null, "flops_model_params": null, "flops_active_params": null, "tokens_non_final": 1, "tokens_reasoning": 0, "tokens_response": 1, "elapsed_seconds": 0.15716552734375, "judgement": "Good approximation"}
{"id": "travel_time_000348", "topic": "travel_time", "subtopic": "drive_time", "prompt": "You need to travel about 215 miles at around 25 mph. About how many hours will it take?", "exact_value": 8.612, "model": "qwen/qwen2.5-3b-instruct", "provider": "transformers", "response": "3.0", "numeric_answer": 3.0, "relative_error": 0.6516488620529494, "thinking_text": null, "has_tool_call": false, "tool_call": null, "usage": {"prompt_tokens": 90, "completion_tokens": 4, "total_tokens": 94, "token_count_source": "tokenizer"}, "decoding": {"temperature": 0.2, "top_p": null, "top_k": null, "max_tokens": 256, "seed": 42}, "prompt_tokens": 90, "completion_tokens": 4, "total_tokens": 94, "token_count_source": "tokenizer", "diffusion_steps": null, "flops_estimate": null, "flops_arch": null, "flops_model_params": null, "flops_active_params": null, "tokens_non_final": 1, "tokens_reasoning": 0, "tokens_response": 1, "elapsed_seconds": 0.15381932258605957, "judgement": "Way off"}
{"id": "travel_time_000368", "topic": "travel_time", "subtopic": "drive_time", "prompt": "You need to travel about 173 miles at around 55 mph. About how many hours will it take?", "exact_value": 3.152727272727273, "model": "qwen/qwen2.5-3b-instruct", "provider": "transformers", "response": "2.5489696970789697", "numeric_answer": 2.5489696970789697, "relative_error": 0.19150326793919648, "thinking_text": null, "has_tool_call": false, "tool_call": null, "usage": {"prompt_tokens": 90, "completion_tokens": 19, "total_tokens": 109, "token_count_source": "tokenizer"}, "decoding": {"temperature": 0.2, "top_p": null, "top_k": null, "max_tokens": 256, "seed": 42}, "prompt_tokens": 90, "completion_tokens": 19, "total_tokens": 109, "token_count_source": "tokenizer", "diffusion_steps": null, "flops_estimate": null, "flops_arch": null, "flops_model_params": null, "flops_active_params": null, "tokens_non_final": 1, "tokens_reasoning": 0, "tokens_response": 1, "elapsed_seconds": 0.6318044662475586, "judgement": "Good approximation"}
{"id": "travel_time_000388", "topic": "travel_time", "subtopic": "drive_time", "prompt": "You need to travel about 73 miles at around 25 mph. About how many hours will it take?", "exact_value": 2.92, "model": "qwen/qwen2.5-3b-instruct", "provider": "transformers", "response": "4.0", "numeric_answer": 4.0, "relative_error": 0.36986301369863017, "thinking_text": null, "has_tool_call": false, "tool_call": null, "usage": {"prompt_tokens": 89, "completion_tokens": 4, "total_tokens": 93, "token_count_source": "tokenizer"}, "decoding": {"temperature": 0.2, "top_p": null, "top_k": null, "max_tokens": 256, "seed": 42}, "prompt_tokens": 89, "completion_tokens": 4, "total_tokens": 93, "token_count_source": "tokenizer", "diffusion_steps": null, "flops_estimate": null, "flops_arch": null, "flops_model_params": null, "flops_active_params": null, "tokens_non_final": 1, "tokens_reasoning": 0, "tokens_response": 1, "elapsed_seconds": 0.1281590461730957, "judgement": "Mildly off"}
{"id": "travel_time_000408", "topic": "travel_time", "subtopic": "drive_time", "prompt": "You need to travel about 66 miles at around 65 mph. About how many hours will it take?", "exact_value": 1.0215384615384617, "model": "qwen/qwen2.5-3b-instruct", "provider": "transformers", "response": "8.025", "numeric_answer": 8.025, "relative_error": 6.855798192771083, "thinking_text": null, "has_tool_call": false, "tool_call": null, "usage": {"prompt_tokens": 89, "completion_tokens": 6, "total_tokens": 95, "token_count_source": "tokenizer"}, "decoding": {"temperature": 0.2, "top_p": null, "top_k": null, "max_tokens": 256, "seed": 42}, "prompt_tokens": 89, "completion_tokens": 6, "total_tokens": 95, "token_count_source": "tokenizer", "diffusion_steps": null, "flops_estimate": null, "flops_arch": null, "flops_model_params": null, "flops_active_params": null, "tokens_non_final": 1, "tokens_reasoning": 0, "tokens_response": 1, "elapsed_seconds": 0.22076654434204102, "judgement": "Way off"}
{"id": "travel_time_000428", "topic": "travel_time", "subtopic": "drive_time", "prompt": "You need to travel about 18 miles at around 65 mph. About how many hours will it take?", "exact_value": 0.27999999999999997, "model": "qwen/qwen2.5-3b-instruct", "provider": "transformers", "response": "2.0", "numeric_answer": 2.0, "relative_error": 6.142857142857143, "thinking_text": null, "has_tool_call": false, "tool_call": null, "usage": {"prompt_tokens": 89, "completion_tokens": 4, "total_tokens": 93, "token_count_source": "tokenizer"}, "decoding": {"temperature": 0.2, "top_p": null, "top_k": null, "max_tokens": 256, "seed": 42}, "prompt_tokens": 89, "completion_tokens": 4, "total_tokens": 93, "token_count_source": "tokenizer", "diffusion_steps": null, "flops_estimate": null, "flops_arch": null, "flops_model_params": null, "flops_active_params": null, "tokens_non_final": 1, "tokens_reasoning": 0, "tokens_response": 1, "elapsed_seconds": 0.1468830108642578, "judgement": "Way off"}
{"id": "travel_time_000448", "topic": "travel_time", "subtopic": "drive_time", "prompt": "You need to travel about 208 miles at around 35 mph. About how many hours will it take?", "exact_value": 5.951428571428572, "model": "qwen/qwen2.5-3b-instruct", "provider": "transformers", "response": "4.0", "numeric_answer": 4.0, "relative_error": 0.3278924627940471, "thinking_text": null, "has_tool_call": false, "tool_call": null, "usage": {"prompt_tokens": 90, "completion_tokens": 4, "total_tokens": 94, "token_count_source": "tokenizer"}, "decoding": {"temperature": 0.2, "top_p": null, "top_k": null, "max_tokens": 256, "seed": 42}, "prompt_tokens": 90, "completion_tokens": 4, "total_tokens": 94, "token_count_source": "tokenizer", "diffusion_steps": null, "flops_estimate": null, "flops_arch": null, "flops_model_params": null, "flops_active_params": null, "tokens_non_final": 1, "tokens_reasoning": 0, "tokens_response": 1, "elapsed_seconds": 0.15261435508728027, "judgement": "Mildly off"}
{"id": "travel_time_000468", "topic": "travel_time", "subtopic": "drive_time", "prompt": "You need to travel about 49 miles at around 35 mph. About how many hours will it take?", "exact_value": 1.3885714285714286, "model": "qwen/qwen2.5-3b-instruct", "provider": "transformers", "response": "2.5", "numeric_answer": 2.5, "relative_error": 0.8004115226337448, "thinking_text": null, "has_tool_call": false, "tool_call": null, "usage": {"prompt_tokens": 89, "completion_tokens": 4, "total_tokens": 93, "token_count_source": "tokenizer"}, "decoding": {"temperature": 0.2, "top_p": null, "top_k": null, "max_tokens": 256, "seed": 42}, "prompt_tokens": 89, "completion_tokens": 4, "total_tokens": 93, "token_count_source": "tokenizer", "diffusion_steps": null, "flops_estimate": null, "flops_arch": null, "flops_model_params": null, "flops_active_params": null, "tokens_non_final": 1, "tokens_reasoning": 0, "tokens_response": 1, "elapsed_seconds": 0.12787175178527832, "judgement": "Way off"}
{"id": "travel_time_000488", "topic": "travel_time", "subtopic": "drive_time", "prompt": "You need to travel about 85 miles at around 55 mph. About how many hours will it take?", "exact_value": 1.5454545454545454, "model": "qwen/qwen2.5-3b-instruct", "provider": "transformers", "response": "2.0", "numeric_answer": 2.0, "relative_error": 0.29411764705882354, "thinking_text": null, "has_tool_call": false, "tool_call": null, "usage": {"prompt_tokens": 89, "completion_tokens": 4, "total_tokens": 93, "token_count_source": "tokenizer"}, "decoding": {"temperature": 0.2, "top_p": null, "top_k": null, "max_tokens": 256, "seed": 42}, "prompt_tokens": 89, "completion_tokens": 4, "total_tokens": 93, "token_count_source": "tokenizer", "diffusion_steps": null, "flops_estimate": null, "flops_arch": null, "flops_model_params": null, "flops_active_params": null, "tokens_non_final": 1, "tokens_reasoning": 0, "tokens_response": 1, "elapsed_seconds": 0.15567874908447266, "judgement": "Mildly off"}
{"id": "travel_time_000508", "topic": "travel_time", "subtopic": "drive_time", "prompt": "You need to travel about 139 miles at around 35 mph. About how many hours will it take?", "exact_value": 3.9800000000000004, "model": "qwen/qwen2.5-3b-instruct", "provider": "transformers", "response": "2.86", "numeric_answer": 2.86, "relative_error": 0.2814070351758795, "thinking_text": null, "has_tool_call": false, "tool_call": null, "usage": {"prompt_tokens": 90, "completion_tokens": 5, "total_tokens": 95, "token_count_source": "tokenizer"}, "decoding": {"temperature": 0.2, "top_p": null, "top_k": null, "max_tokens": 256, "seed": 42}, "prompt_tokens": 90, "completion_tokens": 5, "total_tokens": 95, "token_count_source": "tokenizer", "diffusion_steps": null, "flops_estimate": null, "flops_arch": null, "flops_model_params": null, "flops_active_params": null, "tokens_non_final": 1, "tokens_reasoning": 0, "tokens_response": 1, "elapsed_seconds": 0.18760013580322266, "judgement": "Mildly off"}
{"id": "travel_time_000528", "topic": "travel_time", "subtopic": "drive_time", "prompt": "You need to travel about 203 miles at around 45 mph. About how many hours will it take?", "exact_value": 4.511111111111111, "model": "qwen/qwen2.5-3b-instruct", "provider": "transformers", "response": "4.1875", "numeric_answer": 4.1875, "relative_error": 0.07173645320197043, "thinking_text": null, "has_tool_call": false, "tool_call": null, "usage": {"prompt_tokens": 90, "completion_tokens": 7, "total_tokens": 97, "token_count_source": "tokenizer"}, "decoding": {"temperature": 0.2, "top_p": null, "top_k": null, "max_tokens": 256, "seed": 42}, "prompt_tokens": 90, "completion_tokens": 7, "total_tokens": 97, "token_count_source": "tokenizer", "diffusion_steps": null, "flops_estimate": null, "flops_arch": null, "flops_model_params": null, "flops_active_params": null, "tokens_non_final": 1, "tokens_reasoning": 0, "tokens_response": 1, "elapsed_seconds": 0.24944376945495605, "judgement": "Good approximation"}
{"id": "travel_time_000548", "topic": "travel_time", "subtopic": "drive_time", "prompt": "You need to travel about 71 miles at around 65 mph. About how many hours will it take?", "exact_value": 1.0953846153846154, "model": "qwen/qwen2.5-3b-instruct", "provider": "transformers", "response": "4.0\n3.055894795724316 ≈ 4.0", "numeric_answer": 4.0, "relative_error": 2.651685393258427, "thinking_text": null, "has_tool_call": false, "tool_call": null, "usage": {"prompt_tokens": 89, "completion_tokens": 28, "total_tokens": 117, "token_count_source": "tokenizer"}, "decoding": {"temperature": 0.2, "top_p": null, "top_k": null, "max_tokens": 256, "seed": 42}, "prompt_tokens": 89, "completion_tokens": 28, "total_tokens": 117, "token_count_source": "tokenizer", "diffusion_steps": null, "flops_estimate": null, "flops_arch": null, "flops_model_params": null, "flops_active_params": null, "tokens_non_final": 4, "tokens_reasoning": 0, "tokens_response": 4, "elapsed_seconds": 0.8847663402557373, "judgement": "Way off"}
{"id": "travel_time_000568", "topic": "travel_time", "subtopic": "drive_time", "prompt": "You need to travel about 167 miles at around 45 mph. About how many hours will it take?", "exact_value": 3.7022222222222223, "model": "qwen/qwen2.5-3b-instruct", "provider": "transformers", "response": "2.55", "numeric_answer": 2.55, "relative_error": 0.31122448979591844, "thinking_text": null, "has_tool_call": false, "tool_call": null, "usage": {"prompt_tokens": 90, "completion_tokens": 5, "total_tokens": 95, "token_count_source": "tokenizer"}, "decoding": {"temperature": 0.2, "top_p": null, "top_k": null, "max_tokens": 256, "seed": 42}, "prompt_tokens": 90, "completion_tokens": 5, "total_tokens": 95, "token_count_source": "tokenizer", "diffusion_steps": null, "flops_estimate": null, "flops_arch": null, "flops_model_params": null, "flops_active_params": null, "tokens_non_final": 1, "tokens_reasoning": 0, "tokens_response": 1, "elapsed_seconds": 0.1806471347808838, "judgement": "Mildly off"}
{"id": "travel_time_000588", "topic": "travel_time", "subtopic": "drive_time", "prompt": "You need to travel about 59 miles at around 25 mph. About how many hours will it take?", "exact_value": 2.344, "model": "qwen/qwen2.5-3b-instruct", "provider": "transformers", "response": "3.0", "numeric_answer": 3.0, "relative_error": 0.279863481228669, "thinking_text": null, "has_tool_call": false, "tool_call": null, "usage": {"prompt_tokens": 89, "completion_tokens": 4, "total_tokens": 93, "token_count_source": "tokenizer"}, "decoding": {"temperature": 0.2, "top_p": null, "top_k": null, "max_tokens": 256, "seed": 42}, "prompt_tokens": 89, "completion_tokens": 4, "total_tokens": 93, "token_count_source": "tokenizer", "diffusion_steps": null, "flops_estimate": null, "flops_arch": null, "flops_model_params": null, "flops_active_params": null, "tokens_non_final": 1, "tokens_reasoning": 0, "tokens_response": 1, "elapsed_seconds": 0.1541275978088379, "judgement": "Mildly off"}
{"id": "travel_time_000608", "topic": "travel_time", "subtopic": "drive_time", "prompt": "You need to travel about 87 miles at around 25 mph. About how many hours will it take?", "exact_value": 3.468, "model": "qwen/qwen2.5-3b-instruct", "provider": "transformers", "response": "4.0", "numeric_answer": 4.0, "relative_error": 0.15340253748558247, "thinking_text": null, "has_tool_call": false, "tool_call": null, "usage": {"prompt_tokens": 89, "completion_tokens": 4, "total_tokens": 93, "token_count_source": "tokenizer"}, "decoding": {"temperature": 0.2, "top_p": null, "top_k": null, "max_tokens": 256, "seed": 42}, "prompt_tokens": 89, "completion_tokens": 4, "total_tokens": 93, "token_count_source": "tokenizer", "diffusion_steps": null, "flops_estimate": null, "flops_arch": null, "flops_model_params": null, "flops_active_params": null, "tokens_non_final": 1, "tokens_reasoning": 0, "tokens_response": 1, "elapsed_seconds": 0.15224742889404297, "judgement": "Good approximation"}
{"id": "travel_time_000628", "topic": "travel_time", "subtopic": "drive_time", "prompt": "You need to travel about 236 miles at around 45 mph. About how many hours will it take?", "exact_value": 5.2444444444444445, "model": "qwen/qwen2.5-3b-instruct", "provider": "transformers", "response": "3.0", "numeric_answer": 3.0, "relative_error": 0.4279661016949153, "thinking_text": null, "has_tool_call": false, "tool_call": null, "usage": {"prompt_tokens": 90, "completion_tokens": 4, "total_tokens": 94, "token_count_source": "tokenizer"}, "decoding": {"temperature": 0.2, "top_p": null, "top_k": null, "max_tokens": 256, "seed": 42}, "prompt_tokens": 90, "completion_tokens": 4, "total_tokens": 94, "token_count_source": "tokenizer", "diffusion_steps": null, "flops_estimate": null, "flops_arch": null, "flops_model_params": null, "flops_active_params": null, "tokens_non_final": 1, "tokens_reasoning": 0, "tokens_response": 1, "elapsed_seconds": 0.1298534870147705, "judgement": "Mildly off"}
{"id": "travel_time_000648", "topic": "travel_time", "subtopic": "drive_time", "prompt": "You need to travel about 202 miles at around 45 mph. About how many hours will it take?", "exact_value": 4.497777777777778, "model": "qwen/qwen2.5-3b-instruct", "provider": "transformers", "response": "3.525769230185185", "numeric_answer": 3.525769230185185, "relative_error": 0.21610861977108048, "thinking_text": null, "has_tool_call": false, "tool_call": null, "usage": {"prompt_tokens": 90, "completion_tokens": 18, "total_tokens": 108, "token_count_source": "tokenizer"}, "decoding": {"temperature": 0.2, "top_p": null, "top_k": null, "max_tokens": 256, "seed": 42}, "prompt_tokens": 90, "completion_tokens": 18, "total_tokens": 108, "token_count_source": "tokenizer", "diffusion_steps": null, "flops_estimate": null, "flops_arch": null, "flops_model_params": null, "flops_active_params": null, "tokens_non_final": 1, "tokens_reasoning": 0, "tokens_response": 1, "elapsed_seconds": 0.582636833190918, "judgement": "Mildly off"}
{"id": "travel_time_000668", "topic": "travel_time", "subtopic": "drive_time", "prompt": "You need to travel about 140 miles at around 25 mph. About how many hours will it take?", "exact_value": 5.6160000000000005, "model": "qwen/qwen2.5-3b-instruct", "provider": "transformers", "response": "3.0", "numeric_answer": 3.0, "relative_error": 0.4658119658119659, "thinking_text": null, "has_tool_call": false, "tool_call": null, "usage": {"prompt_tokens": 90, "completion_tokens": 4, "total_tokens": 94, "token_count_source": "tokenizer"}, "decoding": {"temperature": 0.2, "top_p": null, "top_k": null, "max_tokens": 256, "seed": 42}, "prompt_tokens": 90, "completion_tokens": 4, "total_tokens": 94, "token_count_source": "tokenizer", "diffusion_steps": null, "flops_estimate": null, "flops_arch": null, "flops_model_params": null, "flops_active_params": null, "tokens_non_final": 1, "tokens_reasoning": 0, "tokens_response": 1, "elapsed_seconds": 0.13309216499328613, "judgement": "Mildly off"}
{"id": "travel_time_000688", "topic": "travel_time", "subtopic": "drive_time", "prompt": "You need to travel about 10 miles at around 65 mph. About how many hours will it take?", "exact_value": 0.1523076923076923, "model": "qwen/qwen2.5-3b-instruct", "provider": "transformers", "response": "2.5", "numeric_answer": 2.5, "relative_error": 15.414141414141413, "thinking_text": null, "has_tool_call": false, "tool_call": null, "usage": {"prompt_tokens": 89, "completion_tokens": 4, "total_tokens": 93, "token_count_source": "tokenizer"}, "decoding": {"temperature": 0.2, "top_p": null, "top_k": null, "max_tokens": 256, "seed": 42}, "prompt_tokens": 89, "completion_tokens": 4, "total_tokens": 93, "token_count_source": "tokenizer", "diffusion_steps": null, "flops_estimate": null, "flops_arch": null, "flops_model_params": null, "flops_active_params": null, "tokens_non_final": 1, "tokens_reasoning": 0, "tokens_response": 1, "elapsed_seconds": 0.13158512115478516, "judgement": "Way off"}
{"id": "travel_time_000708", "topic": "travel_time", "subtopic": "drive_time", "prompt": "You need to travel about 187 miles at around 35 mph. About how many hours will it take?", "exact_value": 5.345714285714285, "model": "qwen/qwen2.5-3b-instruct", "provider": "transformers", "response": "2.069999949609321", "numeric_answer": 2.069999949609321, "relative_error": 0.6127739271174439, "thinking_text": null, "has_tool_call": false, "tool_call": null, "usage": {"prompt_tokens": 90, "completion_tokens": 18, "total_tokens": 108, "token_count_source": "tokenizer"}, "decoding": {"temperature": 0.2, "top_p": null, "top_k": null, "max_tokens": 256, "seed": 42}, "prompt_tokens": 90, "completion_tokens": 18, "total_tokens": 108, "token_count_source": "tokenizer", "diffusion_steps": null, "flops_estimate": null, "flops_arch": null, "flops_model_params": null, "flops_active_params": null, "tokens_non_final": 1, "tokens_reasoning": 0, "tokens_response": 1, "elapsed_seconds": 0.5861339569091797, "judgement": "Way off"}
{"id": "travel_time_000728", "topic": "travel_time", "subtopic": "drive_time", "prompt": "You need to travel about 85 miles at around 35 mph. About how many hours will it take?", "exact_value": 2.42, "model": "qwen/qwen2.5-3b-instruct", "provider": "transformers", "response": "2.0", "numeric_answer": 2.0, "relative_error": 0.17355371900826444, "thinking_text": null, "has_tool_call": false, "tool_call": null, "usage": {"prompt_tokens": 89, "completion_tokens": 4, "total_tokens": 93, "token_count_source": "tokenizer"}, "decoding": {"temperature": 0.2, "top_p": null, "top_k": null, "max_tokens": 256, "seed": 42}, "prompt_tokens": 89, "completion_tokens": 4, "total_tokens": 93, "token_count_source": "tokenizer", "diffusion_steps": null, "flops_estimate": null, "flops_arch": null, "flops_model_params": null, "flops_active_params": null, "tokens_non_final": 1, "tokens_reasoning": 0, "tokens_response": 1, "elapsed_seconds": 0.13228154182434082, "judgement": "Good approximation"}
{"id": "travel_time_000748", "topic": "travel_time", "subtopic": "drive_time", "prompt": "You need to travel about 45 miles at around 55 mph. About how many hours will it take?", "exact_value": 0.8200000000000001, "model": "qwen/qwen2.5-3b-instruct", "provider": "transformers", "response": "2.5", "numeric_answer": 2.5, "relative_error": 2.0487804878048776, "thinking_text": null, "has_tool_call": false, "tool_call": null, "usage": {"prompt_tokens": 89, "completion_tokens": 4, "total_tokens": 93, "token_count_source": "tokenizer"}, "decoding": {"temperature": 0.2, "top_p": null, "top_k": null, "max_tokens": 256, "seed": 42}, "prompt_tokens": 89, "completion_tokens": 4, "total_tokens": 93, "token_count_source": "tokenizer", "diffusion_steps": null, "flops_estimate": null, "flops_arch": null, "flops_model_params": null, "flops_active_params": null, "tokens_non_final": 1, "tokens_reasoning": 0, "tokens_response": 1, "elapsed_seconds": 0.14588141441345215, "judgement": "Way off"}
{"id": "travel_time_000768", "topic": "travel_time", "subtopic": "drive_time", "prompt": "You need to travel about 174 miles at around 55 mph. About how many hours will it take?", "exact_value": 3.1563636363636363, "model": "qwen/qwen2.5-3b-instruct", "provider": "transformers", "response": "2.55", "numeric_answer": 2.55, "relative_error": 0.1921082949308756, "thinking_text": null, "has_tool_call": false, "tool_call": null, "usage": {"prompt_tokens": 90, "completion_tokens": 5, "total_tokens": 95, "token_count_source": "tokenizer"}, "decoding": {"temperature": 0.2, "top_p": null, "top_k": null, "max_tokens": 256, "seed": 42}, "prompt_tokens": 90, "completion_tokens": 5, "total_tokens": 95, "token_count_source": "tokenizer", "diffusion_steps": null, "flops_estimate": null, "flops_arch": null, "flops_model_params": null, "flops_active_params": null, "tokens_non_final": 1, "tokens_reasoning": 0, "tokens_response": 1, "elapsed_seconds": 0.1637434959411621, "judgement": "Good approximation"}
{"id": "travel_time_000788", "topic": "travel_time", "subtopic": "drive_time", "prompt": "You need to travel about 88 miles at around 65 mph. About how many hours will it take?", "exact_value": 1.3507692307692307, "model": "qwen/qwen2.5-3b-instruct", "provider": "transformers", "response": "1.75", "numeric_answer": 1.75, "relative_error": 0.29555808656036453, "thinking_text": null, "has_tool_call": false, "tool_call": null, "usage": {"prompt_tokens": 89, "completion_tokens": 5, "total_tokens": 94, "token_count_source": "tokenizer"}, "decoding": {"temperature": 0.2, "top_p": null, "top_k": null, "max_tokens": 256, "seed": 42}, "prompt_tokens": 89, "completion_tokens": 5, "total_tokens": 94, "token_count_source": "tokenizer", "diffusion_steps": null, "flops_estimate": null, "flops_arch": null, "flops_model_params": null, "flops_active_params": null, "tokens_non_final": 1, "tokens_reasoning": 0, "tokens_response": 1, "elapsed_seconds": 0.16382288932800293, "judgement": "Mildly off"}
{"id": "travel_time_000808", "topic": "travel_time", "subtopic": "drive_time", "prompt": "You need to travel about 224 miles at around 35 mph. About how many hours will it take?", "exact_value": 6.402857142857143, "model": "qwen/qwen2.5-3b-instruct", "provider": "transformers", "response": "4.0", "numeric_answer": 4.0, "relative_error": 0.37527889335118253, "thinking_text": null, "has_tool_call": false, "tool_call": null, "usage": {"prompt_tokens": 90, "completion_tokens": 4, "total_tokens": 94, "token_count_source": "tokenizer"}, "decoding": {"temperature": 0.2, "top_p": null, "top_k": null, "max_tokens": 256, "seed": 42}, "prompt_tokens": 90, "completion_tokens": 4, "total_tokens": 94, "token_count_source": "tokenizer", "diffusion_steps": null, "flops_estimate": null, "flops_arch": null, "flops_model_params": null, "flops_active_params": null, "tokens_non_final": 1, "tokens_reasoning": 0, "tokens_response": 1, "elapsed_seconds": 0.13228321075439453, "judgement": "Mildly off"}
{"id": "travel_time_000828", "topic": "travel_time", "subtopic": "drive_time", "prompt": "You need to travel about 153 miles at around 45 mph. About how many hours will it take?", "exact_value": 3.391111111111111, "model": "qwen/qwen2.5-3b-instruct", "provider": "transformers", "response": "2.6", "numeric_answer": 2.6, "relative_error": 0.23328964613368278, "thinking_text": null, "has_tool_call": false, "tool_call": null, "usage": {"prompt_tokens": 90, "completion_tokens": 4, "total_tokens": 94, "token_count_source": "tokenizer"}, "decoding": {"temperature": 0.2, "top_p": null, "top_k": null, "max_tokens": 256, "seed": 42}, "prompt_tokens": 90, "completion_tokens": 4, "total_tokens": 94, "token_count_source": "tokenizer", "diffusion_steps": null, "flops_estimate": null, "flops_arch": null, "flops_model_params": null, "flops_active_params": null, "tokens_non_final": 1, "tokens_reasoning": 0, "tokens_response": 1, "elapsed_seconds": 0.13199162483215332, "judgement": "Mildly off"}
{"id": "travel_time_000848", "topic": "travel_time", "subtopic": "drive_time", "prompt": "You need to travel about 192 miles at around 25 mph. About how many hours will it take?", "exact_value": 7.7, "model": "qwen/qwen2.5-3b-instruct", "provider": "transformers", "response": "4.0", "numeric_answer": 4.0, "relative_error": 0.4805194805194805, "thinking_text": null, "has_tool_call": false, "tool_call": null, "usage": {"prompt_tokens": 90, "completion_tokens": 4, "total_tokens": 94, "token_count_source": "tokenizer"}, "decoding": {"temperature": 0.2, "top_p": null, "top_k": null, "max_tokens": 256, "seed": 42}, "prompt_tokens": 90, "completion_tokens": 4, "total_tokens": 94, "token_count_source": "tokenizer", "diffusion_steps": null, "flops_estimate": null, "flops_arch": null, "flops_model_params": null, "flops_active_params": null, "tokens_non_final": 1, "tokens_reasoning": 0, "tokens_response": 1, "elapsed_seconds": 0.13041090965270996, "judgement": "Mildly off"}
{"id": "travel_time_000868", "topic": "travel_time", "subtopic": "drive_time", "prompt": "You need to travel about 145 miles at around 25 mph. About how many hours will it take?", "exact_value": 5.792000000000001, "model": "qwen/qwen2.5-3b-instruct", "provider": "transformers", "response": "3.0", "numeric_answer": 3.0, "relative_error": 0.4820441988950277, "thinking_text": null, "has_tool_call": false, "tool_call": null, "usage": {"prompt_tokens": 90, "completion_tokens": 4, "total_tokens": 94, "token_count_source": "tokenizer"}, "decoding": {"temperature": 0.2, "top_p": null, "top_k": null, "max_tokens": 256, "seed": 42}, "prompt_tokens": 90, "completion_tokens": 4, "total_tokens": 94, "token_count_source": "tokenizer", "diffusion_steps": null, "flops_estimate": null, "flops_arch": null, "flops_model_params": null, "flops_active_params": null, "tokens_non_final": 1, "tokens_reasoning": 0, "tokens_response": 1, "elapsed_seconds": 0.13054633140563965, "judgement": "Mildly off"}
{"id": "travel_time_000888", "topic": "travel_time", "subtopic": "drive_time", "prompt": "You need to travel about 231 miles at around 45 mph. About how many hours will it take?", "exact_value": 5.1288888888888895, "model": "qwen/qwen2.5-3b-instruct", "provider": "transformers", "response": "3.0", "numeric_answer": 3.0, "relative_error": 0.41507798960138653, "thinking_text": null, "has_tool_call": false, "tool_call": null, "usage": {"prompt_tokens": 90, "completion_tokens": 4, "total_tokens": 94, "token_count_source": "tokenizer"}, "decoding": {"temperature": 0.2, "top_p": null, "top_k": null, "max_tokens": 256, "seed": 42}, "prompt_tokens": 90, "completion_tokens": 4, "total_tokens": 94, "token_count_source": "tokenizer", "diffusion_steps": null, "flops_estimate": null, "flops_arch": null, "flops_model_params": null, "flops_active_params": null, "tokens_non_final": 1, "tokens_reasoning": 0, "tokens_response": 1, "elapsed_seconds": 0.1315171718597412, "judgement": "Mildly off"}
{"id": "travel_time_000908", "topic": "travel_time", "subtopic": "drive_time", "prompt": "You need to travel about 116 miles at around 55 mph. About how many hours will it take?", "exact_value": 2.1163636363636367, "model": "qwen/qwen2.5-3b-instruct", "provider": "transformers", "response": "3.0", "numeric_answer": 3.0, "relative_error": 0.4175257731958761, "thinking_text": null, "has_tool_call": false, "tool_call": null, "usage": {"prompt_tokens": 90, "completion_tokens": 4, "total_tokens": 94, "token_count_source": "tokenizer"}, "decoding": {"temperature": 0.2, "top_p": null, "top_k": null, "max_tokens": 256, "seed": 42}, "prompt_tokens": 90, "completion_tokens": 4, "total_tokens": 94, "token_count_source": "tokenizer", "diffusion_steps": null, "flops_estimate": null, "flops_arch": null, "flops_model_params": null, "flops_active_params": null, "tokens_non_final": 1, "tokens_reasoning": 0, "tokens_response": 1, "elapsed_seconds": 0.13219642639160156, "judgement": "Mildly off"}
{"id": "travel_time_000928", "topic": "travel_time", "subtopic": "drive_time", "prompt": "You need to travel about 63 miles at around 55 mph. About how many hours will it take?", "exact_value": 1.1454545454545455, "model": "qwen/qwen2.5-3b-instruct", "provider": "transformers", "response": "4.0", "numeric_answer": 4.0, "relative_error": 2.492063492063492, "thinking_text": null, "has_tool_call": false, "tool_call": null, "usage": {"prompt_tokens": 89, "completion_tokens": 4, "total_tokens": 93, "token_count_source": "tokenizer"}, "decoding": {"temperature": 0.2, "top_p": null, "top_k": null, "max_tokens": 256, "seed": 42}, "prompt_tokens": 89, "completion_tokens": 4, "total_tokens": 93, "token_count_source": "tokenizer", "diffusion_steps": null, "flops_estimate": null, "flops_arch": null, "flops_model_params": null, "flops_active_params": null, "tokens_non_final": 1, "tokens_reasoning": 0, "tokens_response": 1, "elapsed_seconds": 0.13154029846191406, "judgement": "Way off"}
{"id": "travel_time_000948", "topic": "travel_time", "subtopic": "drive_time", "prompt": "You need to travel about 186 miles at around 65 mph. About how many hours will it take?", "exact_value": 2.8584615384615386, "model": "qwen/qwen2.5-3b-instruct", "provider": "transformers", "response": "2.0", "numeric_answer": 2.0, "relative_error": 0.3003229278794403, "thinking_text": null, "has_tool_call": false, "tool_call": null, "usage": {"prompt_tokens": 90, "completion_tokens": 4, "total_tokens": 94, "token_count_source": "tokenizer"}, "decoding": {"temperature": 0.2, "top_p": null, "top_k": null, "max_tokens": 256, "seed": 42}, "prompt_tokens": 90, "completion_tokens": 4, "total_tokens": 94, "token_count_source": "tokenizer", "diffusion_steps": null, "flops_estimate": null, "flops_arch": null, "flops_model_params": null, "flops_active_params": null, "tokens_non_final": 1, "tokens_reasoning": 0, "tokens_response": 1, "elapsed_seconds": 0.156646728515625, "judgement": "Mildly off"}
{"id": "travel_time_000968", "topic": "travel_time", "subtopic": "drive_time", "prompt": "You need to travel about 108 miles at around 55 mph. About how many hours will it take?", "exact_value": 1.9672727272727273, "model": "qwen/qwen2.5-3b-instruct", "provider": "transformers", "response": "2.0", "numeric_answer": 2.0, "relative_error": 0.016635859519408498, "thinking_text": null, "has_tool_call": false, "tool_call": null, "usage": {"prompt_tokens": 90, "completion_tokens": 4, "total_tokens": 94, "token_count_source": "tokenizer"}, "decoding": {"temperature": 0.2, "top_p": null, "top_k": null, "max_tokens": 256, "seed": 42}, "prompt_tokens": 90, "completion_tokens": 4, "total_tokens": 94, "token_count_source": "tokenizer", "diffusion_steps": null, "flops_estimate": null, "flops_arch": null, "flops_model_params": null, "flops_active_params": null, "tokens_non_final": 1, "tokens_reasoning": 0, "tokens_response": 1, "elapsed_seconds": 0.1365969181060791, "judgement": "Good approximation"}
{"id": "travel_time_000988", "topic": "travel_time", "subtopic": "drive_time", "prompt": "You need to travel about 156 miles at around 55 mph. About how many hours will it take?", "exact_value": 2.838181818181818, "model": "qwen/qwen2.5-3b-instruct", "provider": "transformers", "response": "2.5873015619754157", "numeric_answer": 2.5873015619754156, "relative_error": 0.0883947091053948, "thinking_text": null, "has_tool_call": false, "tool_call": null, "usage": {"prompt_tokens": 90, "completion_tokens": 19, "total_tokens": 109, "token_count_source": "tokenizer"}, "decoding": {"temperature": 0.2, "top_p": null, "top_k": null, "max_tokens": 256, "seed": 42}, "prompt_tokens": 90, "completion_tokens": 19, "total_tokens": 109, "token_count_source": "tokenizer", "diffusion_steps": null, "flops_estimate": null, "flops_arch": null, "flops_model_params": null, "flops_active_params": null, "tokens_non_final": 1, "tokens_reasoning": 0, "tokens_response": 1, "elapsed_seconds": 0.6003293991088867, "judgement": "Good approximation"}
{"id": "travel_time_001008", "topic": "travel_time", "subtopic": "drive_time", "prompt": "You need to travel about 74 miles at around 25 mph. About how many hours will it take?", "exact_value": 2.948, "model": "qwen/qwen2.5-3b-instruct", "provider": "transformers", "response": "3.0", "numeric_answer": 3.0, "relative_error": 0.017639077340569895, "thinking_text": null, "has_tool_call": false, "tool_call": null, "usage": {"prompt_tokens": 89, "completion_tokens": 4, "total_tokens": 93, "token_count_source": "tokenizer"}, "decoding": {"temperature": 0.2, "top_p": null, "top_k": null, "max_tokens": 256, "seed": 42}, "prompt_tokens": 89, "completion_tokens": 4, "total_tokens": 93, "token_count_source": "tokenizer", "diffusion_steps": null, "flops_estimate": null, "flops_arch": null, "flops_model_params": null, "flops_active_params": null, "tokens_non_final": 1, "tokens_reasoning": 0, "tokens_response": 1, "elapsed_seconds": 0.14696097373962402, "judgement": "Good approximation"}
{"id": "travel_time_001028", "topic": "travel_time", "subtopic": "drive_time", "prompt": "You need to travel about 51 miles at around 55 mph. About how many hours will it take?", "exact_value": 0.9309090909090909, "model": "qwen/qwen2.5-3b-instruct", "provider": "transformers", "response": "2.55", "numeric_answer": 2.55, "relative_error": 1.7392578124999998, "thinking_text": null, "has_tool_call": false, "tool_call": null, "usage": {"prompt_tokens": 89, "completion_tokens": 5, "total_tokens": 94, "token_count_source": "tokenizer"}, "decoding": {"temperature": 0.2, "top_p": null, "top_k": null, "max_tokens": 256, "seed": 42}, "prompt_tokens": 89, "completion_tokens": 5, "total_tokens": 94, "token_count_source": "tokenizer", "diffusion_steps": null, "flops_estimate": null, "flops_arch": null, "flops_model_params": null, "flops_active_params": null, "tokens_non_final": 1, "tokens_reasoning": 0, "tokens_response": 1, "elapsed_seconds": 0.16295456886291504, "judgement": "Way off"}
{"id": "travel_time_001048", "topic": "travel_time", "subtopic": "drive_time", "prompt": "You need to travel about 216 miles at around 35 mph. About how many hours will it take?", "exact_value": 6.180000000000001, "model": "qwen/qwen2.5-3b-instruct", "provider": "transformers", "response": "4.0", "numeric_answer": 4.0, "relative_error": 0.35275080906148876, "thinking_text": null, "has_tool_call": false, "tool_call": null, "usage": {"prompt_tokens": 90, "completion_tokens": 4, "total_tokens": 94, "token_count_source": "tokenizer"}, "decoding": {"temperature": 0.2, "top_p": null, "top_k": null, "max_tokens": 256, "seed": 42}, "prompt_tokens": 90, "completion_tokens": 4, "total_tokens": 94, "token_count_source": "tokenizer", "diffusion_steps": null, "flops_estimate": null, "flops_arch": null, "flops_model_params": null, "flops_active_params": null, "tokens_non_final": 1, "tokens_reasoning": 0, "tokens_response": 1, "elapsed_seconds": 0.13089656829833984, "judgement": "Mildly off"}
{"id": "travel_time_001068", "topic": "travel_time", "subtopic": "drive_time", "prompt": "You need to travel about 183 miles at around 25 mph. About how many hours will it take?", "exact_value": 7.308, "model": "qwen/qwen2.5-3b-instruct", "provider": "transformers", "response": "4.0", "numeric_answer": 4.0, "relative_error": 0.45265462506841814, "thinking_text": null, "has_tool_call": false, "tool_call": null, "usage": {"prompt_tokens": 90, "completion_tokens": 4, "total_tokens": 94, "token_count_source": "tokenizer"}, "decoding": {"temperature": 0.2, "top_p": null, "top_k": null, "max_tokens": 256, "seed": 42}, "prompt_tokens": 90, "completion_tokens": 4, "total_tokens": 94, "token_count_source": "tokenizer", "diffusion_steps": null, "flops_estimate": null, "flops_arch": null, "flops_model_params": null, "flops_active_params": null, "tokens_non_final": 1, "tokens_reasoning": 0, "tokens_response": 1, "elapsed_seconds": 0.15795636177062988, "judgement": "Mildly off"}
{"id": "physics_estimate_000112", "topic": "physics_estimate", "subtopic": "fill_rate", "prompt": "A faucet fills 40 liters at about 6 liters per minute. About how many minutes does it take?", "exact_value": 6.666666666666667, "model": "qwen/qwen2.5-3b-instruct", "provider": "transformers", "response": "10.0", "numeric_answer": 10.0, "relative_error": 0.49999999999999994, "thinking_text": null, "has_tool_call": false, "tool_call": null, "usage": {"prompt_tokens": 88, "completion_tokens": 5, "total_tokens": 93, "token_count_source": "tokenizer"}, "decoding": {"temperature": 0.2, "top_p": null, "top_k": null, "max_tokens": 256, "seed": 42}, "prompt_tokens": 88, "completion_tokens": 5, "total_tokens": 93, "token_count_source": "tokenizer", "diffusion_steps": null, "flops_estimate": null, "flops_arch": null, "flops_model_params": null, "flops_active_params": null, "tokens_non_final": 1, "tokens_reasoning": 0, "tokens_response": 1, "elapsed_seconds": 0.18807053565979004, "judgement": "Mildly off"}
{"id": "physics_estimate_000132", "topic": "physics_estimate", "subtopic": "fill_rate", "prompt": "A faucet fills 10 liters at about 6 liters per minute. About how many minutes does it take?", "exact_value": 1.6666666666666667, "model": "qwen/qwen2.5-3b-instruct", "provider": "transformers", "response": "Final answer: 2.0", "numeric_answer": 2.0, "relative_error": 0.19999999999999996, "thinking_text": null, "has_tool_call": false, "tool_call": null, "usage": {"prompt_tokens": 88, "completion_tokens": 8, "total_tokens": 96, "token_count_source": "tokenizer"}, "decoding": {"temperature": 0.2, "top_p": null, "top_k": null, "max_tokens": 256, "seed": 42}, "prompt_tokens": 88, "completion_tokens": 8, "total_tokens": 96, "token_count_source": "tokenizer", "diffusion_steps": null, "flops_estimate": null, "flops_arch": null, "flops_model_params": null, "flops_active_params": null, "tokens_non_final": 3, "tokens_reasoning": 0, "tokens_response": 3, "elapsed_seconds": 0.2868692874908447, "judgement": "Good approximation"}
{"id": "physics_estimate_000152", "topic": "physics_estimate", "subtopic": "fill_rate", "prompt": "A faucet fills 10 liters at about 7 liters per minute. About how many minutes does it take?", "exact_value": 1.4285714285714286, "model": "qwen/qwen2.5-3b-instruct", "provider": "transformers", "response": "Final answer: 2.0", "numeric_answer": 2.0, "relative_error": 0.39999999999999997, "thinking_text": null, "has_tool_call": false, "tool_call": null, "usage": {"prompt_tokens": 88, "completion_tokens": 8, "total_tokens": 96, "token_count_source": "tokenizer"}, "decoding": {"temperature": 0.2, "top_p": null, "top_k": null, "max_tokens": 256, "seed": 42}, "prompt_tokens": 88, "completion_tokens": 8, "total_tokens": 96, "token_count_source": "tokenizer", "diffusion_steps": null, "flops_estimate": null, "flops_arch": null, "flops_model_params": null, "flops_active_params": null, "tokens_non_final": 3, "tokens_reasoning": 0, "tokens_response": 3, "elapsed_seconds": 0.29191017150878906, "judgement": "Mildly off"}
{"id": "physics_estimate_000172", "topic": "physics_estimate", "subtopic": "fill_rate", "prompt": "A faucet fills 15 liters at about 6 liters per minute. About how many minutes does it take?", "exact_value": 2.5, "model": "qwen/qwen2.5-3b-instruct", "provider": "transformers", "response": "Final answer: 4.0", "numeric_answer": 4.0, "relative_error": 0.6, "thinking_text": null, "has_tool_call": false, "tool_call": null, "usage": {"prompt_tokens": 88, "completion_tokens": 8, "total_tokens": 96, "token_count_source": "tokenizer"}, "decoding": {"temperature": 0.2, "top_p": null, "top_k": null, "max_tokens": 256, "seed": 42}, "prompt_tokens": 88, "completion_tokens": 8, "total_tokens": 96, "token_count_source": "tokenizer", "diffusion_steps": null, "flops_estimate": null, "flops_arch": null, "flops_model_params": null, "flops_active_params": null, "tokens_non_final": 3, "tokens_reasoning": 0, "tokens_response": 3, "elapsed_seconds": 0.25829577445983887, "judgement": "Mildly off"}
{"id": "physics_estimate_000192", "topic": "physics_estimate", "subtopic": "fill_rate", "prompt": "A faucet fills 15 liters at about 8 liters per minute. About how many minutes does it take?", "exact_value": 1.875, "model": "qwen/qwen2.5-3b-instruct", "provider": "transformers", "response": "3.0", "numeric_answer": 3.0, "relative_error": 0.6, "thinking_text": null, "has_tool_call": false, "tool_call": null, "usage": {"prompt_tokens": 88, "completion_tokens": 4, "total_tokens": 92, "token_count_source": "tokenizer"}, "decoding": {"temperature": 0.2, "top_p": null, "top_k": null, "max_tokens": 256, "seed": 42}, "prompt_tokens": 88, "completion_tokens": 4, "total_tokens": 92, "token_count_source": "tokenizer", "diffusion_steps": null, "flops_estimate": null, "flops_arch": null, "flops_model_params": null, "flops_active_params": null, "tokens_non_final": 1, "tokens_reasoning": 0, "tokens_response": 1, "elapsed_seconds": 0.15888071060180664, "judgement": "Mildly off"}
{"id": "physics_estimate_000212", "topic": "physics_estimate", "subtopic": "fill_rate", "prompt": "A faucet fills 50 liters at about 6 liters per minute. About how many minutes does it take?", "exact_value": 8.333333333333334, "model": "qwen/qwen2.5-3b-instruct", "provider": "transformers", "response": "Final answer: 8.0", "numeric_answer": 8.0, "relative_error": 0.04000000000000007, "thinking_text": null, "has_tool_call": false, "tool_call": null, "usage": {"prompt_tokens": 88, "completion_tokens": 8, "total_tokens": 96, "token_count_source": "tokenizer"}, "decoding": {"temperature": 0.2, "top_p": null, "top_k": null, "max_tokens": 256, "seed": 42}, "prompt_tokens": 88, "completion_tokens": 8, "total_tokens": 96, "token_count_source": "tokenizer", "diffusion_steps": null, "flops_estimate": null, "flops_arch": null, "flops_model_params": null, "flops_active_params": null, "tokens_non_final": 3, "tokens_reasoning": 0, "tokens_response": 3, "elapsed_seconds": 0.25748109817504883, "judgement": "Good approximation"}
{"id": "physics_estimate_000232", "topic": "physics_estimate", "subtopic": "fill_rate", "prompt": "A faucet fills 20 liters at about 4 liters per minute. About how many minutes does it take?", "exact_value": 5.0, "model": "qwen/qwen2.5-3b-instruct", "provider": "transformers", "response": "5.0", "numeric_answer": 5.0, "relative_error": 0.0, "thinking_text": null, "has_tool_call": false, "tool_call": null, "usage": {"prompt_tokens": 88, "completion_tokens": 4, "total_tokens": 92, "token_count_source": "tokenizer"}, "decoding": {"temperature": 0.2, "top_p": null, "top_k": null, "max_tokens": 256, "seed": 42}, "prompt_tokens": 88, "completion_tokens": 4, "total_tokens": 92, "token_count_source": "tokenizer", "diffusion_steps": null, "flops_estimate": null, "flops_arch": null, "flops_model_params": null, "flops_active_params": null, "tokens_non_final": 1, "tokens_reasoning": 0, "tokens_response": 1, "elapsed_seconds": 0.13040518760681152, "judgement": "Exact math"}
{"id": "physics_estimate_000252", "topic": "physics_estimate", "subtopic": "fill_rate", "prompt": "A faucet fills 30 liters at about 5 liters per minute. About how many minutes does it take?", "exact_value": 6.0, "model": "qwen/qwen2.5-3b-instruct", "provider": "transformers", "response": "Final answer: 4.0", "numeric_answer": 4.0, "relative_error": 0.3333333333333333, "thinking_text": null, "has_tool_call": false, "tool_call": null, "usage": {"prompt_tokens": 88, "completion_tokens": 8, "total_tokens": 96, "token_count_source": "tokenizer"}, "decoding": {"temperature": 0.2, "top_p": null, "top_k": null, "max_tokens": 256, "seed": 42}, "prompt_tokens": 88, "completion_tokens": 8, "total_tokens": 96, "token_count_source": "tokenizer", "diffusion_steps": null, "flops_estimate": null, "flops_arch": null, "flops_model_params": null, "flops_active_params": null, "tokens_non_final": 3, "tokens_reasoning": 0, "tokens_response": 3, "elapsed_seconds": 0.28462934494018555, "judgement": "Mildly off"}
{"id": "physics_estimate_000272", "topic": "physics_estimate", "subtopic": "fill_rate", "prompt": "A faucet fills 50 liters at about 6 liters per minute. About how many minutes does it take?", "exact_value": 8.333333333333334, "model": "qwen/qwen2.5-3b-instruct", "provider": "transformers", "response": "Final answer: 8.0", "numeric_answer": 8.0, "relative_error": 0.04000000000000007, "thinking_text": null, "has_tool_call": false, "tool_call": null, "usage": {"prompt_tokens": 88, "completion_tokens": 8, "total_tokens": 96, "token_count_source": "tokenizer"}, "decoding": {"temperature": 0.2, "top_p": null, "top_k": null, "max_tokens": 256, "seed": 42}, "prompt_tokens": 88, "completion_tokens": 8, "total_tokens": 96, "token_count_source": "tokenizer", "diffusion_steps": null, "flops_estimate": null, "flops_arch": null, "flops_model_params": null, "flops_active_params": null, "tokens_non_final": 3, "tokens_reasoning": 0, "tokens_response": 3, "elapsed_seconds": 0.2577552795410156, "judgement": "Good approximation"}
{"id": "physics_estimate_000292", "topic": "physics_estimate", "subtopic": "fill_rate", "prompt": "A faucet fills 20 liters at about 4 liters per minute. About how many minutes does it take?", "exact_value": 5.0, "model": "qwen/qwen2.5-3b-instruct", "provider": "transformers", "response": "Final answer: 5.0", "numeric_answer": 5.0, "relative_error": 0.0, "thinking_text": null, "has_tool_call": false, "tool_call": null, "usage": {"prompt_tokens": 88, "completion_tokens": 8, "total_tokens": 96, "token_count_source": "tokenizer"}, "decoding": {"temperature": 0.2, "top_p": null, "top_k": null, "max_tokens": 256, "seed": 42}, "prompt_tokens": 88, "completion_tokens": 8, "total_tokens": 96, "token_count_source": "tokenizer", "diffusion_steps": null, "flops_estimate": null, "flops_arch": null, "flops_model_params": null, "flops_active_params": null, "tokens_non_final": 3, "tokens_reasoning": 0, "tokens_response": 3, "elapsed_seconds": 0.2826700210571289, "judgement": "Exact math"}
{"id": "physics_estimate_000312", "topic": "physics_estimate", "subtopic": "fill_rate", "prompt": "A faucet fills 15 liters at about 4 liters per minute. About how many minutes does it take?", "exact_value": 3.75, "model": "qwen/qwen2.5-3b-instruct", "provider": "transformers", "response": "3.0", "numeric_answer": 3.0, "relative_error": 0.2, "thinking_text": null, "has_tool_call": false, "tool_call": null, "usage": {"prompt_tokens": 88, "completion_tokens": 4, "total_tokens": 92, "token_count_source": "tokenizer"}, "decoding": {"temperature": 0.2, "top_p": null, "top_k": null, "max_tokens": 256, "seed": 42}, "prompt_tokens": 88, "completion_tokens": 4, "total_tokens": 92, "token_count_source": "tokenizer", "diffusion_steps": null, "flops_estimate": null, "flops_arch": null, "flops_model_params": null, "flops_active_params": null, "tokens_non_final": 1, "tokens_reasoning": 0, "tokens_response": 1, "elapsed_seconds": 0.16264700889587402, "judgement": "Good approximation"}
{"id": "physics_estimate_000332", "topic": "physics_estimate", "subtopic": "fill_rate", "prompt": "A faucet fills 15 liters at about 5 liters per minute. About how many minutes does it take?", "exact_value": 3.0, "model": "qwen/qwen2.5-3b-instruct", "provider": "transformers", "response": "300.0", "numeric_answer": 300.0, "relative_error": 99.0, "thinking_text": null, "has_tool_call": false, "tool_call": null, "usage": {"prompt_tokens": 88, "completion_tokens": 6, "total_tokens": 94, "token_count_source": "tokenizer"}, "decoding": {"temperature": 0.2, "top_p": null, "top_k": null, "max_tokens": 256, "seed": 42}, "prompt_tokens": 88, "completion_tokens": 6, "total_tokens": 94, "token_count_source": "tokenizer", "diffusion_steps": null, "flops_estimate": null, "flops_arch": null, "flops_model_params": null, "flops_active_params": null, "tokens_non_final": 1, "tokens_reasoning": 0, "tokens_response": 1, "elapsed_seconds": 0.22585844993591309, "judgement": "Way off"}
{"id": "physics_estimate_000352", "topic": "physics_estimate", "subtopic": "fill_rate", "prompt": "A faucet fills 15 liters at about 6 liters per minute. About how many minutes does it take?", "exact_value": 2.5, "model": "qwen/qwen2.5-3b-instruct", "provider": "transformers", "response": "Final answer: 25", "numeric_answer": 25.0, "relative_error": 9.0, "thinking_text": null, "has_tool_call": false, "tool_call": null, "usage": {"prompt_tokens": 88, "completion_tokens": 7, "total_tokens": 95, "token_count_source": "tokenizer"}, "decoding": {"temperature": 0.2, "top_p": null, "top_k": null, "max_tokens": 256, "seed": 42}, "prompt_tokens": 88, "completion_tokens": 7, "total_tokens": 95, "token_count_source": "tokenizer", "diffusion_steps": null, "flops_estimate": null, "flops_arch": null, "flops_model_params": null, "flops_active_params": null, "tokens_non_final": 3, "tokens_reasoning": 0, "tokens_response": 3, "elapsed_seconds": 0.2284843921661377, "judgement": "Way off"}
{"id": "physics_estimate_000372", "topic": "physics_estimate", "subtopic": "fill_rate", "prompt": "A faucet fills 50 liters at about 6 liters per minute. About how many minutes does it take?", "exact_value": 8.333333333333334, "model": "qwen/qwen2.5-3b-instruct", "provider": "transformers", "response": "Final answer: 8.0", "numeric_answer": 8.0, "relative_error": 0.04000000000000007, "thinking_text": null, "has_tool_call": false, "tool_call": null, "usage": {"prompt_tokens": 88, "completion_tokens": 8, "total_tokens": 96, "token_count_source": "tokenizer"}, "decoding": {"temperature": 0.2, "top_p": null, "top_k": null, "max_tokens": 256, "seed": 42}, "prompt_tokens": 88, "completion_tokens": 8, "total_tokens": 96, "token_count_source": "tokenizer", "diffusion_steps": null, "flops_estimate": null, "flops_arch": null, "flops_model_params": null, "flops_active_params": null, "tokens_non_final": 3, "tokens_reasoning": 0, "tokens_response": 3, "elapsed_seconds": 0.28793764114379883, "judgement": "Good approximation"}
{"id": "physics_estimate_000392", "topic": "physics_estimate", "subtopic": "fill_rate", "prompt": "A faucet fills 40 liters at about 7 liters per minute. About how many minutes does it take?", "exact_value": 5.714285714285714, "model": "qwen/qwen2.5-3b-instruct", "provider": "transformers", "response": "12.0", "numeric_answer": 12.0, "relative_error": 1.0999999999999999, "thinking_text": null, "has_tool_call": false, "tool_call": null, "usage": {"prompt_tokens": 88, "completion_tokens": 5, "total_tokens": 93, "token_count_source": "tokenizer"}, "decoding": {"temperature": 0.2, "top_p": null, "top_k": null, "max_tokens": 256, "seed": 42}, "prompt_tokens": 88, "completion_tokens": 5, "total_tokens": 93, "token_count_source": "tokenizer", "diffusion_steps": null, "flops_estimate": null, "flops_arch": null, "flops_model_params": null, "flops_active_params": null, "tokens_non_final": 1, "tokens_reasoning": 0, "tokens_response": 1, "elapsed_seconds": 0.18929219245910645, "judgement": "Way off"}
{"id": "physics_estimate_000412", "topic": "physics_estimate", "subtopic": "fill_rate", "prompt": "A faucet fills 10 liters at about 7 liters per minute. About how many minutes does it take?", "exact_value": 1.4285714285714286, "model": "qwen/qwen2.5-3b-instruct", "provider": "transformers", "response": "Final answer: 2.0", "numeric_answer": 2.0, "relative_error": 0.39999999999999997, "thinking_text": null, "has_tool_call": false, "tool_call": null, "usage": {"prompt_tokens": 88, "completion_tokens": 8, "total_tokens": 96, "token_count_source": "tokenizer"}, "decoding": {"temperature": 0.2, "top_p": null, "top_k": null, "max_tokens": 256, "seed": 42}, "prompt_tokens": 88, "completion_tokens": 8, "total_tokens": 96, "token_count_source": "tokenizer", "diffusion_steps": null, "flops_estimate": null, "flops_arch": null, "flops_model_params": null, "flops_active_params": null, "tokens_non_final": 3, "tokens_reasoning": 0, "tokens_response": 3, "elapsed_seconds": 0.290560245513916, "judgement": "Mildly off"}
{"id": "physics_estimate_000432", "topic": "physics_estimate", "subtopic": "fill_rate", "prompt": "A faucet fills 30 liters at about 6 liters per minute. About how many minutes does it take?", "exact_value": 5.0, "model": "qwen/qwen2.5-3b-instruct", "provider": "transformers", "response": "Final answer: 4.0", "numeric_answer": 4.0, "relative_error": 0.2, "thinking_text": null, "has_tool_call": false, "tool_call": null, "usage": {"prompt_tokens": 88, "completion_tokens": 8, "total_tokens": 96, "token_count_source": "tokenizer"}, "decoding": {"temperature": 0.2, "top_p": null, "top_k": null, "max_tokens": 256, "seed": 42}, "prompt_tokens": 88, "completion_tokens": 8, "total_tokens": 96, "token_count_source": "tokenizer", "diffusion_steps": null, "flops_estimate": null, "flops_arch": null, "flops_model_params": null, "flops_active_params": null, "tokens_non_final": 3, "tokens_reasoning": 0, "tokens_response": 3, "elapsed_seconds": 0.27878737449645996, "judgement": "Good approximation"}
{"id": "physics_estimate_000452", "topic": "physics_estimate", "subtopic": "fill_rate", "prompt": "A faucet fills 10 liters at about 5 liters per minute. About how many minutes does it take?", "exact_value": 2.0, "model": "qwen/qwen2.5-3b-instruct", "provider": "transformers", "response": "2.0", "numeric_answer": 2.0, "relative_error": 0.0, "thinking_text": null, "has_tool_call": false, "tool_call": null, "usage": {"prompt_tokens": 88, "completion_tokens": 4, "total_tokens": 92, "token_count_source": "tokenizer"}, "decoding": {"temperature": 0.2, "top_p": null, "top_k": null, "max_tokens": 256, "seed": 42}, "prompt_tokens": 88, "completion_tokens": 4, "total_tokens": 92, "token_count_source": "tokenizer", "diffusion_steps": null, "flops_estimate": null, "flops_arch": null, "flops_model_params": null, "flops_active_params": null, "tokens_non_final": 1, "tokens_reasoning": 0, "tokens_response": 1, "elapsed_seconds": 0.1642768383026123, "judgement": "Exact math"}
{"id": "physics_estimate_000472", "topic": "physics_estimate", "subtopic": "fill_rate", "prompt": "A faucet fills 30 liters at about 6 liters per minute. About how many minutes does it take?", "exact_value": 5.0, "model": "qwen/qwen2.5-3b-instruct", "provider": "transformers", "response": "Final answer: 4.0", "numeric_answer": 4.0, "relative_error": 0.2, "thinking_text": null, "has_tool_call": false, "tool_call": null, "usage": {"prompt_tokens": 88, "completion_tokens": 8, "total_tokens": 96, "token_count_source": "tokenizer"}, "decoding": {"temperature": 0.2, "top_p": null, "top_k": null, "max_tokens": 256, "seed": 42}, "prompt_tokens": 88, "completion_tokens": 8, "total_tokens": 96, "token_count_source": "tokenizer", "diffusion_steps": null, "flops_estimate": null, "flops_arch": null, "flops_model_params": null, "flops_active_params": null, "tokens_non_final": 3, "tokens_reasoning": 0, "tokens_response": 3, "elapsed_seconds": 0.27883481979370117, "judgement": "Good approximation"}
{"id": "physics_estimate_000492", "topic": "physics_estimate", "subtopic": "fill_rate", "prompt": "A faucet fills 30 liters at about 7 liters per minute. About how many minutes does it take?", "exact_value": 4.285714285714286, "model": "qwen/qwen2.5-3b-instruct", "provider": "transformers", "response": "Final answer: 4.0", "numeric_answer": 4.0, "relative_error": 0.06666666666666664, "thinking_text": null, "has_tool_call": false, "tool_call": null, "usage": {"prompt_tokens": 88, "completion_tokens": 8, "total_tokens": 96, "token_count_source": "tokenizer"}, "decoding": {"temperature": 0.2, "top_p": null, "top_k": null, "max_tokens": 256, "seed": 42}, "prompt_tokens": 88, "completion_tokens": 8, "total_tokens": 96, "token_count_source": "tokenizer", "diffusion_steps": null, "flops_estimate": null, "flops_arch": null, "flops_model_params": null, "flops_active_params": null, "tokens_non_final": 3, "tokens_reasoning": 0, "tokens_response": 3, "elapsed_seconds": 0.2663090229034424, "judgement": "Good approximation"}
{"id": "physics_estimate_000512", "topic": "physics_estimate", "subtopic": "fill_rate", "prompt": "A faucet fills 20 liters at about 8 liters per minute. About how many minutes does it take?", "exact_value": 2.5, "model": "qwen/qwen2.5-3b-instruct", "provider": "transformers", "response": "2.5", "numeric_answer": 2.5, "relative_error": 0.0, "thinking_text": null, "has_tool_call": false, "tool_call": null, "usage": {"prompt_tokens": 88, "completion_tokens": 4, "total_tokens": 92, "token_count_source": "tokenizer"}, "decoding": {"temperature": 0.2, "top_p": null, "top_k": null, "max_tokens": 256, "seed": 42}, "prompt_tokens": 88, "completion_tokens": 4, "total_tokens": 92, "token_count_source": "tokenizer", "diffusion_steps": null, "flops_estimate": null, "flops_arch": null, "flops_model_params": null, "flops_active_params": null, "tokens_non_final": 1, "tokens_reasoning": 0, "tokens_response": 1, "elapsed_seconds": 0.14195632934570312, "judgement": "Exact math"}
{"id": "physics_estimate_000532", "topic": "physics_estimate", "subtopic": "fill_rate", "prompt": "A faucet fills 50 liters at about 6 liters per minute. About how many minutes does it take?", "exact_value": 8.333333333333334, "model": "qwen/qwen2.5-3b-instruct", "provider": "transformers", "response": "Final answer: 8.0", "numeric_answer": 8.0, "relative_error": 0.04000000000000007, "thinking_text": null, "has_tool_call": false, "tool_call": null, "usage": {"prompt_tokens": 88, "completion_tokens": 8, "total_tokens": 96, "token_count_source": "tokenizer"}, "decoding": {"temperature": 0.2, "top_p": null, "top_k": null, "max_tokens": 256, "seed": 42}, "prompt_tokens": 88, "completion_tokens": 8, "total_tokens": 96, "token_count_source": "tokenizer", "diffusion_steps": null, "flops_estimate": null, "flops_arch": null, "flops_model_params": null, "flops_active_params": null, "tokens_non_final": 3, "tokens_reasoning": 0, "tokens_response": 3, "elapsed_seconds": 0.29878902435302734, "judgement": "Good approximation"}
{"id": "physics_estimate_000552", "topic": "physics_estimate", "subtopic": "fill_rate", "prompt": "A faucet fills 40 liters at about 8 liters per minute. About how many minutes does it take?", "exact_value": 5.0, "model": "qwen/qwen2.5-3b-instruct", "provider": "transformers", "response": "10.0", "numeric_answer": 10.0, "relative_error": 1.0, "thinking_text": null, "has_tool_call": false, "tool_call": null, "usage": {"prompt_tokens": 88, "completion_tokens": 5, "total_tokens": 93, "token_count_source": "tokenizer"}, "decoding": {"temperature": 0.2, "top_p": null, "top_k": null, "max_tokens": 256, "seed": 42}, "prompt_tokens": 88, "completion_tokens": 5, "total_tokens": 93, "token_count_source": "tokenizer", "diffusion_steps": null, "flops_estimate": null, "flops_arch": null, "flops_model_params": null, "flops_active_params": null, "tokens_non_final": 1, "tokens_reasoning": 0, "tokens_response": 1, "elapsed_seconds": 0.1912670135498047, "judgement": "Way off"}
{"id": "physics_estimate_000572", "topic": "physics_estimate", "subtopic": "fill_rate", "prompt": "A faucet fills 30 liters at about 8 liters per minute. About how many minutes does it take?", "exact_value": 3.75, "model": "qwen/qwen2.5-3b-instruct", "provider": "transformers", "response": "5.0", "numeric_answer": 5.0, "relative_error": 0.3333333333333333, "thinking_text": null, "has_tool_call": false, "tool_call": null, "usage": {"prompt_tokens": 88, "completion_tokens": 4, "total_tokens": 92, "token_count_source": "tokenizer"}, "decoding": {"temperature": 0.2, "top_p": null, "top_k": null, "max_tokens": 256, "seed": 42}, "prompt_tokens": 88, "completion_tokens": 4, "total_tokens": 92, "token_count_source": "tokenizer", "diffusion_steps": null, "flops_estimate": null, "flops_arch": null, "flops_model_params": null, "flops_active_params": null, "tokens_non_final": 1, "tokens_reasoning": 0, "tokens_response": 1, "elapsed_seconds": 0.13107705116271973, "judgement": "Mildly off"}
{"id": "physics_estimate_000592", "topic": "physics_estimate", "subtopic": "fill_rate", "prompt": "A faucet fills 30 liters at about 6 liters per minute. About how many minutes does it take?", "exact_value": 5.0, "model": "qwen/qwen2.5-3b-instruct", "provider": "transformers", "response": "5.0", "numeric_answer": 5.0, "relative_error": 0.0, "thinking_text": null, "has_tool_call": false, "tool_call": null, "usage": {"prompt_tokens": 88, "completion_tokens": 4, "total_tokens": 92, "token_count_source": "tokenizer"}, "decoding": {"temperature": 0.2, "top_p": null, "top_k": null, "max_tokens": 256, "seed": 42}, "prompt_tokens": 88, "completion_tokens": 4, "total_tokens": 92, "token_count_source": "tokenizer", "diffusion_steps": null, "flops_estimate": null, "flops_arch": null, "flops_model_params": null, "flops_active_params": null, "tokens_non_final": 1, "tokens_reasoning": 0, "tokens_response": 1, "elapsed_seconds": 0.13092637062072754, "judgement": "Exact math"}
{"id": "physics_estimate_000612", "topic": "physics_estimate", "subtopic": "fill_rate", "prompt": "A faucet fills 20 liters at about 6 liters per minute. About how many minutes does it take?", "exact_value": 3.3333333333333335, "model": "qwen/qwen2.5-3b-instruct", "provider": "transformers", "response": "Final answer: 4.0", "numeric_answer": 4.0, "relative_error": 0.19999999999999996, "thinking_text": null, "has_tool_call": false, "tool_call": null, "usage": {"prompt_tokens": 88, "completion_tokens": 8, "total_tokens": 96, "token_count_source": "tokenizer"}, "decoding": {"temperature": 0.2, "top_p": null, "top_k": null, "max_tokens": 256, "seed": 42}, "prompt_tokens": 88, "completion_tokens": 8, "total_tokens": 96, "token_count_source": "tokenizer", "diffusion_steps": null, "flops_estimate": null, "flops_arch": null, "flops_model_params": null, "flops_active_params": null, "tokens_non_final": 3, "tokens_reasoning": 0, "tokens_response": 3, "elapsed_seconds": 0.26045823097229004, "judgement": "Good approximation"}
{"id": "physics_estimate_000632", "topic": "physics_estimate", "subtopic": "fill_rate", "prompt": "A faucet fills 10 liters at about 7 liters per minute. About how many minutes does it take?", "exact_value": 1.4285714285714286, "model": "qwen/qwen2.5-3b-instruct", "provider": "transformers", "response": "Final answer: 2.0", "numeric_answer": 2.0, "relative_error": 0.39999999999999997, "thinking_text": null, "has_tool_call": false, "tool_call": null, "usage": {"prompt_tokens": 88, "completion_tokens": 8, "total_tokens": 96, "token_count_source": "tokenizer"}, "decoding": {"temperature": 0.2, "top_p": null, "top_k": null, "max_tokens": 256, "seed": 42}, "prompt_tokens": 88, "completion_tokens": 8, "total_tokens": 96, "token_count_source": "tokenizer", "diffusion_steps": null, "flops_estimate": null, "flops_arch": null, "flops_model_params": null, "flops_active_params": null, "tokens_non_final": 3, "tokens_reasoning": 0, "tokens_response": 3, "elapsed_seconds": 0.26169657707214355, "judgement": "Mildly off"}
{"id": "physics_estimate_000652", "topic": "physics_estimate", "subtopic": "fill_rate", "prompt": "A faucet fills 30 liters at about 6 liters per minute. About how many minutes does it take?", "exact_value": 5.0, "model": "qwen/qwen2.5-3b-instruct", "provider": "transformers", "response": "Final answer: 4.0", "numeric_answer": 4.0, "relative_error": 0.2, "thinking_text": null, "has_tool_call": false, "tool_call": null, "usage": {"prompt_tokens": 88, "completion_tokens": 8, "total_tokens": 96, "token_count_source": "tokenizer"}, "decoding": {"temperature": 0.2, "top_p": null, "top_k": null, "max_tokens": 256, "seed": 42}, "prompt_tokens": 88, "completion_tokens": 8, "total_tokens": 96, "token_count_source": "tokenizer", "diffusion_steps": null, "flops_estimate": null, "flops_arch": null, "flops_model_params": null, "flops_active_params": null, "tokens_non_final": 3, "tokens_reasoning": 0, "tokens_response": 3, "elapsed_seconds": 0.26154375076293945, "judgement": "Good approximation"}
{"id": "physics_estimate_000672", "topic": "physics_estimate", "subtopic": "fill_rate", "prompt": "A faucet fills 10 liters at about 7 liters per minute. About how many minutes does it take?", "exact_value": 1.4285714285714286, "model": "qwen/qwen2.5-3b-instruct", "provider": "transformers", "response": "Final answer: 2.0", "numeric_answer": 2.0, "relative_error": 0.39999999999999997, "thinking_text": null, "has_tool_call": false, "tool_call": null, "usage": {"prompt_tokens": 88, "completion_tokens": 8, "total_tokens": 96, "token_count_source": "tokenizer"}, "decoding": {"temperature": 0.2, "top_p": null, "top_k": null, "max_tokens": 256, "seed": 42}, "prompt_tokens": 88, "completion_tokens": 8, "total_tokens": 96, "token_count_source": "tokenizer", "diffusion_steps": null, "flops_estimate": null, "flops_arch": null, "flops_model_params": null, "flops_active_params": null, "tokens_non_final": 3, "tokens_reasoning": 0, "tokens_response": 3, "elapsed_seconds": 0.2882840633392334, "judgement": "Mildly off"}
{"id": "physics_estimate_000692", "topic": "physics_estimate", "subtopic": "fill_rate", "prompt": "A faucet fills 50 liters at about 6 liters per minute. About how many minutes does it take?", "exact_value": 8.333333333333334, "model": "qwen/qwen2.5-3b-instruct", "provider": "transformers", "response": "12.5", "numeric_answer": 12.5, "relative_error": 0.4999999999999999, "thinking_text": null, "has_tool_call": false, "tool_call": null, "usage": {"prompt_tokens": 88, "completion_tokens": 5, "total_tokens": 93, "token_count_source": "tokenizer"}, "decoding": {"temperature": 0.2, "top_p": null, "top_k": null, "max_tokens": 256, "seed": 42}, "prompt_tokens": 88, "completion_tokens": 5, "total_tokens": 93, "token_count_source": "tokenizer", "diffusion_steps": null, "flops_estimate": null, "flops_arch": null, "flops_model_params": null, "flops_active_params": null, "tokens_non_final": 1, "tokens_reasoning": 0, "tokens_response": 1, "elapsed_seconds": 0.16326022148132324, "judgement": "Mildly off"}
{"id": "physics_estimate_000712", "topic": "physics_estimate", "subtopic": "fill_rate", "prompt": "A faucet fills 15 liters at about 7 liters per minute. About how many minutes does it take?", "exact_value": 2.142857142857143, "model": "qwen/qwen2.5-3b-instruct", "provider": "transformers", "response": "3.0\n2.933333333333333 (∃)", "numeric_answer": 3.0, "relative_error": 0.4, "thinking_text": null, "has_tool_call": false, "tool_call": null, "usage": {"prompt_tokens": 88, "completion_tokens": 25, "total_tokens": 113, "token_count_source": "tokenizer"}, "decoding": {"temperature": 0.2, "top_p": null, "top_k": null, "max_tokens": 256, "seed": 42}, "prompt_tokens": 88, "completion_tokens": 25, "total_tokens": 113, "token_count_source": "tokenizer", "diffusion_steps": null, "flops_estimate": null, "flops_arch": null, "flops_model_params": null, "flops_active_params": null, "tokens_non_final": 3, "tokens_reasoning": 0, "tokens_response": 3, "elapsed_seconds": 0.8511133193969727, "judgement": "Mildly off"}
{"id": "physics_estimate_000732", "topic": "physics_estimate", "subtopic": "fill_rate", "prompt": "A faucet fills 30 liters at about 7 liters per minute. About how many minutes does it take?", "exact_value": 4.285714285714286, "model": "qwen/qwen2.5-3b-instruct", "provider": "transformers", "response": "Final answer: 4.0", "numeric_answer": 4.0, "relative_error": 0.06666666666666664, "thinking_text": null, "has_tool_call": false, "tool_call": null, "usage": {"prompt_tokens": 88, "completion_tokens": 8, "total_tokens": 96, "token_count_source": "tokenizer"}, "decoding": {"temperature": 0.2, "top_p": null, "top_k": null, "max_tokens": 256, "seed": 42}, "prompt_tokens": 88, "completion_tokens": 8, "total_tokens": 96, "token_count_source": "tokenizer", "diffusion_steps": null, "flops_estimate": null, "flops_arch": null, "flops_model_params": null, "flops_active_params": null, "tokens_non_final": 3, "tokens_reasoning": 0, "tokens_response": 3, "elapsed_seconds": 0.28360557556152344, "judgement": "Good approximation"}
{"id": "physics_estimate_000752", "topic": "physics_estimate", "subtopic": "fill_rate", "prompt": "A faucet fills 15 liters at about 7 liters per minute. About how many minutes does it take?", "exact_value": 2.142857142857143, "model": "qwen/qwen2.5-3b-instruct", "provider": "transformers", "response": "3.0\n2.933333333333333", "numeric_answer": 3.0, "relative_error": 0.4, "thinking_text": null, "has_tool_call": false, "tool_call": null, "usage": {"prompt_tokens": 88, "completion_tokens": 22, "total_tokens": 110, "token_count_source": "tokenizer"}, "decoding": {"temperature": 0.2, "top_p": null, "top_k": null, "max_tokens": 256, "seed": 42}, "prompt_tokens": 88, "completion_tokens": 22, "total_tokens": 110, "token_count_source": "tokenizer", "diffusion_steps": null, "flops_estimate": null, "flops_arch": null, "flops_model_params": null, "flops_active_params": null, "tokens_non_final": 2, "tokens_reasoning": 0, "tokens_response": 2, "elapsed_seconds": 0.7441616058349609, "judgement": "Mildly off"}
{"id": "physics_estimate_000772", "topic": "physics_estimate", "subtopic": "fill_rate", "prompt": "A faucet fills 20 liters at about 6 liters per minute. About how many minutes does it take?", "exact_value": 3.3333333333333335, "model": "qwen/qwen2.5-3b-instruct", "provider": "transformers", "response": "Final answer: 4.0", "numeric_answer": 4.0, "relative_error": 0.19999999999999996, "thinking_text": null, "has_tool_call": false, "tool_call": null, "usage": {"prompt_tokens": 88, "completion_tokens": 8, "total_tokens": 96, "token_count_source": "tokenizer"}, "decoding": {"temperature": 0.2, "top_p": null, "top_k": null, "max_tokens": 256, "seed": 42}, "prompt_tokens": 88, "completion_tokens": 8, "total_tokens": 96, "token_count_source": "tokenizer", "diffusion_steps": null, "flops_estimate": null, "flops_arch": null, "flops_model_params": null, "flops_active_params": null, "tokens_non_final": 3, "tokens_reasoning": 0, "tokens_response": 3, "elapsed_seconds": 0.27923583984375, "judgement": "Good approximation"}
{"id": "physics_estimate_000792", "topic": "physics_estimate", "subtopic": "fill_rate", "prompt": "A faucet fills 15 liters at about 5 liters per minute. About how many minutes does it take?", "exact_value": 3.0, "model": "qwen/qwen2.5-3b-instruct", "provider": "transformers", "response": "30.0", "numeric_answer": 30.0, "relative_error": 9.0, "thinking_text": null, "has_tool_call": false, "tool_call": null, "usage": {"prompt_tokens": 88, "completion_tokens": 5, "total_tokens": 93, "token_count_source": "tokenizer"}, "decoding": {"temperature": 0.2, "top_p": null, "top_k": null, "max_tokens": 256, "seed": 42}, "prompt_tokens": 88, "completion_tokens": 5, "total_tokens": 93, "token_count_source": "tokenizer", "diffusion_steps": null, "flops_estimate": null, "flops_arch": null, "flops_model_params": null, "flops_active_params": null, "tokens_non_final": 1, "tokens_reasoning": 0, "tokens_response": 1, "elapsed_seconds": 0.18980860710144043, "judgement": "Way off"}
{"id": "physics_estimate_000812", "topic": "physics_estimate", "subtopic": "fill_rate", "prompt": "A faucet fills 40 liters at about 7 liters per minute. About how many minutes does it take?", "exact_value": 5.714285714285714, "model": "qwen/qwen2.5-3b-instruct", "provider": "transformers", "response": "12.0", "numeric_answer": 12.0, "relative_error": 1.0999999999999999, "thinking_text": null, "has_tool_call": false, "tool_call": null, "usage": {"prompt_tokens": 88, "completion_tokens": 5, "total_tokens": 93, "token_count_source": "tokenizer"}, "decoding": {"temperature": 0.2, "top_p": null, "top_k": null, "max_tokens": 256, "seed": 42}, "prompt_tokens": 88, "completion_tokens": 5, "total_tokens": 93, "token_count_source": "tokenizer", "diffusion_steps": null, "flops_estimate": null, "flops_arch": null, "flops_model_params": null, "flops_active_params": null, "tokens_non_final": 1, "tokens_reasoning": 0, "tokens_response": 1, "elapsed_seconds": 0.1896049976348877, "judgement": "Way off"}
{"id": "physics_estimate_000832", "topic": "physics_estimate", "subtopic": "fill_rate", "prompt": "A faucet fills 15 liters at about 4 liters per minute. About how many minutes does it take?", "exact_value": 3.75, "model": "qwen/qwen2.5-3b-instruct", "provider": "transformers", "response": "3.0", "numeric_answer": 3.0, "relative_error": 0.2, "thinking_text": null, "has_tool_call": false, "tool_call": null, "usage": {"prompt_tokens": 88, "completion_tokens": 4, "total_tokens": 92, "token_count_source": "tokenizer"}, "decoding": {"temperature": 0.2, "top_p": null, "top_k": null, "max_tokens": 256, "seed": 42}, "prompt_tokens": 88, "completion_tokens": 4, "total_tokens": 92, "token_count_source": "tokenizer", "diffusion_steps": null, "flops_estimate": null, "flops_arch": null, "flops_model_params": null, "flops_active_params": null, "tokens_non_final": 1, "tokens_reasoning": 0, "tokens_response": 1, "elapsed_seconds": 0.1339402198791504, "judgement": "Good approximation"}
{"id": "physics_estimate_000852", "topic": "physics_estimate", "subtopic": "fill_rate", "prompt": "A faucet fills 10 liters at about 6 liters per minute. About how many minutes does it take?", "exact_value": 1.6666666666666667, "model": "qwen/qwen2.5-3b-instruct", "provider": "transformers", "response": "Final answer: 2.0", "numeric_answer": 2.0, "relative_error": 0.19999999999999996, "thinking_text": null, "has_tool_call": false, "tool_call": null, "usage": {"prompt_tokens": 88, "completion_tokens": 8, "total_tokens": 96, "token_count_source": "tokenizer"}, "decoding": {"temperature": 0.2, "top_p": null, "top_k": null, "max_tokens": 256, "seed": 42}, "prompt_tokens": 88, "completion_tokens": 8, "total_tokens": 96, "token_count_source": "tokenizer", "diffusion_steps": null, "flops_estimate": null, "flops_arch": null, "flops_model_params": null, "flops_active_params": null, "tokens_non_final": 3, "tokens_reasoning": 0, "tokens_response": 3, "elapsed_seconds": 0.28648900985717773, "judgement": "Good approximation"}
{"id": "physics_estimate_000872", "topic": "physics_estimate", "subtopic": "fill_rate", "prompt": "A faucet fills 30 liters at about 7 liters per minute. About how many minutes does it take?", "exact_value": 4.285714285714286, "model": "qwen/qwen2.5-3b-instruct", "provider": "transformers", "response": "Final answer: 4.0", "numeric_answer": 4.0, "relative_error": 0.06666666666666664, "thinking_text": null, "has_tool_call": false, "tool_call": null, "usage": {"prompt_tokens": 88, "completion_tokens": 8, "total_tokens": 96, "token_count_source": "tokenizer"}, "decoding": {"temperature": 0.2, "top_p": null, "top_k": null, "max_tokens": 256, "seed": 42}, "prompt_tokens": 88, "completion_tokens": 8, "total_tokens": 96, "token_count_source": "tokenizer", "diffusion_steps": null, "flops_estimate": null, "flops_arch": null, "flops_model_params": null, "flops_active_params": null, "tokens_non_final": 3, "tokens_reasoning": 0, "tokens_response": 3, "elapsed_seconds": 0.2834179401397705, "judgement": "Good approximation"}
{"id": "physics_estimate_000892", "topic": "physics_estimate", "subtopic": "fill_rate", "prompt": "A faucet fills 15 liters at about 4 liters per minute. About how many minutes does it take?", "exact_value": 3.75, "model": "qwen/qwen2.5-3b-instruct", "provider": "transformers", "response": "30.5", "numeric_answer": 30.5, "relative_error": 7.133333333333334, "thinking_text": null, "has_tool_call": false, "tool_call": null, "usage": {"prompt_tokens": 88, "completion_tokens": 5, "total_tokens": 93, "token_count_source": "tokenizer"}, "decoding": {"temperature": 0.2, "top_p": null, "top_k": null, "max_tokens": 256, "seed": 42}, "prompt_tokens": 88, "completion_tokens": 5, "total_tokens": 93, "token_count_source": "tokenizer", "diffusion_steps": null, "flops_estimate": null, "flops_arch": null, "flops_model_params": null, "flops_active_params": null, "tokens_non_final": 1, "tokens_reasoning": 0, "tokens_response": 1, "elapsed_seconds": 0.16166400909423828, "judgement": "Way off"}
{"id": "physics_estimate_000912", "topic": "physics_estimate", "subtopic": "fill_rate", "prompt": "A faucet fills 30 liters at about 8 liters per minute. About how many minutes does it take?", "exact_value": 3.75, "model": "qwen/qwen2.5-3b-instruct", "provider": "transformers", "response": "Final answer: 4.0", "numeric_answer": 4.0, "relative_error": 0.06666666666666667, "thinking_text": null, "has_tool_call": false, "tool_call": null, "usage": {"prompt_tokens": 88, "completion_tokens": 8, "total_tokens": 96, "token_count_source": "tokenizer"}, "decoding": {"temperature": 0.2, "top_p": null, "top_k": null, "max_tokens": 256, "seed": 42}, "prompt_tokens": 88, "completion_tokens": 8, "total_tokens": 96, "token_count_source": "tokenizer", "diffusion_steps": null, "flops_estimate": null, "flops_arch": null, "flops_model_params": null, "flops_active_params": null, "tokens_non_final": 3, "tokens_reasoning": 0, "tokens_response": 3, "elapsed_seconds": 0.2578871250152588, "judgement": "Good approximation"}
{"id": "physics_estimate_000932", "topic": "physics_estimate", "subtopic": "fill_rate", "prompt": "A faucet fills 30 liters at about 6 liters per minute. About how many minutes does it take?", "exact_value": 5.0, "model": "qwen/qwen2.5-3b-instruct", "provider": "transformers", "response": "Final answer: 4.0", "numeric_answer": 4.0, "relative_error": 0.2, "thinking_text": null, "has_tool_call": false, "tool_call": null, "usage": {"prompt_tokens": 88, "completion_tokens": 8, "total_tokens": 96, "token_count_source": "tokenizer"}, "decoding": {"temperature": 0.2, "top_p": null, "top_k": null, "max_tokens": 256, "seed": 42}, "prompt_tokens": 88, "completion_tokens": 8, "total_tokens": 96, "token_count_source": "tokenizer", "diffusion_steps": null, "flops_estimate": null, "flops_arch": null, "flops_model_params": null, "flops_active_params": null, "tokens_non_final": 3, "tokens_reasoning": 0, "tokens_response": 3, "elapsed_seconds": 0.25739574432373047, "judgement": "Good approximation"}
{"id": "physics_estimate_000952", "topic": "physics_estimate", "subtopic": "fill_rate", "prompt": "A faucet fills 40 liters at about 6 liters per minute. About how many minutes does it take?", "exact_value": 6.666666666666667, "model": "qwen/qwen2.5-3b-instruct", "provider": "transformers", "response": "12.0", "numeric_answer": 12.0, "relative_error": 0.7999999999999999, "thinking_text": null, "has_tool_call": false, "tool_call": null, "usage": {"prompt_tokens": 88, "completion_tokens": 5, "total_tokens": 93, "token_count_source": "tokenizer"}, "decoding": {"temperature": 0.2, "top_p": null, "top_k": null, "max_tokens": 256, "seed": 42}, "prompt_tokens": 88, "completion_tokens": 5, "total_tokens": 93, "token_count_source": "tokenizer", "diffusion_steps": null, "flops_estimate": null, "flops_arch": null, "flops_model_params": null, "flops_active_params": null, "tokens_non_final": 1, "tokens_reasoning": 0, "tokens_response": 1, "elapsed_seconds": 0.18756842613220215, "judgement": "Way off"}
{"id": "physics_estimate_000972", "topic": "physics_estimate", "subtopic": "fill_rate", "prompt": "A faucet fills 10 liters at about 8 liters per minute. About how many minutes does it take?", "exact_value": 1.25, "model": "qwen/qwen2.5-3b-instruct", "provider": "transformers", "response": "Final answer: 2.0", "numeric_answer": 2.0, "relative_error": 0.6, "thinking_text": null, "has_tool_call": false, "tool_call": null, "usage": {"prompt_tokens": 88, "completion_tokens": 8, "total_tokens": 96, "token_count_source": "tokenizer"}, "decoding": {"temperature": 0.2, "top_p": null, "top_k": null, "max_tokens": 256, "seed": 42}, "prompt_tokens": 88, "completion_tokens": 8, "total_tokens": 96, "token_count_source": "tokenizer", "diffusion_steps": null, "flops_estimate": null, "flops_arch": null, "flops_model_params": null, "flops_active_params": null, "tokens_non_final": 3, "tokens_reasoning": 0, "tokens_response": 3, "elapsed_seconds": 0.2847471237182617, "judgement": "Mildly off"}
{"id": "physics_estimate_000992", "topic": "physics_estimate", "subtopic": "fill_rate", "prompt": "A faucet fills 20 liters at about 4 liters per minute. About how many minutes does it take?", "exact_value": 5.0, "model": "qwen/qwen2.5-3b-instruct", "provider": "transformers", "response": "5.0", "numeric_answer": 5.0, "relative_error": 0.0, "thinking_text": null, "has_tool_call": false, "tool_call": null, "usage": {"prompt_tokens": 88, "completion_tokens": 4, "total_tokens": 92, "token_count_source": "tokenizer"}, "decoding": {"temperature": 0.2, "top_p": null, "top_k": null, "max_tokens": 256, "seed": 42}, "prompt_tokens": 88, "completion_tokens": 4, "total_tokens": 92, "token_count_source": "tokenizer", "diffusion_steps": null, "flops_estimate": null, "flops_arch": null, "flops_model_params": null, "flops_active_params": null, "tokens_non_final": 1, "tokens_reasoning": 0, "tokens_response": 1, "elapsed_seconds": 0.15410661697387695, "judgement": "Exact math"}
{"id": "physics_estimate_001012", "topic": "physics_estimate", "subtopic": "fill_rate", "prompt": "A faucet fills 10 liters at about 6 liters per minute. About how many minutes does it take?", "exact_value": 1.6666666666666667, "model": "qwen/qwen2.5-3b-instruct", "provider": "transformers", "response": "Final answer: 2.0", "numeric_answer": 2.0, "relative_error": 0.19999999999999996, "thinking_text": null, "has_tool_call": false, "tool_call": null, "usage": {"prompt_tokens": 88, "completion_tokens": 8, "total_tokens": 96, "token_count_source": "tokenizer"}, "decoding": {"temperature": 0.2, "top_p": null, "top_k": null, "max_tokens": 256, "seed": 42}, "prompt_tokens": 88, "completion_tokens": 8, "total_tokens": 96, "token_count_source": "tokenizer", "diffusion_steps": null, "flops_estimate": null, "flops_arch": null, "flops_model_params": null, "flops_active_params": null, "tokens_non_final": 3, "tokens_reasoning": 0, "tokens_response": 3, "elapsed_seconds": 0.2847142219543457, "judgement": "Good approximation"}
{"id": "physics_estimate_001032", "topic": "physics_estimate", "subtopic": "fill_rate", "prompt": "A faucet fills 30 liters at about 6 liters per minute. About how many minutes does it take?", "exact_value": 5.0, "model": "qwen/qwen2.5-3b-instruct", "provider": "transformers", "response": "Final answer: 4.0", "numeric_answer": 4.0, "relative_error": 0.2, "thinking_text": null, "has_tool_call": false, "tool_call": null, "usage": {"prompt_tokens": 88, "completion_tokens": 8, "total_tokens": 96, "token_count_source": "tokenizer"}, "decoding": {"temperature": 0.2, "top_p": null, "top_k": null, "max_tokens": 256, "seed": 42}, "prompt_tokens": 88, "completion_tokens": 8, "total_tokens": 96, "token_count_source": "tokenizer", "diffusion_steps": null, "flops_estimate": null, "flops_arch": null, "flops_model_params": null, "flops_active_params": null, "tokens_non_final": 3, "tokens_reasoning": 0, "tokens_response": 3, "elapsed_seconds": 0.2847144603729248, "judgement": "Good approximation"}
{"id": "physics_estimate_001052", "topic": "physics_estimate", "subtopic": "fill_rate", "prompt": "A faucet fills 10 liters at about 5 liters per minute. About how many minutes does it take?", "exact_value": 2.0, "model": "qwen/qwen2.5-3b-instruct", "provider": "transformers", "response": "Final answer: 2.0", "numeric_answer": 2.0, "relative_error": 0.0, "thinking_text": null, "has_tool_call": false, "tool_call": null, "usage": {"prompt_tokens": 88, "completion_tokens": 8, "total_tokens": 96, "token_count_source": "tokenizer"}, "decoding": {"temperature": 0.2, "top_p": null, "top_k": null, "max_tokens": 256, "seed": 42}, "prompt_tokens": 88, "completion_tokens": 8, "total_tokens": 96, "token_count_source": "tokenizer", "diffusion_steps": null, "flops_estimate": null, "flops_arch": null, "flops_model_params": null, "flops_active_params": null, "tokens_non_final": 3, "tokens_reasoning": 0, "tokens_response": 3, "elapsed_seconds": 0.2834491729736328, "judgement": "Exact math"}
{"summary": {"samples": 500, "judgement_counts": {"Mildly off": 179, "Way off": 143, "Good approximation": 165, "Exact math": 13}, "count_good_approximation": 165, "count_exact_math": 13, "count_mildly_off": 179, "count_way_off": 143, "good_approximation_rate": 0.33, "exact_math_rate": 0.026, "good_approximation_rate_ci_95": [0.29021719717432515, 0.372375173126182], "exact_math_rate_ci_95": [0.0152562373229252, 0.04397190104437119], "counts_by_topic": {"basket_sum": {"n": 86, "count_good_approximation": 19, "count_exact_math": 0, "count_mildly_off": 44, "count_way_off": 23}, "discounts": {"n": 85, "count_good_approximation": 2, "count_exact_math": 0, "count_mildly_off": 28, "count_way_off": 55}, "taxes": {"n": 61, "count_good_approximation": 20, "count_exact_math": 0, "count_mildly_off": 33, "count_way_off": 8}, "units": {"n": 61, "count_good_approximation": 28, "count_exact_math": 0, "count_mildly_off": 17, "count_way_off": 16}, "tips": {"n": 61, "count_good_approximation": 58, "count_exact_math": 0, "count_mildly_off": 0, "count_way_off": 3}, "fermi": {"n": 49, "count_good_approximation": 6, "count_exact_math": 6, "count_mildly_off": 20, "count_way_off": 17}, "travel_time": {"n": 49, "count_good_approximation": 12, "count_exact_math": 0, "count_mildly_off": 24, "count_way_off": 13}, "physics_estimate": {"n": 48, "count_good_approximation": 20, "count_exact_math": 7, "count_mildly_off": 13, "count_way_off": 8}}, "counts_by_subtopic": {"decimal_prices": {"n": 86, "count_good_approximation": 19, "count_exact_math": 0, "count_mildly_off": 44, "count_way_off": 23}, "buy_n_get_m": {"n": 14, "count_good_approximation": 0, "count_exact_math": 0, "count_mildly_off": 10, "count_way_off": 4}, "threshold": {"n": 22, "count_good_approximation": 0, "count_exact_math": 0, "count_mildly_off": 9, "count_way_off": 13}, "percent": {"n": 16, "count_good_approximation": 1, "count_exact_math": 0, "count_mildly_off": 3, "count_way_off": 12}, "stacked": {"n": 18, "count_good_approximation": 0, "count_exact_math": 0, "count_mildly_off": 1, "count_way_off": 17}, "bogo": {"n": 15, "count_good_approximation": 1, "count_exact_math": 0, "count_mildly_off": 5, "count_way_off": 9}, "pre_discount_tax": {"n": 25, "count_good_approximation": 7, "count_exact_math": 0, "count_mildly_off": 15, "count_way_off": 3}, "post_discount_tax": {"n": 36, "count_good_approximation": 13, "count_exact_math": 0, "count_mildly_off": 18, "count_way_off": 5}, "kg_g": {"n": 31, "count_good_approximation": 12, "count_exact_math": 0, "count_mildly_off": 13, "count_way_off": 6}, "lb_oz": {"n": 30, "count_good_approximation": 16, "count_exact_math": 0, "count_mildly_off": 4, "count_way_off": 10}, "tips_service": {"n": 61, "count_good_approximation": 58, "count_exact_math": 0, "count_mildly_off": 0, "count_way_off": 3}, "crowd_density": {"n": 49, "count_good_approximation": 6, "count_exact_math": 6, "count_mildly_off": 20, "count_way_off": 17}, "drive_time": {"n": 49, "count_good_approximation": 12, "count_exact_math": 0, "count_mildly_off": 24, "count_way_off": 13}, "fill_rate": {"n": 48, "count_good_approximation": 20, "count_exact_math": 7, "count_mildly_off": 13, "count_way_off": 8}}, "tool_call_count": 0, "avg_elapsed_seconds": 0.3135309772491455, "avg_tokens_non_final": 2.634, "avg_tokens_reasoning": 0.0, "avg_tokens": 2.634, "avg_completion_tokens": 9.526, "avg_prompt_tokens": 102.05, "avg_total_tokens": 111.576, "avg_flops_estimate": null, "token_counts_include_prompt": true, "token_count_sources": {"tokenizer": 500}, "avg_relative_error": 0.7567689621453273, "median_relative_error": 0.3657331136738056}}
