{"id": "basket_sum_000171", "topic": "basket_sum", "subtopic": "decimal_prices", "prompt": "You’re buying 3 items: $7.04, $12.56, $5.78. About how much will you pay (before tax)?", "exact_value": 25.38, "model": "qwen/qwen2.5-3b-instruct", "provider": "transformers", "response": "Final answer: 10.00", "numeric_answer": 10.0, "relative_error": 0.6059889676910953, "thinking_text": null, "has_tool_call": false, "tool_call": null, "usage": {"prompt_tokens": 101, "completion_tokens": 10, "total_tokens": 111, "token_count_source": "tokenizer"}, "decoding": {"temperature": 0.2, "top_p": null, "top_k": null, "max_tokens": 256, "seed": 42}, "prompt_tokens": 101, "completion_tokens": 10, "total_tokens": 111, "token_count_source": "tokenizer", "diffusion_steps": null, "flops_estimate": null, "flops_arch": null, "flops_model_params": null, "flops_active_params": null, "tokens_non_final": 3, "tokens_reasoning": 0, "tokens_response": 3, "elapsed_seconds": 0.3243999481201172, "judgement": "Way off"}
{"id": "basket_sum_000191", "topic": "basket_sum", "subtopic": "decimal_prices", "prompt": "You’re buying 5 items: $17.31, $7.03, $9.93, $19.51, $11.17. About how much will you pay (before tax)?", "exact_value": 64.95, "model": "qwen/qwen2.5-3b-instruct", "provider": "transformers", "response": "Final answer: 8.46", "numeric_answer": 8.46, "relative_error": 0.8697459584295612, "thinking_text": null, "has_tool_call": false, "tool_call": null, "usage": {"prompt_tokens": 115, "completion_tokens": 9, "total_tokens": 124, "token_count_source": "tokenizer"}, "decoding": {"temperature": 0.2, "top_p": null, "top_k": null, "max_tokens": 256, "seed": 42}, "prompt_tokens": 115, "completion_tokens": 9, "total_tokens": 124, "token_count_source": "tokenizer", "diffusion_steps": null, "flops_estimate": null, "flops_arch": null, "flops_model_params": null, "flops_active_params": null, "tokens_non_final": 3, "tokens_reasoning": 0, "tokens_response": 3, "elapsed_seconds": 0.2897005081176758, "judgement": "Way off"}
{"id": "basket_sum_000211", "topic": "basket_sum", "subtopic": "decimal_prices", "prompt": "You’re buying 6 items: $13.05, $4.61, $17.83, $17.37, $4.97, $2.96. About how much will you pay (before tax)?", "exact_value": 60.79, "model": "qwen/qwen2.5-3b-instruct", "provider": "transformers", "response": "Final answer: 17.37", "numeric_answer": 17.37, "relative_error": 0.7142622141799638, "thinking_text": null, "has_tool_call": false, "tool_call": null, "usage": {"prompt_tokens": 121, "completion_tokens": 10, "total_tokens": 131, "token_count_source": "tokenizer"}, "decoding": {"temperature": 0.2, "top_p": null, "top_k": null, "max_tokens": 256, "seed": 42}, "prompt_tokens": 121, "completion_tokens": 10, "total_tokens": 131, "token_count_source": "tokenizer", "diffusion_steps": null, "flops_estimate": null, "flops_arch": null, "flops_model_params": null, "flops_active_params": null, "tokens_non_final": 3, "tokens_reasoning": 0, "tokens_response": 3, "elapsed_seconds": 0.31950950622558594, "judgement": "Way off"}
{"id": "basket_sum_000231", "topic": "basket_sum", "subtopic": "decimal_prices", "prompt": "You’re buying 6 items: $4.43, $10.89, $5.57, $12.80, $4.22, $15.17. About how much will you pay (before tax)?", "exact_value": 53.08, "model": "qwen/qwen2.5-3b-instruct", "provider": "transformers", "response": "Final answer: 4.22", "numeric_answer": 4.22, "relative_error": 0.9204973624717407, "thinking_text": null, "has_tool_call": false, "tool_call": null, "usage": {"prompt_tokens": 121, "completion_tokens": 9, "total_tokens": 130, "token_count_source": "tokenizer"}, "decoding": {"temperature": 0.2, "top_p": null, "top_k": null, "max_tokens": 256, "seed": 42}, "prompt_tokens": 121, "completion_tokens": 9, "total_tokens": 130, "token_count_source": "tokenizer", "diffusion_steps": null, "flops_estimate": null, "flops_arch": null, "flops_model_params": null, "flops_active_params": null, "tokens_non_final": 3, "tokens_reasoning": 0, "tokens_response": 3, "elapsed_seconds": 0.2821226119995117, "judgement": "Way off"}
{"id": "basket_sum_000251", "topic": "basket_sum", "subtopic": "decimal_prices", "prompt": "You’re buying 4 items: $7.24, $9.93, $15.10, $11.31. About how much will you pay (before tax)?", "exact_value": 43.58, "model": "qwen/qwen2.5-3b-instruct", "provider": "transformers", "response": "Final answer: 16.81", "numeric_answer": 16.81, "relative_error": 0.6142726021110602, "thinking_text": null, "has_tool_call": false, "tool_call": null, "usage": {"prompt_tokens": 108, "completion_tokens": 10, "total_tokens": 118, "token_count_source": "tokenizer"}, "decoding": {"temperature": 0.2, "top_p": null, "top_k": null, "max_tokens": 256, "seed": 42}, "prompt_tokens": 108, "completion_tokens": 10, "total_tokens": 118, "token_count_source": "tokenizer", "diffusion_steps": null, "flops_estimate": null, "flops_arch": null, "flops_model_params": null, "flops_active_params": null, "tokens_non_final": 3, "tokens_reasoning": 0, "tokens_response": 3, "elapsed_seconds": 0.3125903606414795, "judgement": "Way off"}
{"id": "basket_sum_000271", "topic": "basket_sum", "subtopic": "decimal_prices", "prompt": "You’re buying 4 items: $19.91, $19.58, $6.09, $1.98. About how much will you pay (before tax)?", "exact_value": 47.56, "model": "qwen/qwen2.5-3b-instruct", "provider": "transformers", "response": "Final answer: 20.00", "numeric_answer": 20.0, "relative_error": 0.5794785534062238, "thinking_text": null, "has_tool_call": false, "tool_call": null, "usage": {"prompt_tokens": 108, "completion_tokens": 10, "total_tokens": 118, "token_count_source": "tokenizer"}, "decoding": {"temperature": 0.2, "top_p": null, "top_k": null, "max_tokens": 256, "seed": 42}, "prompt_tokens": 108, "completion_tokens": 10, "total_tokens": 118, "token_count_source": "tokenizer", "diffusion_steps": null, "flops_estimate": null, "flops_arch": null, "flops_model_params": null, "flops_active_params": null, "tokens_non_final": 3, "tokens_reasoning": 0, "tokens_response": 3, "elapsed_seconds": 0.3115549087524414, "judgement": "Mildly off"}
{"id": "basket_sum_000291", "topic": "basket_sum", "subtopic": "decimal_prices", "prompt": "You’re buying 4 items: $10.75, $8.39, $14.91, $11.50. About how much will you pay (before tax)?", "exact_value": 45.55, "model": "qwen/qwen2.5-3b-instruct", "provider": "transformers", "response": "Final answer: 11.50", "numeric_answer": 11.5, "relative_error": 0.7475301866081229, "thinking_text": null, "has_tool_call": false, "tool_call": null, "usage": {"prompt_tokens": 109, "completion_tokens": 10, "total_tokens": 119, "token_count_source": "tokenizer"}, "decoding": {"temperature": 0.2, "top_p": null, "top_k": null, "max_tokens": 256, "seed": 42}, "prompt_tokens": 109, "completion_tokens": 10, "total_tokens": 119, "token_count_source": "tokenizer", "diffusion_steps": null, "flops_estimate": null, "flops_arch": null, "flops_model_params": null, "flops_active_params": null, "tokens_non_final": 3, "tokens_reasoning": 0, "tokens_response": 3, "elapsed_seconds": 0.31166529655456543, "judgement": "Way off"}
{"id": "basket_sum_000311", "topic": "basket_sum", "subtopic": "decimal_prices", "prompt": "You’re buying 3 items: $15.35, $16.98, $2.04. About how much will you pay (before tax)?", "exact_value": 34.37, "model": "qwen/qwen2.5-3b-instruct", "provider": "transformers", "response": "Final answer: 16.98", "numeric_answer": 16.98, "relative_error": 0.505964503927844, "thinking_text": null, "has_tool_call": false, "tool_call": null, "usage": {"prompt_tokens": 102, "completion_tokens": 10, "total_tokens": 112, "token_count_source": "tokenizer"}, "decoding": {"temperature": 0.2, "top_p": null, "top_k": null, "max_tokens": 256, "seed": 42}, "prompt_tokens": 102, "completion_tokens": 10, "total_tokens": 112, "token_count_source": "tokenizer", "diffusion_steps": null, "flops_estimate": null, "flops_arch": null, "flops_model_params": null, "flops_active_params": null, "tokens_non_final": 3, "tokens_reasoning": 0, "tokens_response": 3, "elapsed_seconds": 0.31240248680114746, "judgement": "Mildly off"}
{"id": "basket_sum_000331", "topic": "basket_sum", "subtopic": "decimal_prices", "prompt": "You’re buying 6 items: $10.51, $16.13, $18.17, $3.75, $7.32, $10.07. About how much will you pay (before tax)?", "exact_value": 65.95, "model": "qwen/qwen2.5-3b-instruct", "provider": "transformers", "response": "Final answer: 10.51", "numeric_answer": 10.51, "relative_error": 0.8406368460955269, "thinking_text": null, "has_tool_call": false, "tool_call": null, "usage": {"prompt_tokens": 122, "completion_tokens": 10, "total_tokens": 132, "token_count_source": "tokenizer"}, "decoding": {"temperature": 0.2, "top_p": null, "top_k": null, "max_tokens": 256, "seed": 42}, "prompt_tokens": 122, "completion_tokens": 10, "total_tokens": 132, "token_count_source": "tokenizer", "diffusion_steps": null, "flops_estimate": null, "flops_arch": null, "flops_model_params": null, "flops_active_params": null, "tokens_non_final": 3, "tokens_reasoning": 0, "tokens_response": 3, "elapsed_seconds": 0.3123648166656494, "judgement": "Way off"}
{"id": "basket_sum_000351", "topic": "basket_sum", "subtopic": "decimal_prices", "prompt": "You’re buying 5 items: $4.79, $14.12, $9.07, $19.61, $11.68. About how much will you pay (before tax)?", "exact_value": 59.27, "model": "qwen/qwen2.5-3b-instruct", "provider": "transformers", "response": "Final answer: 19.68", "numeric_answer": 19.68, "relative_error": 0.6679601822169732, "thinking_text": null, "has_tool_call": false, "tool_call": null, "usage": {"prompt_tokens": 115, "completion_tokens": 10, "total_tokens": 125, "token_count_source": "tokenizer"}, "decoding": {"temperature": 0.2, "top_p": null, "top_k": null, "max_tokens": 256, "seed": 42}, "prompt_tokens": 115, "completion_tokens": 10, "total_tokens": 125, "token_count_source": "tokenizer", "diffusion_steps": null, "flops_estimate": null, "flops_arch": null, "flops_model_params": null, "flops_active_params": null, "tokens_non_final": 3, "tokens_reasoning": 0, "tokens_response": 3, "elapsed_seconds": 0.31479501724243164, "judgement": "Way off"}
{"id": "basket_sum_000371", "topic": "basket_sum", "subtopic": "decimal_prices", "prompt": "You’re buying 5 items: $9.72, $2.29, $17.88, $2.49, $9.86. About how much will you pay (before tax)?", "exact_value": 42.24, "model": "qwen/qwen2.5-3b-instruct", "provider": "transformers", "response": "Final answer: 9.86", "numeric_answer": 9.86, "relative_error": 0.7665719696969697, "thinking_text": null, "has_tool_call": false, "tool_call": null, "usage": {"prompt_tokens": 113, "completion_tokens": 9, "total_tokens": 122, "token_count_source": "tokenizer"}, "decoding": {"temperature": 0.2, "top_p": null, "top_k": null, "max_tokens": 256, "seed": 42}, "prompt_tokens": 113, "completion_tokens": 9, "total_tokens": 122, "token_count_source": "tokenizer", "diffusion_steps": null, "flops_estimate": null, "flops_arch": null, "flops_model_params": null, "flops_active_params": null, "tokens_non_final": 3, "tokens_reasoning": 0, "tokens_response": 3, "elapsed_seconds": 0.28218865394592285, "judgement": "Way off"}
{"id": "basket_sum_000391", "topic": "basket_sum", "subtopic": "decimal_prices", "prompt": "You’re buying 6 items: $2.67, $2.79, $9.35, $5.00, $6.23, $4.50. About how much will you pay (before tax)?", "exact_value": 30.54, "model": "qwen/qwen2.5-3b-instruct", "provider": "transformers", "response": "Final answer: 4.50", "numeric_answer": 4.5, "relative_error": 0.8526522593320236, "thinking_text": null, "has_tool_call": false, "tool_call": null, "usage": {"prompt_tokens": 118, "completion_tokens": 9, "total_tokens": 127, "token_count_source": "tokenizer"}, "decoding": {"temperature": 0.2, "top_p": null, "top_k": null, "max_tokens": 256, "seed": 42}, "prompt_tokens": 118, "completion_tokens": 9, "total_tokens": 127, "token_count_source": "tokenizer", "diffusion_steps": null, "flops_estimate": null, "flops_arch": null, "flops_model_params": null, "flops_active_params": null, "tokens_non_final": 3, "tokens_reasoning": 0, "tokens_response": 3, "elapsed_seconds": 0.28116655349731445, "judgement": "Way off"}
{"id": "basket_sum_000411", "topic": "basket_sum", "subtopic": "decimal_prices", "prompt": "You’re buying 6 items: $19.35, $1.11, $7.30, $7.27, $14.63, $8.58. About how much will you pay (before tax)?", "exact_value": 58.24, "model": "qwen/qwen2.5-3b-instruct", "provider": "transformers", "response": "Final answer: 1.11", "numeric_answer": 1.11, "relative_error": 0.9809409340659341, "thinking_text": null, "has_tool_call": false, "tool_call": null, "usage": {"prompt_tokens": 120, "completion_tokens": 9, "total_tokens": 129, "token_count_source": "tokenizer"}, "decoding": {"temperature": 0.2, "top_p": null, "top_k": null, "max_tokens": 256, "seed": 42}, "prompt_tokens": 120, "completion_tokens": 9, "total_tokens": 129, "token_count_source": "tokenizer", "diffusion_steps": null, "flops_estimate": null, "flops_arch": null, "flops_model_params": null, "flops_active_params": null, "tokens_non_final": 3, "tokens_reasoning": 0, "tokens_response": 3, "elapsed_seconds": 0.2817866802215576, "judgement": "Way off"}
{"id": "basket_sum_000431", "topic": "basket_sum", "subtopic": "decimal_prices", "prompt": "You’re buying 5 items: $7.21, $16.25, $15.35, $1.62, $15.01. About how much will you pay (before tax)?", "exact_value": 55.44, "model": "qwen/qwen2.5-3b-instruct", "provider": "transformers", "response": "Final answer: 15.01", "numeric_answer": 15.01, "relative_error": 0.7292568542568543, "thinking_text": null, "has_tool_call": false, "tool_call": null, "usage": {"prompt_tokens": 115, "completion_tokens": 10, "total_tokens": 125, "token_count_source": "tokenizer"}, "decoding": {"temperature": 0.2, "top_p": null, "top_k": null, "max_tokens": 256, "seed": 42}, "prompt_tokens": 115, "completion_tokens": 10, "total_tokens": 125, "token_count_source": "tokenizer", "diffusion_steps": null, "flops_estimate": null, "flops_arch": null, "flops_model_params": null, "flops_active_params": null, "tokens_non_final": 3, "tokens_reasoning": 0, "tokens_response": 3, "elapsed_seconds": 0.31394195556640625, "judgement": "Way off"}
{"id": "basket_sum_000451", "topic": "basket_sum", "subtopic": "decimal_prices", "prompt": "You’re buying 4 items: $15.91, $2.34, $17.70, $14.92. About how much will you pay (before tax)?", "exact_value": 50.87, "model": "qwen/qwen2.5-3b-instruct", "provider": "transformers", "response": "Final answer: 16.80", "numeric_answer": 16.8, "relative_error": 0.6697464124238254, "thinking_text": null, "has_tool_call": false, "tool_call": null, "usage": {"prompt_tokens": 109, "completion_tokens": 10, "total_tokens": 119, "token_count_source": "tokenizer"}, "decoding": {"temperature": 0.2, "top_p": null, "top_k": null, "max_tokens": 256, "seed": 42}, "prompt_tokens": 109, "completion_tokens": 10, "total_tokens": 119, "token_count_source": "tokenizer", "diffusion_steps": null, "flops_estimate": null, "flops_arch": null, "flops_model_params": null, "flops_active_params": null, "tokens_non_final": 3, "tokens_reasoning": 0, "tokens_response": 3, "elapsed_seconds": 0.31491661071777344, "judgement": "Way off"}
{"id": "basket_sum_000471", "topic": "basket_sum", "subtopic": "decimal_prices", "prompt": "You’re buying 5 items: $9.40, $19.52, $11.04, $3.12, $1.27. About how much will you pay (before tax)?", "exact_value": 44.35, "model": "qwen/qwen2.5-3b-instruct", "provider": "transformers", "response": "Final answer: 1.27", "numeric_answer": 1.27, "relative_error": 0.9713641488162345, "thinking_text": null, "has_tool_call": false, "tool_call": null, "usage": {"prompt_tokens": 114, "completion_tokens": 9, "total_tokens": 123, "token_count_source": "tokenizer"}, "decoding": {"temperature": 0.2, "top_p": null, "top_k": null, "max_tokens": 256, "seed": 42}, "prompt_tokens": 114, "completion_tokens": 9, "total_tokens": 123, "token_count_source": "tokenizer", "diffusion_steps": null, "flops_estimate": null, "flops_arch": null, "flops_model_params": null, "flops_active_params": null, "tokens_non_final": 3, "tokens_reasoning": 0, "tokens_response": 3, "elapsed_seconds": 0.28192734718322754, "judgement": "Way off"}
{"id": "basket_sum_000491", "topic": "basket_sum", "subtopic": "decimal_prices", "prompt": "You’re buying 3 items: $12.29, $7.74, $10.02. About how much will you pay (before tax)?", "exact_value": 30.05, "model": "qwen/qwen2.5-3b-instruct", "provider": "transformers", "response": "Final answer: 10.02", "numeric_answer": 10.02, "relative_error": 0.6665557404326123, "thinking_text": null, "has_tool_call": false, "tool_call": null, "usage": {"prompt_tokens": 102, "completion_tokens": 10, "total_tokens": 112, "token_count_source": "tokenizer"}, "decoding": {"temperature": 0.2, "top_p": null, "top_k": null, "max_tokens": 256, "seed": 42}, "prompt_tokens": 102, "completion_tokens": 10, "total_tokens": 112, "token_count_source": "tokenizer", "diffusion_steps": null, "flops_estimate": null, "flops_arch": null, "flops_model_params": null, "flops_active_params": null, "tokens_non_final": 3, "tokens_reasoning": 0, "tokens_response": 3, "elapsed_seconds": 0.31543898582458496, "judgement": "Way off"}
{"id": "basket_sum_000511", "topic": "basket_sum", "subtopic": "decimal_prices", "prompt": "You’re buying 5 items: $19.01, $7.47, $3.87, $10.40, $14.78. About how much will you pay (before tax)?", "exact_value": 55.53, "model": "qwen/qwen2.5-3b-instruct", "provider": "transformers", "response": "Final answer: 10.40", "numeric_answer": 10.4, "relative_error": 0.8127138483702503, "thinking_text": null, "has_tool_call": false, "tool_call": null, "usage": {"prompt_tokens": 115, "completion_tokens": 10, "total_tokens": 125, "token_count_source": "tokenizer"}, "decoding": {"temperature": 0.2, "top_p": null, "top_k": null, "max_tokens": 256, "seed": 42}, "prompt_tokens": 115, "completion_tokens": 10, "total_tokens": 125, "token_count_source": "tokenizer", "diffusion_steps": null, "flops_estimate": null, "flops_arch": null, "flops_model_params": null, "flops_active_params": null, "tokens_non_final": 3, "tokens_reasoning": 0, "tokens_response": 3, "elapsed_seconds": 0.315920352935791, "judgement": "Way off"}
{"id": "basket_sum_000531", "topic": "basket_sum", "subtopic": "decimal_prices", "prompt": "You’re buying 3 items: $19.08, $1.40, $9.05. About how much will you pay (before tax)?", "exact_value": 29.53, "model": "qwen/qwen2.5-3b-instruct", "provider": "transformers", "response": "Final answer: 20.00", "numeric_answer": 20.0, "relative_error": 0.3227226549271927, "thinking_text": null, "has_tool_call": false, "tool_call": null, "usage": {"prompt_tokens": 101, "completion_tokens": 10, "total_tokens": 111, "token_count_source": "tokenizer"}, "decoding": {"temperature": 0.2, "top_p": null, "top_k": null, "max_tokens": 256, "seed": 42}, "prompt_tokens": 101, "completion_tokens": 10, "total_tokens": 111, "token_count_source": "tokenizer", "diffusion_steps": null, "flops_estimate": null, "flops_arch": null, "flops_model_params": null, "flops_active_params": null, "tokens_non_final": 3, "tokens_reasoning": 0, "tokens_response": 3, "elapsed_seconds": 0.3170742988586426, "judgement": "Mildly off"}
{"id": "basket_sum_000551", "topic": "basket_sum", "subtopic": "decimal_prices", "prompt": "You’re buying 4 items: $11.87, $4.88, $19.26, $15.04. About how much will you pay (before tax)?", "exact_value": 51.05, "model": "qwen/qwen2.5-3b-instruct", "provider": "transformers", "response": "Final answer: 15.04", "numeric_answer": 15.04, "relative_error": 0.705386875612145, "thinking_text": null, "has_tool_call": false, "tool_call": null, "usage": {"prompt_tokens": 109, "completion_tokens": 10, "total_tokens": 119, "token_count_source": "tokenizer"}, "decoding": {"temperature": 0.2, "top_p": null, "top_k": null, "max_tokens": 256, "seed": 42}, "prompt_tokens": 109, "completion_tokens": 10, "total_tokens": 119, "token_count_source": "tokenizer", "diffusion_steps": null, "flops_estimate": null, "flops_arch": null, "flops_model_params": null, "flops_active_params": null, "tokens_non_final": 3, "tokens_reasoning": 0, "tokens_response": 3, "elapsed_seconds": 0.31696033477783203, "judgement": "Way off"}
{"id": "basket_sum_000571", "topic": "basket_sum", "subtopic": "decimal_prices", "prompt": "You’re buying 6 items: $6.73, $19.19, $7.76, $16.39, $3.13, $17.44. About how much will you pay (before tax)?", "exact_value": 70.64, "model": "qwen/qwen2.5-3b-instruct", "provider": "transformers", "response": "Final answer: 16.39", "numeric_answer": 16.39, "relative_error": 0.7679784824462061, "thinking_text": null, "has_tool_call": false, "tool_call": null, "usage": {"prompt_tokens": 121, "completion_tokens": 10, "total_tokens": 131, "token_count_source": "tokenizer"}, "decoding": {"temperature": 0.2, "top_p": null, "top_k": null, "max_tokens": 256, "seed": 42}, "prompt_tokens": 121, "completion_tokens": 10, "total_tokens": 131, "token_count_source": "tokenizer", "diffusion_steps": null, "flops_estimate": null, "flops_arch": null, "flops_model_params": null, "flops_active_params": null, "tokens_non_final": 3, "tokens_reasoning": 0, "tokens_response": 3, "elapsed_seconds": 0.3130509853363037, "judgement": "Way off"}
{"id": "basket_sum_000591", "topic": "basket_sum", "subtopic": "decimal_prices", "prompt": "You’re buying 3 items: $0.99, $3.35, $7.00. About how much will you pay (before tax)?", "exact_value": 11.34, "model": "qwen/qwen2.5-3b-instruct", "provider": "transformers", "response": "Final answer: 4.99", "numeric_answer": 4.99, "relative_error": 0.5599647266313933, "thinking_text": null, "has_tool_call": false, "tool_call": null, "usage": {"prompt_tokens": 100, "completion_tokens": 9, "total_tokens": 109, "token_count_source": "tokenizer"}, "decoding": {"temperature": 0.2, "top_p": null, "top_k": null, "max_tokens": 256, "seed": 42}, "prompt_tokens": 100, "completion_tokens": 9, "total_tokens": 109, "token_count_source": "tokenizer", "diffusion_steps": null, "flops_estimate": null, "flops_arch": null, "flops_model_params": null, "flops_active_params": null, "tokens_non_final": 3, "tokens_reasoning": 0, "tokens_response": 3, "elapsed_seconds": 0.2835261821746826, "judgement": "Mildly off"}
{"id": "basket_sum_000611", "topic": "basket_sum", "subtopic": "decimal_prices", "prompt": "You’re buying 5 items: $18.98, $19.99, $18.20, $16.09, $3.27. About how much will you pay (before tax)?", "exact_value": 76.53, "model": "qwen/qwen2.5-3b-instruct", "provider": "transformers", "response": "Final answer: 18.20", "numeric_answer": 18.2, "relative_error": 0.7621847641447798, "thinking_text": null, "has_tool_call": false, "tool_call": null, "usage": {"prompt_tokens": 116, "completion_tokens": 10, "total_tokens": 126, "token_count_source": "tokenizer"}, "decoding": {"temperature": 0.2, "top_p": null, "top_k": null, "max_tokens": 256, "seed": 42}, "prompt_tokens": 116, "completion_tokens": 10, "total_tokens": 126, "token_count_source": "tokenizer", "diffusion_steps": null, "flops_estimate": null, "flops_arch": null, "flops_model_params": null, "flops_active_params": null, "tokens_non_final": 3, "tokens_reasoning": 0, "tokens_response": 3, "elapsed_seconds": 0.3130364418029785, "judgement": "Way off"}
{"id": "basket_sum_000631", "topic": "basket_sum", "subtopic": "decimal_prices", "prompt": "You’re buying 6 items: $6.60, $16.40, $12.63, $14.05, $19.28, $13.75. About how much will you pay (before tax)?", "exact_value": 82.71, "model": "qwen/qwen2.5-3b-instruct", "provider": "transformers", "response": "Final answer: 13.75", "numeric_answer": 13.75, "relative_error": 0.8337564986095998, "thinking_text": null, "has_tool_call": false, "tool_call": null, "usage": {"prompt_tokens": 123, "completion_tokens": 10, "total_tokens": 133, "token_count_source": "tokenizer"}, "decoding": {"temperature": 0.2, "top_p": null, "top_k": null, "max_tokens": 256, "seed": 42}, "prompt_tokens": 123, "completion_tokens": 10, "total_tokens": 133, "token_count_source": "tokenizer", "diffusion_steps": null, "flops_estimate": null, "flops_arch": null, "flops_model_params": null, "flops_active_params": null, "tokens_non_final": 3, "tokens_reasoning": 0, "tokens_response": 3, "elapsed_seconds": 0.3141307830810547, "judgement": "Way off"}
{"id": "basket_sum_000651", "topic": "basket_sum", "subtopic": "decimal_prices", "prompt": "You’re buying 3 items: $14.35, $18.58, $9.20. About how much will you pay (before tax)?", "exact_value": 42.13, "model": "qwen/qwen2.5-3b-instruct", "provider": "transformers", "response": "Final answer: 17.65", "numeric_answer": 17.65, "relative_error": 0.5810586280560172, "thinking_text": null, "has_tool_call": false, "tool_call": null, "usage": {"prompt_tokens": 102, "completion_tokens": 10, "total_tokens": 112, "token_count_source": "tokenizer"}, "decoding": {"temperature": 0.2, "top_p": null, "top_k": null, "max_tokens": 256, "seed": 42}, "prompt_tokens": 102, "completion_tokens": 10, "total_tokens": 112, "token_count_source": "tokenizer", "diffusion_steps": null, "flops_estimate": null, "flops_arch": null, "flops_model_params": null, "flops_active_params": null, "tokens_non_final": 3, "tokens_reasoning": 0, "tokens_response": 3, "elapsed_seconds": 0.3144059181213379, "judgement": "Mildly off"}
{"id": "basket_sum_000671", "topic": "basket_sum", "subtopic": "decimal_prices", "prompt": "You’re buying 5 items: $5.42, $15.65, $14.74, $19.74, $2.91. About how much will you pay (before tax)?", "exact_value": 58.46, "model": "qwen/qwen2.5-3b-instruct", "provider": "transformers", "response": "Final answer: 15.65", "numeric_answer": 15.65, "relative_error": 0.7322955867259665, "thinking_text": null, "has_tool_call": false, "tool_call": null, "usage": {"prompt_tokens": 115, "completion_tokens": 10, "total_tokens": 125, "token_count_source": "tokenizer"}, "decoding": {"temperature": 0.2, "top_p": null, "top_k": null, "max_tokens": 256, "seed": 42}, "prompt_tokens": 115, "completion_tokens": 10, "total_tokens": 125, "token_count_source": "tokenizer", "diffusion_steps": null, "flops_estimate": null, "flops_arch": null, "flops_model_params": null, "flops_active_params": null, "tokens_non_final": 3, "tokens_reasoning": 0, "tokens_response": 3, "elapsed_seconds": 0.31432175636291504, "judgement": "Way off"}
{"id": "basket_sum_000691", "topic": "basket_sum", "subtopic": "decimal_prices", "prompt": "You’re buying 6 items: $8.22, $18.07, $7.30, $1.67, $13.66, $9.30. About how much will you pay (before tax)?", "exact_value": 58.22, "model": "qwen/qwen2.5-3b-instruct", "provider": "transformers", "response": "Final answer: 18.07", "numeric_answer": 18.07, "relative_error": 0.6896255582274132, "thinking_text": null, "has_tool_call": false, "tool_call": null, "usage": {"prompt_tokens": 120, "completion_tokens": 10, "total_tokens": 130, "token_count_source": "tokenizer"}, "decoding": {"temperature": 0.2, "top_p": null, "top_k": null, "max_tokens": 256, "seed": 42}, "prompt_tokens": 120, "completion_tokens": 10, "total_tokens": 130, "token_count_source": "tokenizer", "diffusion_steps": null, "flops_estimate": null, "flops_arch": null, "flops_model_params": null, "flops_active_params": null, "tokens_non_final": 3, "tokens_reasoning": 0, "tokens_response": 3, "elapsed_seconds": 0.3190321922302246, "judgement": "Way off"}
{"id": "basket_sum_000711", "topic": "basket_sum", "subtopic": "decimal_prices", "prompt": "You’re buying 3 items: $16.39, $19.24, $12.71. About how much will you pay (before tax)?", "exact_value": 48.34, "model": "qwen/qwen2.5-3b-instruct", "provider": "transformers", "response": "Final answer: 18.56", "numeric_answer": 18.56, "relative_error": 0.6160529582126604, "thinking_text": null, "has_tool_call": false, "tool_call": null, "usage": {"prompt_tokens": 103, "completion_tokens": 10, "total_tokens": 113, "token_count_source": "tokenizer"}, "decoding": {"temperature": 0.2, "top_p": null, "top_k": null, "max_tokens": 256, "seed": 42}, "prompt_tokens": 103, "completion_tokens": 10, "total_tokens": 113, "token_count_source": "tokenizer", "diffusion_steps": null, "flops_estimate": null, "flops_arch": null, "flops_model_params": null, "flops_active_params": null, "tokens_non_final": 3, "tokens_reasoning": 0, "tokens_response": 3, "elapsed_seconds": 0.3136610984802246, "judgement": "Way off"}
{"id": "basket_sum_000731", "topic": "basket_sum", "subtopic": "decimal_prices", "prompt": "You’re buying 3 items: $17.18, $6.99, $17.00. About how much will you pay (before tax)?", "exact_value": 41.17, "model": "qwen/qwen2.5-3b-instruct", "provider": "transformers", "response": "Final answer: 17.00", "numeric_answer": 17.0, "relative_error": 0.5870779693951906, "thinking_text": null, "has_tool_call": false, "tool_call": null, "usage": {"prompt_tokens": 102, "completion_tokens": 10, "total_tokens": 112, "token_count_source": "tokenizer"}, "decoding": {"temperature": 0.2, "top_p": null, "top_k": null, "max_tokens": 256, "seed": 42}, "prompt_tokens": 102, "completion_tokens": 10, "total_tokens": 112, "token_count_source": "tokenizer", "diffusion_steps": null, "flops_estimate": null, "flops_arch": null, "flops_model_params": null, "flops_active_params": null, "tokens_non_final": 3, "tokens_reasoning": 0, "tokens_response": 3, "elapsed_seconds": 0.31153059005737305, "judgement": "Mildly off"}
{"id": "basket_sum_000751", "topic": "basket_sum", "subtopic": "decimal_prices", "prompt": "You’re buying 6 items: $6.72, $7.37, $7.87, $0.95, $12.05, $13.81. About how much will you pay (before tax)?", "exact_value": 48.77, "model": "qwen/qwen2.5-3b-instruct", "provider": "transformers", "response": "Final answer: 6.72", "numeric_answer": 6.72, "relative_error": 0.8622103752306747, "thinking_text": null, "has_tool_call": false, "tool_call": null, "usage": {"prompt_tokens": 120, "completion_tokens": 9, "total_tokens": 129, "token_count_source": "tokenizer"}, "decoding": {"temperature": 0.2, "top_p": null, "top_k": null, "max_tokens": 256, "seed": 42}, "prompt_tokens": 120, "completion_tokens": 9, "total_tokens": 129, "token_count_source": "tokenizer", "diffusion_steps": null, "flops_estimate": null, "flops_arch": null, "flops_model_params": null, "flops_active_params": null, "tokens_non_final": 3, "tokens_reasoning": 0, "tokens_response": 3, "elapsed_seconds": 0.2814960479736328, "judgement": "Way off"}
{"id": "basket_sum_000771", "topic": "basket_sum", "subtopic": "decimal_prices", "prompt": "You’re buying 4 items: $10.56, $15.22, $13.18, $10.57. About how much will you pay (before tax)?", "exact_value": 49.53, "model": "qwen/qwen2.5-3b-instruct", "provider": "transformers", "response": "Final answer: 10.56", "numeric_answer": 10.56, "relative_error": 0.7867958812840702, "thinking_text": null, "has_tool_call": false, "tool_call": null, "usage": {"prompt_tokens": 110, "completion_tokens": 10, "total_tokens": 120, "token_count_source": "tokenizer"}, "decoding": {"temperature": 0.2, "top_p": null, "top_k": null, "max_tokens": 256, "seed": 42}, "prompt_tokens": 110, "completion_tokens": 10, "total_tokens": 120, "token_count_source": "tokenizer", "diffusion_steps": null, "flops_estimate": null, "flops_arch": null, "flops_model_params": null, "flops_active_params": null, "tokens_non_final": 3, "tokens_reasoning": 0, "tokens_response": 3, "elapsed_seconds": 0.3173713684082031, "judgement": "Way off"}
{"id": "basket_sum_000791", "topic": "basket_sum", "subtopic": "decimal_prices", "prompt": "You’re buying 5 items: $7.05, $1.24, $15.87, $18.50, $3.74. About how much will you pay (before tax)?", "exact_value": 46.4, "model": "qwen/qwen2.5-3b-instruct", "provider": "transformers", "response": "Final answer: 15.87", "numeric_answer": 15.87, "relative_error": 0.6579741379310345, "thinking_text": null, "has_tool_call": false, "tool_call": null, "usage": {"prompt_tokens": 114, "completion_tokens": 10, "total_tokens": 124, "token_count_source": "tokenizer"}, "decoding": {"temperature": 0.2, "top_p": null, "top_k": null, "max_tokens": 256, "seed": 42}, "prompt_tokens": 114, "completion_tokens": 10, "total_tokens": 124, "token_count_source": "tokenizer", "diffusion_steps": null, "flops_estimate": null, "flops_arch": null, "flops_model_params": null, "flops_active_params": null, "tokens_non_final": 3, "tokens_reasoning": 0, "tokens_response": 3, "elapsed_seconds": 0.31258583068847656, "judgement": "Way off"}
{"id": "basket_sum_000811", "topic": "basket_sum", "subtopic": "decimal_prices", "prompt": "You’re buying 4 items: $7.07, $15.16, $10.10, $2.10. About how much will you pay (before tax)?", "exact_value": 34.43, "model": "qwen/qwen2.5-3b-instruct", "provider": "transformers", "response": "Final answer: 9.10", "numeric_answer": 9.1, "relative_error": 0.7356956142898634, "thinking_text": null, "has_tool_call": false, "tool_call": null, "usage": {"prompt_tokens": 108, "completion_tokens": 9, "total_tokens": 117, "token_count_source": "tokenizer"}, "decoding": {"temperature": 0.2, "top_p": null, "top_k": null, "max_tokens": 256, "seed": 42}, "prompt_tokens": 108, "completion_tokens": 9, "total_tokens": 117, "token_count_source": "tokenizer", "diffusion_steps": null, "flops_estimate": null, "flops_arch": null, "flops_model_params": null, "flops_active_params": null, "tokens_non_final": 3, "tokens_reasoning": 0, "tokens_response": 3, "elapsed_seconds": 0.28588080406188965, "judgement": "Way off"}
{"id": "basket_sum_000831", "topic": "basket_sum", "subtopic": "decimal_prices", "prompt": "You’re buying 6 items: $8.13, $13.09, $5.25, $12.07, $19.77, $5.26. About how much will you pay (before tax)?", "exact_value": 63.57, "model": "qwen/qwen2.5-3b-instruct", "provider": "transformers", "response": "Final answer: 5.26", "numeric_answer": 5.26, "relative_error": 0.9172565675633161, "thinking_text": null, "has_tool_call": false, "tool_call": null, "usage": {"prompt_tokens": 121, "completion_tokens": 9, "total_tokens": 130, "token_count_source": "tokenizer"}, "decoding": {"temperature": 0.2, "top_p": null, "top_k": null, "max_tokens": 256, "seed": 42}, "prompt_tokens": 121, "completion_tokens": 9, "total_tokens": 130, "token_count_source": "tokenizer", "diffusion_steps": null, "flops_estimate": null, "flops_arch": null, "flops_model_params": null, "flops_active_params": null, "tokens_non_final": 3, "tokens_reasoning": 0, "tokens_response": 3, "elapsed_seconds": 0.28218698501586914, "judgement": "Way off"}
{"id": "basket_sum_000851", "topic": "basket_sum", "subtopic": "decimal_prices", "prompt": "You’re buying 6 items: $6.70, $19.75, $2.16, $17.78, $19.85, $3.18. About how much will you pay (before tax)?", "exact_value": 69.42, "model": "qwen/qwen2.5-3b-instruct", "provider": "transformers", "response": "Final answer: 19.85", "numeric_answer": 19.85, "relative_error": 0.7140593488908096, "thinking_text": null, "has_tool_call": false, "tool_call": null, "usage": {"prompt_tokens": 121, "completion_tokens": 10, "total_tokens": 131, "token_count_source": "tokenizer"}, "decoding": {"temperature": 0.2, "top_p": null, "top_k": null, "max_tokens": 256, "seed": 42}, "prompt_tokens": 121, "completion_tokens": 10, "total_tokens": 131, "token_count_source": "tokenizer", "diffusion_steps": null, "flops_estimate": null, "flops_arch": null, "flops_model_params": null, "flops_active_params": null, "tokens_non_final": 3, "tokens_reasoning": 0, "tokens_response": 3, "elapsed_seconds": 0.3116741180419922, "judgement": "Way off"}
{"id": "basket_sum_000871", "topic": "basket_sum", "subtopic": "decimal_prices", "prompt": "You’re buying 5 items: $19.98, $16.47, $18.86, $13.56, $8.06. About how much will you pay (before tax)?", "exact_value": 76.93, "model": "qwen/qwen2.5-3b-instruct", "provider": "transformers", "response": "Final answer: 18.86", "numeric_answer": 18.86, "relative_error": 0.7548420642142207, "thinking_text": null, "has_tool_call": false, "tool_call": null, "usage": {"prompt_tokens": 116, "completion_tokens": 10, "total_tokens": 126, "token_count_source": "tokenizer"}, "decoding": {"temperature": 0.2, "top_p": null, "top_k": null, "max_tokens": 256, "seed": 42}, "prompt_tokens": 116, "completion_tokens": 10, "total_tokens": 126, "token_count_source": "tokenizer", "diffusion_steps": null, "flops_estimate": null, "flops_arch": null, "flops_model_params": null, "flops_active_params": null, "tokens_non_final": 3, "tokens_reasoning": 0, "tokens_response": 3, "elapsed_seconds": 0.3175671100616455, "judgement": "Way off"}
{"id": "basket_sum_000891", "topic": "basket_sum", "subtopic": "decimal_prices", "prompt": "You’re buying 5 items: $15.60, $16.10, $18.72, $3.22, $13.53. About how much will you pay (before tax)?", "exact_value": 67.17, "model": "qwen/qwen2.5-3b-instruct", "provider": "transformers", "response": "Final answer: 16.10", "numeric_answer": 16.1, "relative_error": 0.7603096620515111, "thinking_text": null, "has_tool_call": false, "tool_call": null, "usage": {"prompt_tokens": 116, "completion_tokens": 10, "total_tokens": 126, "token_count_source": "tokenizer"}, "decoding": {"temperature": 0.2, "top_p": null, "top_k": null, "max_tokens": 256, "seed": 42}, "prompt_tokens": 116, "completion_tokens": 10, "total_tokens": 126, "token_count_source": "tokenizer", "diffusion_steps": null, "flops_estimate": null, "flops_arch": null, "flops_model_params": null, "flops_active_params": null, "tokens_non_final": 3, "tokens_reasoning": 0, "tokens_response": 3, "elapsed_seconds": 0.3175339698791504, "judgement": "Way off"}
{"id": "basket_sum_000911", "topic": "basket_sum", "subtopic": "decimal_prices", "prompt": "You’re buying 5 items: $12.93, $9.34, $1.01, $3.03, $3.13. About how much will you pay (before tax)?", "exact_value": 29.44, "model": "qwen/qwen2.5-3b-instruct", "provider": "transformers", "response": "Final answer: 3.03", "numeric_answer": 3.03, "relative_error": 0.897078804347826, "thinking_text": null, "has_tool_call": false, "tool_call": null, "usage": {"prompt_tokens": 113, "completion_tokens": 9, "total_tokens": 122, "token_count_source": "tokenizer"}, "decoding": {"temperature": 0.2, "top_p": null, "top_k": null, "max_tokens": 256, "seed": 42}, "prompt_tokens": 113, "completion_tokens": 9, "total_tokens": 122, "token_count_source": "tokenizer", "diffusion_steps": null, "flops_estimate": null, "flops_arch": null, "flops_model_params": null, "flops_active_params": null, "tokens_non_final": 3, "tokens_reasoning": 0, "tokens_response": 3, "elapsed_seconds": 0.28593015670776367, "judgement": "Way off"}
{"id": "basket_sum_000931", "topic": "basket_sum", "subtopic": "decimal_prices", "prompt": "You’re buying 3 items: $7.76, $7.19, $6.04. About how much will you pay (before tax)?", "exact_value": 20.99, "model": "qwen/qwen2.5-3b-instruct", "provider": "transformers", "response": "Final answer: 7.19", "numeric_answer": 7.19, "relative_error": 0.6574559313959027, "thinking_text": null, "has_tool_call": false, "tool_call": null, "usage": {"prompt_tokens": 100, "completion_tokens": 9, "total_tokens": 109, "token_count_source": "tokenizer"}, "decoding": {"temperature": 0.2, "top_p": null, "top_k": null, "max_tokens": 256, "seed": 42}, "prompt_tokens": 100, "completion_tokens": 9, "total_tokens": 109, "token_count_source": "tokenizer", "diffusion_steps": null, "flops_estimate": null, "flops_arch": null, "flops_model_params": null, "flops_active_params": null, "tokens_non_final": 3, "tokens_reasoning": 0, "tokens_response": 3, "elapsed_seconds": 0.284804105758667, "judgement": "Way off"}
{"id": "basket_sum_000951", "topic": "basket_sum", "subtopic": "decimal_prices", "prompt": "You’re buying 3 items: $6.36, $10.07, $5.87. About how much will you pay (before tax)?", "exact_value": 22.3, "model": "qwen/qwen2.5-3b-instruct", "provider": "transformers", "response": "Final answer: 5.87", "numeric_answer": 5.87, "relative_error": 0.7367713004484304, "thinking_text": null, "has_tool_call": false, "tool_call": null, "usage": {"prompt_tokens": 101, "completion_tokens": 9, "total_tokens": 110, "token_count_source": "tokenizer"}, "decoding": {"temperature": 0.2, "top_p": null, "top_k": null, "max_tokens": 256, "seed": 42}, "prompt_tokens": 101, "completion_tokens": 9, "total_tokens": 110, "token_count_source": "tokenizer", "diffusion_steps": null, "flops_estimate": null, "flops_arch": null, "flops_model_params": null, "flops_active_params": null, "tokens_non_final": 3, "tokens_reasoning": 0, "tokens_response": 3, "elapsed_seconds": 0.2835655212402344, "judgement": "Way off"}
{"id": "basket_sum_000971", "topic": "basket_sum", "subtopic": "decimal_prices", "prompt": "You’re buying 6 items: $10.87, $14.23, $19.61, $5.05, $8.97, $1.97. About how much will you pay (before tax)?", "exact_value": 60.7, "model": "qwen/qwen2.5-3b-instruct", "provider": "transformers", "response": "Final answer: 19.61", "numeric_answer": 19.61, "relative_error": 0.6769357495881384, "thinking_text": null, "has_tool_call": false, "tool_call": null, "usage": {"prompt_tokens": 121, "completion_tokens": 10, "total_tokens": 131, "token_count_source": "tokenizer"}, "decoding": {"temperature": 0.2, "top_p": null, "top_k": null, "max_tokens": 256, "seed": 42}, "prompt_tokens": 121, "completion_tokens": 10, "total_tokens": 131, "token_count_source": "tokenizer", "diffusion_steps": null, "flops_estimate": null, "flops_arch": null, "flops_model_params": null, "flops_active_params": null, "tokens_non_final": 3, "tokens_reasoning": 0, "tokens_response": 3, "elapsed_seconds": 0.31255292892456055, "judgement": "Way off"}
{"id": "basket_sum_000991", "topic": "basket_sum", "subtopic": "decimal_prices", "prompt": "You’re buying 4 items: $11.05, $0.82, $7.46, $12.41. About how much will you pay (before tax)?", "exact_value": 31.74, "model": "qwen/qwen2.5-3b-instruct", "provider": "transformers", "response": "Final answer: 9.97", "numeric_answer": 9.97, "relative_error": 0.68588531821046, "thinking_text": null, "has_tool_call": false, "tool_call": null, "usage": {"prompt_tokens": 108, "completion_tokens": 9, "total_tokens": 117, "token_count_source": "tokenizer"}, "decoding": {"temperature": 0.2, "top_p": null, "top_k": null, "max_tokens": 256, "seed": 42}, "prompt_tokens": 108, "completion_tokens": 9, "total_tokens": 117, "token_count_source": "tokenizer", "diffusion_steps": null, "flops_estimate": null, "flops_arch": null, "flops_model_params": null, "flops_active_params": null, "tokens_non_final": 3, "tokens_reasoning": 0, "tokens_response": 3, "elapsed_seconds": 0.2808363437652588, "judgement": "Way off"}
{"id": "basket_sum_001011", "topic": "basket_sum", "subtopic": "decimal_prices", "prompt": "You’re buying 3 items: $10.23, $19.81, $5.10. About how much will you pay (before tax)?", "exact_value": 35.14, "model": "qwen/qwen2.5-3b-instruct", "provider": "transformers", "response": "Final answer: 19.81", "numeric_answer": 19.81, "relative_error": 0.43625498007968133, "thinking_text": null, "has_tool_call": false, "tool_call": null, "usage": {"prompt_tokens": 102, "completion_tokens": 10, "total_tokens": 112, "token_count_source": "tokenizer"}, "decoding": {"temperature": 0.2, "top_p": null, "top_k": null, "max_tokens": 256, "seed": 42}, "prompt_tokens": 102, "completion_tokens": 10, "total_tokens": 112, "token_count_source": "tokenizer", "diffusion_steps": null, "flops_estimate": null, "flops_arch": null, "flops_model_params": null, "flops_active_params": null, "tokens_non_final": 3, "tokens_reasoning": 0, "tokens_response": 3, "elapsed_seconds": 0.31084537506103516, "judgement": "Mildly off"}
{"id": "basket_sum_001031", "topic": "basket_sum", "subtopic": "decimal_prices", "prompt": "You’re buying 3 items: $12.39, $4.12, $3.87. About how much will you pay (before tax)?", "exact_value": 20.38, "model": "qwen/qwen2.5-3b-instruct", "provider": "transformers", "response": "Final answer: 5.00", "numeric_answer": 5.0, "relative_error": 0.7546614327772325, "thinking_text": null, "has_tool_call": false, "tool_call": null, "usage": {"prompt_tokens": 101, "completion_tokens": 9, "total_tokens": 110, "token_count_source": "tokenizer"}, "decoding": {"temperature": 0.2, "top_p": null, "top_k": null, "max_tokens": 256, "seed": 42}, "prompt_tokens": 101, "completion_tokens": 9, "total_tokens": 110, "token_count_source": "tokenizer", "diffusion_steps": null, "flops_estimate": null, "flops_arch": null, "flops_model_params": null, "flops_active_params": null, "tokens_non_final": 3, "tokens_reasoning": 0, "tokens_response": 3, "elapsed_seconds": 0.2818021774291992, "judgement": "Way off"}
{"id": "basket_sum_001051", "topic": "basket_sum", "subtopic": "decimal_prices", "prompt": "You’re buying 6 items: $2.66, $1.08, $15.50, $6.73, $17.45, $16.10. About how much will you pay (before tax)?", "exact_value": 59.52, "model": "qwen/qwen2.5-3b-instruct", "provider": "transformers", "response": "Final answer: 16.10", "numeric_answer": 16.1, "relative_error": 0.729502688172043, "thinking_text": null, "has_tool_call": false, "tool_call": null, "usage": {"prompt_tokens": 121, "completion_tokens": 10, "total_tokens": 131, "token_count_source": "tokenizer"}, "decoding": {"temperature": 0.2, "top_p": null, "top_k": null, "max_tokens": 256, "seed": 42}, "prompt_tokens": 121, "completion_tokens": 10, "total_tokens": 131, "token_count_source": "tokenizer", "diffusion_steps": null, "flops_estimate": null, "flops_arch": null, "flops_model_params": null, "flops_active_params": null, "tokens_non_final": 3, "tokens_reasoning": 0, "tokens_response": 3, "elapsed_seconds": 0.3132956027984619, "judgement": "Way off"}
{"id": "basket_sum_001071", "topic": "basket_sum", "subtopic": "decimal_prices", "prompt": "You’re buying 4 items: $7.01, $19.73, $18.82, $15.05. About how much will you pay (before tax)?", "exact_value": 60.61, "model": "qwen/qwen2.5-3b-instruct", "provider": "transformers", "response": "Final answer: 18.82", "numeric_answer": 18.82, "relative_error": 0.6894901831380961, "thinking_text": null, "has_tool_call": false, "tool_call": null, "usage": {"prompt_tokens": 109, "completion_tokens": 10, "total_tokens": 119, "token_count_source": "tokenizer"}, "decoding": {"temperature": 0.2, "top_p": null, "top_k": null, "max_tokens": 256, "seed": 42}, "prompt_tokens": 109, "completion_tokens": 10, "total_tokens": 119, "token_count_source": "tokenizer", "diffusion_steps": null, "flops_estimate": null, "flops_arch": null, "flops_model_params": null, "flops_active_params": null, "tokens_non_final": 3, "tokens_reasoning": 0, "tokens_response": 3, "elapsed_seconds": 0.31458234786987305, "judgement": "Way off"}
{"id": "basket_sum_001091", "topic": "basket_sum", "subtopic": "decimal_prices", "prompt": "You’re buying 6 items: $5.22, $14.42, $3.22, $3.06, $11.87, $8.32. About how much will you pay (before tax)?", "exact_value": 46.11, "model": "qwen/qwen2.5-3b-instruct", "provider": "transformers", "response": "Final answer: 11.87", "numeric_answer": 11.87, "relative_error": 0.7425721101713295, "thinking_text": null, "has_tool_call": false, "tool_call": null, "usage": {"prompt_tokens": 120, "completion_tokens": 10, "total_tokens": 130, "token_count_source": "tokenizer"}, "decoding": {"temperature": 0.2, "top_p": null, "top_k": null, "max_tokens": 256, "seed": 42}, "prompt_tokens": 120, "completion_tokens": 10, "total_tokens": 130, "token_count_source": "tokenizer", "diffusion_steps": null, "flops_estimate": null, "flops_arch": null, "flops_model_params": null, "flops_active_params": null, "tokens_non_final": 3, "tokens_reasoning": 0, "tokens_response": 3, "elapsed_seconds": 0.3141918182373047, "judgement": "Way off"}
{"id": "basket_sum_001111", "topic": "basket_sum", "subtopic": "decimal_prices", "prompt": "You’re buying 4 items: $19.10, $10.16, $17.74, $8.93. About how much will you pay (before tax)?", "exact_value": 55.93, "model": "qwen/qwen2.5-3b-instruct", "provider": "transformers", "response": "Final answer: 10.16", "numeric_answer": 10.16, "relative_error": 0.8183443590202037, "thinking_text": null, "has_tool_call": false, "tool_call": null, "usage": {"prompt_tokens": 109, "completion_tokens": 10, "total_tokens": 119, "token_count_source": "tokenizer"}, "decoding": {"temperature": 0.2, "top_p": null, "top_k": null, "max_tokens": 256, "seed": 42}, "prompt_tokens": 109, "completion_tokens": 10, "total_tokens": 119, "token_count_source": "tokenizer", "diffusion_steps": null, "flops_estimate": null, "flops_arch": null, "flops_model_params": null, "flops_active_params": null, "tokens_non_final": 3, "tokens_reasoning": 0, "tokens_response": 3, "elapsed_seconds": 0.31314969062805176, "judgement": "Way off"}
{"id": "basket_sum_001131", "topic": "basket_sum", "subtopic": "decimal_prices", "prompt": "You’re buying 3 items: $18.72, $17.46, $5.78. About how much will you pay (before tax)?", "exact_value": 41.96, "model": "qwen/qwen2.5-3b-instruct", "provider": "transformers", "response": "Final answer: 17.46", "numeric_answer": 17.46, "relative_error": 0.5838894184938036, "thinking_text": null, "has_tool_call": false, "tool_call": null, "usage": {"prompt_tokens": 102, "completion_tokens": 10, "total_tokens": 112, "token_count_source": "tokenizer"}, "decoding": {"temperature": 0.2, "top_p": null, "top_k": null, "max_tokens": 256, "seed": 42}, "prompt_tokens": 102, "completion_tokens": 10, "total_tokens": 112, "token_count_source": "tokenizer", "diffusion_steps": null, "flops_estimate": null, "flops_arch": null, "flops_model_params": null, "flops_active_params": null, "tokens_non_final": 3, "tokens_reasoning": 0, "tokens_response": 3, "elapsed_seconds": 0.3130509853363037, "judgement": "Mildly off"}
{"id": "basket_sum_001151", "topic": "basket_sum", "subtopic": "decimal_prices", "prompt": "You’re buying 6 items: $8.31, $2.74, $14.88, $17.68, $5.94, $4.74. About how much will you pay (before tax)?", "exact_value": 54.29, "model": "qwen/qwen2.5-3b-instruct", "provider": "transformers", "response": "Final answer: 17.68", "numeric_answer": 17.68, "relative_error": 0.6743414993553141, "thinking_text": null, "has_tool_call": false, "tool_call": null, "usage": {"prompt_tokens": 120, "completion_tokens": 10, "total_tokens": 130, "token_count_source": "tokenizer"}, "decoding": {"temperature": 0.2, "top_p": null, "top_k": null, "max_tokens": 256, "seed": 42}, "prompt_tokens": 120, "completion_tokens": 10, "total_tokens": 130, "token_count_source": "tokenizer", "diffusion_steps": null, "flops_estimate": null, "flops_arch": null, "flops_model_params": null, "flops_active_params": null, "tokens_non_final": 3, "tokens_reasoning": 0, "tokens_response": 3, "elapsed_seconds": 0.3122062683105469, "judgement": "Way off"}
{"id": "basket_sum_001171", "topic": "basket_sum", "subtopic": "decimal_prices", "prompt": "You’re buying 3 items: $10.17, $0.89, $7.55. About how much will you pay (before tax)?", "exact_value": 18.61, "model": "qwen/qwen2.5-3b-instruct", "provider": "transformers", "response": "Final answer: 2.46", "numeric_answer": 2.46, "relative_error": 0.8678130037614186, "thinking_text": null, "has_tool_call": false, "tool_call": null, "usage": {"prompt_tokens": 101, "completion_tokens": 9, "total_tokens": 110, "token_count_source": "tokenizer"}, "decoding": {"temperature": 0.2, "top_p": null, "top_k": null, "max_tokens": 256, "seed": 42}, "prompt_tokens": 101, "completion_tokens": 9, "total_tokens": 110, "token_count_source": "tokenizer", "diffusion_steps": null, "flops_estimate": null, "flops_arch": null, "flops_model_params": null, "flops_active_params": null, "tokens_non_final": 3, "tokens_reasoning": 0, "tokens_response": 3, "elapsed_seconds": 0.2816290855407715, "judgement": "Way off"}
{"id": "basket_sum_001191", "topic": "basket_sum", "subtopic": "decimal_prices", "prompt": "You’re buying 5 items: $16.57, $13.87, $17.29, $12.64, $9.09. About how much will you pay (before tax)?", "exact_value": 69.46, "model": "qwen/qwen2.5-3b-instruct", "provider": "transformers", "response": "Final answer: 17.29", "numeric_answer": 17.29, "relative_error": 0.7510797581341779, "thinking_text": null, "has_tool_call": false, "tool_call": null, "usage": {"prompt_tokens": 116, "completion_tokens": 10, "total_tokens": 126, "token_count_source": "tokenizer"}, "decoding": {"temperature": 0.2, "top_p": null, "top_k": null, "max_tokens": 256, "seed": 42}, "prompt_tokens": 116, "completion_tokens": 10, "total_tokens": 126, "token_count_source": "tokenizer", "diffusion_steps": null, "flops_estimate": null, "flops_arch": null, "flops_model_params": null, "flops_active_params": null, "tokens_non_final": 3, "tokens_reasoning": 0, "tokens_response": 3, "elapsed_seconds": 0.3260776996612549, "judgement": "Way off"}
{"id": "basket_sum_001211", "topic": "basket_sum", "subtopic": "decimal_prices", "prompt": "You’re buying 4 items: $2.44, $1.26, $19.22, $2.64. About how much will you pay (before tax)?", "exact_value": 25.56, "model": "qwen/qwen2.5-3b-instruct", "provider": "transformers", "response": "Final answer: 2.57", "numeric_answer": 2.57, "relative_error": 0.899452269170579, "thinking_text": null, "has_tool_call": false, "tool_call": null, "usage": {"prompt_tokens": 107, "completion_tokens": 9, "total_tokens": 116, "token_count_source": "tokenizer"}, "decoding": {"temperature": 0.2, "top_p": null, "top_k": null, "max_tokens": 256, "seed": 42}, "prompt_tokens": 107, "completion_tokens": 9, "total_tokens": 116, "token_count_source": "tokenizer", "diffusion_steps": null, "flops_estimate": null, "flops_arch": null, "flops_model_params": null, "flops_active_params": null, "tokens_non_final": 3, "tokens_reasoning": 0, "tokens_response": 3, "elapsed_seconds": 0.28368544578552246, "judgement": "Way off"}
{"id": "basket_sum_001231", "topic": "basket_sum", "subtopic": "decimal_prices", "prompt": "You’re buying 5 items: $4.51, $9.17, $1.90, $5.25, $12.09. About how much will you pay (before tax)?", "exact_value": 32.92, "model": "qwen/qwen2.5-3b-instruct", "provider": "transformers", "response": "Final answer: 4.51", "numeric_answer": 4.51, "relative_error": 0.8630012150668287, "thinking_text": null, "has_tool_call": false, "tool_call": null, "usage": {"prompt_tokens": 113, "completion_tokens": 9, "total_tokens": 122, "token_count_source": "tokenizer"}, "decoding": {"temperature": 0.2, "top_p": null, "top_k": null, "max_tokens": 256, "seed": 42}, "prompt_tokens": 113, "completion_tokens": 9, "total_tokens": 122, "token_count_source": "tokenizer", "diffusion_steps": null, "flops_estimate": null, "flops_arch": null, "flops_model_params": null, "flops_active_params": null, "tokens_non_final": 3, "tokens_reasoning": 0, "tokens_response": 3, "elapsed_seconds": 0.28441905975341797, "judgement": "Way off"}
{"id": "basket_sum_001251", "topic": "basket_sum", "subtopic": "decimal_prices", "prompt": "You’re buying 5 items: $3.91, $8.11, $15.11, $18.54, $3.32. About how much will you pay (before tax)?", "exact_value": 48.99, "model": "qwen/qwen2.5-3b-instruct", "provider": "transformers", "response": "Final answer: 3.32", "numeric_answer": 3.32, "relative_error": 0.9322310675648091, "thinking_text": null, "has_tool_call": false, "tool_call": null, "usage": {"prompt_tokens": 114, "completion_tokens": 9, "total_tokens": 123, "token_count_source": "tokenizer"}, "decoding": {"temperature": 0.2, "top_p": null, "top_k": null, "max_tokens": 256, "seed": 42}, "prompt_tokens": 114, "completion_tokens": 9, "total_tokens": 123, "token_count_source": "tokenizer", "diffusion_steps": null, "flops_estimate": null, "flops_arch": null, "flops_model_params": null, "flops_active_params": null, "tokens_non_final": 3, "tokens_reasoning": 0, "tokens_response": 3, "elapsed_seconds": 0.2824397087097168, "judgement": "Way off"}
{"id": "basket_sum_001271", "topic": "basket_sum", "subtopic": "decimal_prices", "prompt": "You’re buying 6 items: $11.14, $3.12, $17.66, $16.12, $12.45, $13.45. About how much will you pay (before tax)?", "exact_value": 73.94, "model": "qwen/qwen2.5-3b-instruct", "provider": "transformers", "response": "Final answer: 13.45", "numeric_answer": 13.45, "relative_error": 0.8180957533134974, "thinking_text": null, "has_tool_call": false, "tool_call": null, "usage": {"prompt_tokens": 123, "completion_tokens": 10, "total_tokens": 133, "token_count_source": "tokenizer"}, "decoding": {"temperature": 0.2, "top_p": null, "top_k": null, "max_tokens": 256, "seed": 42}, "prompt_tokens": 123, "completion_tokens": 10, "total_tokens": 133, "token_count_source": "tokenizer", "diffusion_steps": null, "flops_estimate": null, "flops_arch": null, "flops_model_params": null, "flops_active_params": null, "tokens_non_final": 3, "tokens_reasoning": 0, "tokens_response": 3, "elapsed_seconds": 0.3128178119659424, "judgement": "Way off"}
{"id": "basket_sum_001291", "topic": "basket_sum", "subtopic": "decimal_prices", "prompt": "You’re buying 5 items: $18.82, $5.77, $12.43, $2.83, $5.24. About how much will you pay (before tax)?", "exact_value": 45.09, "model": "qwen/qwen2.5-3b-instruct", "provider": "transformers", "response": "Final answer: 5.24", "numeric_answer": 5.24, "relative_error": 0.8837879795963628, "thinking_text": null, "has_tool_call": false, "tool_call": null, "usage": {"prompt_tokens": 114, "completion_tokens": 9, "total_tokens": 123, "token_count_source": "tokenizer"}, "decoding": {"temperature": 0.2, "top_p": null, "top_k": null, "max_tokens": 256, "seed": 42}, "prompt_tokens": 114, "completion_tokens": 9, "total_tokens": 123, "token_count_source": "tokenizer", "diffusion_steps": null, "flops_estimate": null, "flops_arch": null, "flops_model_params": null, "flops_active_params": null, "tokens_non_final": 3, "tokens_reasoning": 0, "tokens_response": 3, "elapsed_seconds": 0.28116583824157715, "judgement": "Way off"}
{"id": "basket_sum_001311", "topic": "basket_sum", "subtopic": "decimal_prices", "prompt": "You’re buying 5 items: $13.47, $7.46, $8.43, $3.25, $17.73. About how much will you pay (before tax)?", "exact_value": 50.34, "model": "qwen/qwen2.5-3b-instruct", "provider": "transformers", "response": "Final answer: 17.73", "numeric_answer": 17.73, "relative_error": 0.6477949940405244, "thinking_text": null, "has_tool_call": false, "tool_call": null, "usage": {"prompt_tokens": 114, "completion_tokens": 10, "total_tokens": 124, "token_count_source": "tokenizer"}, "decoding": {"temperature": 0.2, "top_p": null, "top_k": null, "max_tokens": 256, "seed": 42}, "prompt_tokens": 114, "completion_tokens": 10, "total_tokens": 124, "token_count_source": "tokenizer", "diffusion_steps": null, "flops_estimate": null, "flops_arch": null, "flops_model_params": null, "flops_active_params": null, "tokens_non_final": 3, "tokens_reasoning": 0, "tokens_response": 3, "elapsed_seconds": 0.3111879825592041, "judgement": "Way off"}
{"id": "basket_sum_001331", "topic": "basket_sum", "subtopic": "decimal_prices", "prompt": "You’re buying 3 items: $9.47, $11.89, $1.27. About how much will you pay (before tax)?", "exact_value": 22.63, "model": "qwen/qwen2.5-3b-instruct", "provider": "transformers", "response": "Final answer: 9.47", "numeric_answer": 9.47, "relative_error": 0.5815289438798055, "thinking_text": null, "has_tool_call": false, "tool_call": null, "usage": {"prompt_tokens": 101, "completion_tokens": 9, "total_tokens": 110, "token_count_source": "tokenizer"}, "decoding": {"temperature": 0.2, "top_p": null, "top_k": null, "max_tokens": 256, "seed": 42}, "prompt_tokens": 101, "completion_tokens": 9, "total_tokens": 110, "token_count_source": "tokenizer", "diffusion_steps": null, "flops_estimate": null, "flops_arch": null, "flops_model_params": null, "flops_active_params": null, "tokens_non_final": 3, "tokens_reasoning": 0, "tokens_response": 3, "elapsed_seconds": 0.2817249298095703, "judgement": "Mildly off"}
{"id": "basket_sum_001351", "topic": "basket_sum", "subtopic": "decimal_prices", "prompt": "You’re buying 5 items: $7.84, $15.52, $18.73, $11.56, $13.11. About how much will you pay (before tax)?", "exact_value": 66.76, "model": "qwen/qwen2.5-3b-instruct", "provider": "transformers", "response": "Final answer: 18.73", "numeric_answer": 18.73, "relative_error": 0.719442780107849, "thinking_text": null, "has_tool_call": false, "tool_call": null, "usage": {"prompt_tokens": 116, "completion_tokens": 10, "total_tokens": 126, "token_count_source": "tokenizer"}, "decoding": {"temperature": 0.2, "top_p": null, "top_k": null, "max_tokens": 256, "seed": 42}, "prompt_tokens": 116, "completion_tokens": 10, "total_tokens": 126, "token_count_source": "tokenizer", "diffusion_steps": null, "flops_estimate": null, "flops_arch": null, "flops_model_params": null, "flops_active_params": null, "tokens_non_final": 3, "tokens_reasoning": 0, "tokens_response": 3, "elapsed_seconds": 0.31311917304992676, "judgement": "Way off"}
{"id": "basket_sum_001371", "topic": "basket_sum", "subtopic": "decimal_prices", "prompt": "You’re buying 3 items: $1.87, $13.03, $1.99. About how much will you pay (before tax)?", "exact_value": 16.89, "model": "qwen/qwen2.5-3b-instruct", "provider": "transformers", "response": "Final answer: 1.99", "numeric_answer": 1.99, "relative_error": 0.8821788040260509, "thinking_text": null, "has_tool_call": false, "tool_call": null, "usage": {"prompt_tokens": 101, "completion_tokens": 9, "total_tokens": 110, "token_count_source": "tokenizer"}, "decoding": {"temperature": 0.2, "top_p": null, "top_k": null, "max_tokens": 256, "seed": 42}, "prompt_tokens": 101, "completion_tokens": 9, "total_tokens": 110, "token_count_source": "tokenizer", "diffusion_steps": null, "flops_estimate": null, "flops_arch": null, "flops_model_params": null, "flops_active_params": null, "tokens_non_final": 3, "tokens_reasoning": 0, "tokens_response": 3, "elapsed_seconds": 0.2871270179748535, "judgement": "Way off"}
{"id": "basket_sum_001391", "topic": "basket_sum", "subtopic": "decimal_prices", "prompt": "You’re buying 5 items: $7.94, $8.05, $12.09, $1.44, $14.25. About how much will you pay (before tax)?", "exact_value": 43.77, "model": "qwen/qwen2.5-3b-instruct", "provider": "transformers", "response": "Final answer: 14.25", "numeric_answer": 14.25, "relative_error": 0.6744345442083619, "thinking_text": null, "has_tool_call": false, "tool_call": null, "usage": {"prompt_tokens": 114, "completion_tokens": 10, "total_tokens": 124, "token_count_source": "tokenizer"}, "decoding": {"temperature": 0.2, "top_p": null, "top_k": null, "max_tokens": 256, "seed": 42}, "prompt_tokens": 114, "completion_tokens": 10, "total_tokens": 124, "token_count_source": "tokenizer", "diffusion_steps": null, "flops_estimate": null, "flops_arch": null, "flops_model_params": null, "flops_active_params": null, "tokens_non_final": 3, "tokens_reasoning": 0, "tokens_response": 3, "elapsed_seconds": 0.31988978385925293, "judgement": "Way off"}
{"id": "basket_sum_001411", "topic": "basket_sum", "subtopic": "decimal_prices", "prompt": "You’re buying 4 items: $6.59, $2.57, $8.16, $4.24. About how much will you pay (before tax)?", "exact_value": 21.56, "model": "qwen/qwen2.5-3b-instruct", "provider": "transformers", "response": "Final answer: 6.59", "numeric_answer": 6.59, "relative_error": 0.6943413729128015, "thinking_text": null, "has_tool_call": false, "tool_call": null, "usage": {"prompt_tokens": 106, "completion_tokens": 9, "total_tokens": 115, "token_count_source": "tokenizer"}, "decoding": {"temperature": 0.2, "top_p": null, "top_k": null, "max_tokens": 256, "seed": 42}, "prompt_tokens": 106, "completion_tokens": 9, "total_tokens": 115, "token_count_source": "tokenizer", "diffusion_steps": null, "flops_estimate": null, "flops_arch": null, "flops_model_params": null, "flops_active_params": null, "tokens_non_final": 3, "tokens_reasoning": 0, "tokens_response": 3, "elapsed_seconds": 0.2840437889099121, "judgement": "Way off"}
{"id": "basket_sum_001431", "topic": "basket_sum", "subtopic": "decimal_prices", "prompt": "You’re buying 4 items: $11.75, $19.89, $12.61, $11.14. About how much will you pay (before tax)?", "exact_value": 55.39, "model": "qwen/qwen2.5-3b-instruct", "provider": "transformers", "response": "Final answer: 11.14", "numeric_answer": 11.14, "relative_error": 0.798880664379852, "thinking_text": null, "has_tool_call": false, "tool_call": null, "usage": {"prompt_tokens": 110, "completion_tokens": 10, "total_tokens": 120, "token_count_source": "tokenizer"}, "decoding": {"temperature": 0.2, "top_p": null, "top_k": null, "max_tokens": 256, "seed": 42}, "prompt_tokens": 110, "completion_tokens": 10, "total_tokens": 120, "token_count_source": "tokenizer", "diffusion_steps": null, "flops_estimate": null, "flops_arch": null, "flops_model_params": null, "flops_active_params": null, "tokens_non_final": 3, "tokens_reasoning": 0, "tokens_response": 3, "elapsed_seconds": 0.3170778751373291, "judgement": "Way off"}
{"id": "basket_sum_001451", "topic": "basket_sum", "subtopic": "decimal_prices", "prompt": "You’re buying 6 items: $19.50, $8.67, $13.01, $12.67, $3.45, $12.69. About how much will you pay (before tax)?", "exact_value": 69.99, "model": "qwen/qwen2.5-3b-instruct", "provider": "transformers", "response": "Final answer: 12.69", "numeric_answer": 12.69, "relative_error": 0.818688384054865, "thinking_text": null, "has_tool_call": false, "tool_call": null, "usage": {"prompt_tokens": 122, "completion_tokens": 10, "total_tokens": 132, "token_count_source": "tokenizer"}, "decoding": {"temperature": 0.2, "top_p": null, "top_k": null, "max_tokens": 256, "seed": 42}, "prompt_tokens": 122, "completion_tokens": 10, "total_tokens": 132, "token_count_source": "tokenizer", "diffusion_steps": null, "flops_estimate": null, "flops_arch": null, "flops_model_params": null, "flops_active_params": null, "tokens_non_final": 3, "tokens_reasoning": 0, "tokens_response": 3, "elapsed_seconds": 0.31534647941589355, "judgement": "Way off"}
{"id": "basket_sum_001471", "topic": "basket_sum", "subtopic": "decimal_prices", "prompt": "You’re buying 5 items: $9.92, $9.24, $6.45, $15.07, $14.14. About how much will you pay (before tax)?", "exact_value": 54.82, "model": "qwen/qwen2.5-3b-instruct", "provider": "transformers", "response": "Final answer: 9.92", "numeric_answer": 9.92, "relative_error": 0.8190441444728201, "thinking_text": null, "has_tool_call": false, "tool_call": null, "usage": {"prompt_tokens": 114, "completion_tokens": 9, "total_tokens": 123, "token_count_source": "tokenizer"}, "decoding": {"temperature": 0.2, "top_p": null, "top_k": null, "max_tokens": 256, "seed": 42}, "prompt_tokens": 114, "completion_tokens": 9, "total_tokens": 123, "token_count_source": "tokenizer", "diffusion_steps": null, "flops_estimate": null, "flops_arch": null, "flops_model_params": null, "flops_active_params": null, "tokens_non_final": 3, "tokens_reasoning": 0, "tokens_response": 3, "elapsed_seconds": 0.2837498188018799, "judgement": "Way off"}
{"id": "basket_sum_001491", "topic": "basket_sum", "subtopic": "decimal_prices", "prompt": "You’re buying 6 items: $10.66, $19.06, $6.54, $17.44, $5.57, $6.08. About how much will you pay (before tax)?", "exact_value": 65.35, "model": "qwen/qwen2.5-3b-instruct", "provider": "transformers", "response": "Final answer: 6.08", "numeric_answer": 6.08, "relative_error": 0.9069625095638868, "thinking_text": null, "has_tool_call": false, "tool_call": null, "usage": {"prompt_tokens": 121, "completion_tokens": 9, "total_tokens": 130, "token_count_source": "tokenizer"}, "decoding": {"temperature": 0.2, "top_p": null, "top_k": null, "max_tokens": 256, "seed": 42}, "prompt_tokens": 121, "completion_tokens": 9, "total_tokens": 130, "token_count_source": "tokenizer", "diffusion_steps": null, "flops_estimate": null, "flops_arch": null, "flops_model_params": null, "flops_active_params": null, "tokens_non_final": 3, "tokens_reasoning": 0, "tokens_response": 3, "elapsed_seconds": 0.283139705657959, "judgement": "Way off"}
{"id": "basket_sum_001511", "topic": "basket_sum", "subtopic": "decimal_prices", "prompt": "You’re buying 3 items: $3.49, $15.57, $17.51. About how much will you pay (before tax)?", "exact_value": 36.57, "model": "qwen/qwen2.5-3b-instruct", "provider": "transformers", "response": "Final answer: 17.51", "numeric_answer": 17.51, "relative_error": 0.5211922340716434, "thinking_text": null, "has_tool_call": false, "tool_call": null, "usage": {"prompt_tokens": 102, "completion_tokens": 10, "total_tokens": 112, "token_count_source": "tokenizer"}, "decoding": {"temperature": 0.2, "top_p": null, "top_k": null, "max_tokens": 256, "seed": 42}, "prompt_tokens": 102, "completion_tokens": 10, "total_tokens": 112, "token_count_source": "tokenizer", "diffusion_steps": null, "flops_estimate": null, "flops_arch": null, "flops_model_params": null, "flops_active_params": null, "tokens_non_final": 3, "tokens_reasoning": 0, "tokens_response": 3, "elapsed_seconds": 0.3138272762298584, "judgement": "Mildly off"}
{"id": "basket_sum_001531", "topic": "basket_sum", "subtopic": "decimal_prices", "prompt": "You’re buying 3 items: $9.37, $8.45, $4.74. About how much will you pay (before tax)?", "exact_value": 22.56, "model": "qwen/qwen2.5-3b-instruct", "provider": "transformers", "response": "Final answer: 10.00", "numeric_answer": 10.0, "relative_error": 0.5567375886524822, "thinking_text": null, "has_tool_call": false, "tool_call": null, "usage": {"prompt_tokens": 100, "completion_tokens": 10, "total_tokens": 110, "token_count_source": "tokenizer"}, "decoding": {"temperature": 0.2, "top_p": null, "top_k": null, "max_tokens": 256, "seed": 42}, "prompt_tokens": 100, "completion_tokens": 10, "total_tokens": 110, "token_count_source": "tokenizer", "diffusion_steps": null, "flops_estimate": null, "flops_arch": null, "flops_model_params": null, "flops_active_params": null, "tokens_non_final": 3, "tokens_reasoning": 0, "tokens_response": 3, "elapsed_seconds": 0.3134579658508301, "judgement": "Mildly off"}
{"id": "basket_sum_001551", "topic": "basket_sum", "subtopic": "decimal_prices", "prompt": "You’re buying 4 items: $3.21, $10.67, $16.25, $3.53. About how much will you pay (before tax)?", "exact_value": 33.66, "model": "qwen/qwen2.5-3b-instruct", "provider": "transformers", "response": "Final answer: 16.25", "numeric_answer": 16.25, "relative_error": 0.5172311348781936, "thinking_text": null, "has_tool_call": false, "tool_call": null, "usage": {"prompt_tokens": 108, "completion_tokens": 10, "total_tokens": 118, "token_count_source": "tokenizer"}, "decoding": {"temperature": 0.2, "top_p": null, "top_k": null, "max_tokens": 256, "seed": 42}, "prompt_tokens": 108, "completion_tokens": 10, "total_tokens": 118, "token_count_source": "tokenizer", "diffusion_steps": null, "flops_estimate": null, "flops_arch": null, "flops_model_params": null, "flops_active_params": null, "tokens_non_final": 3, "tokens_reasoning": 0, "tokens_response": 3, "elapsed_seconds": 0.31411027908325195, "judgement": "Mildly off"}
{"id": "basket_sum_001571", "topic": "basket_sum", "subtopic": "decimal_prices", "prompt": "You’re buying 3 items: $19.20, $19.01, $6.48. About how much will you pay (before tax)?", "exact_value": 44.69, "model": "qwen/qwen2.5-3b-instruct", "provider": "transformers", "response": "Final answer: 19.01", "numeric_answer": 19.01, "relative_error": 0.5746251957932422, "thinking_text": null, "has_tool_call": false, "tool_call": null, "usage": {"prompt_tokens": 102, "completion_tokens": 10, "total_tokens": 112, "token_count_source": "tokenizer"}, "decoding": {"temperature": 0.2, "top_p": null, "top_k": null, "max_tokens": 256, "seed": 42}, "prompt_tokens": 102, "completion_tokens": 10, "total_tokens": 112, "token_count_source": "tokenizer", "diffusion_steps": null, "flops_estimate": null, "flops_arch": null, "flops_model_params": null, "flops_active_params": null, "tokens_non_final": 3, "tokens_reasoning": 0, "tokens_response": 3, "elapsed_seconds": 0.3134481906890869, "judgement": "Mildly off"}
{"id": "basket_sum_001591", "topic": "basket_sum", "subtopic": "decimal_prices", "prompt": "You’re buying 3 items: $7.46, $15.92, $17.15. About how much will you pay (before tax)?", "exact_value": 40.53, "model": "qwen/qwen2.5-3b-instruct", "provider": "transformers", "response": "Final answer: 17.15", "numeric_answer": 17.15, "relative_error": 0.5768566493955095, "thinking_text": null, "has_tool_call": false, "tool_call": null, "usage": {"prompt_tokens": 102, "completion_tokens": 10, "total_tokens": 112, "token_count_source": "tokenizer"}, "decoding": {"temperature": 0.2, "top_p": null, "top_k": null, "max_tokens": 256, "seed": 42}, "prompt_tokens": 102, "completion_tokens": 10, "total_tokens": 112, "token_count_source": "tokenizer", "diffusion_steps": null, "flops_estimate": null, "flops_arch": null, "flops_model_params": null, "flops_active_params": null, "tokens_non_final": 3, "tokens_reasoning": 0, "tokens_response": 3, "elapsed_seconds": 0.31422972679138184, "judgement": "Mildly off"}
{"id": "basket_sum_001611", "topic": "basket_sum", "subtopic": "decimal_prices", "prompt": "You’re buying 5 items: $9.07, $7.79, $18.56, $5.30, $11.17. About how much will you pay (before tax)?", "exact_value": 51.89, "model": "qwen/qwen2.5-3b-instruct", "provider": "transformers", "response": "Final answer: 18.56", "numeric_answer": 18.56, "relative_error": 0.6423202929273463, "thinking_text": null, "has_tool_call": false, "tool_call": null, "usage": {"prompt_tokens": 114, "completion_tokens": 10, "total_tokens": 124, "token_count_source": "tokenizer"}, "decoding": {"temperature": 0.2, "top_p": null, "top_k": null, "max_tokens": 256, "seed": 42}, "prompt_tokens": 114, "completion_tokens": 10, "total_tokens": 124, "token_count_source": "tokenizer", "diffusion_steps": null, "flops_estimate": null, "flops_arch": null, "flops_model_params": null, "flops_active_params": null, "tokens_non_final": 3, "tokens_reasoning": 0, "tokens_response": 3, "elapsed_seconds": 0.31423449516296387, "judgement": "Way off"}
{"id": "basket_sum_001631", "topic": "basket_sum", "subtopic": "decimal_prices", "prompt": "You’re buying 5 items: $1.32, $18.17, $11.61, $17.29, $19.14. About how much will you pay (before tax)?", "exact_value": 67.53, "model": "qwen/qwen2.5-3b-instruct", "provider": "transformers", "response": "Final answer: 18.17", "numeric_answer": 18.17, "relative_error": 0.7309343995261365, "thinking_text": null, "has_tool_call": false, "tool_call": null, "usage": {"prompt_tokens": 116, "completion_tokens": 10, "total_tokens": 126, "token_count_source": "tokenizer"}, "decoding": {"temperature": 0.2, "top_p": null, "top_k": null, "max_tokens": 256, "seed": 42}, "prompt_tokens": 116, "completion_tokens": 10, "total_tokens": 126, "token_count_source": "tokenizer", "diffusion_steps": null, "flops_estimate": null, "flops_arch": null, "flops_model_params": null, "flops_active_params": null, "tokens_non_final": 3, "tokens_reasoning": 0, "tokens_response": 3, "elapsed_seconds": 0.3128664493560791, "judgement": "Way off"}
{"id": "basket_sum_001651", "topic": "basket_sum", "subtopic": "decimal_prices", "prompt": "You’re buying 6 items: $4.75, $14.03, $18.54, $0.88, $5.41, $16.41. About how much will you pay (before tax)?", "exact_value": 60.02, "model": "qwen/qwen2.5-3b-instruct", "provider": "transformers", "response": "Final answer: 5.41", "numeric_answer": 5.41, "relative_error": 0.9098633788737087, "thinking_text": null, "has_tool_call": false, "tool_call": null, "usage": {"prompt_tokens": 121, "completion_tokens": 9, "total_tokens": 130, "token_count_source": "tokenizer"}, "decoding": {"temperature": 0.2, "top_p": null, "top_k": null, "max_tokens": 256, "seed": 42}, "prompt_tokens": 121, "completion_tokens": 9, "total_tokens": 130, "token_count_source": "tokenizer", "diffusion_steps": null, "flops_estimate": null, "flops_arch": null, "flops_model_params": null, "flops_active_params": null, "tokens_non_final": 3, "tokens_reasoning": 0, "tokens_response": 3, "elapsed_seconds": 0.28207826614379883, "judgement": "Way off"}
{"id": "basket_sum_001671", "topic": "basket_sum", "subtopic": "decimal_prices", "prompt": "You’re buying 4 items: $14.69, $6.97, $1.53, $18.10. About how much will you pay (before tax)?", "exact_value": 41.29, "model": "qwen/qwen2.5-3b-instruct", "provider": "transformers", "response": "Final answer: 18.10", "numeric_answer": 18.1, "relative_error": 0.5616372002906272, "thinking_text": null, "has_tool_call": false, "tool_call": null, "usage": {"prompt_tokens": 108, "completion_tokens": 10, "total_tokens": 118, "token_count_source": "tokenizer"}, "decoding": {"temperature": 0.2, "top_p": null, "top_k": null, "max_tokens": 256, "seed": 42}, "prompt_tokens": 108, "completion_tokens": 10, "total_tokens": 118, "token_count_source": "tokenizer", "diffusion_steps": null, "flops_estimate": null, "flops_arch": null, "flops_model_params": null, "flops_active_params": null, "tokens_non_final": 3, "tokens_reasoning": 0, "tokens_response": 3, "elapsed_seconds": 0.31349754333496094, "judgement": "Mildly off"}
{"id": "basket_sum_001691", "topic": "basket_sum", "subtopic": "decimal_prices", "prompt": "You’re buying 3 items: $7.15, $2.52, $18.68. About how much will you pay (before tax)?", "exact_value": 28.35, "model": "qwen/qwen2.5-3b-instruct", "provider": "transformers", "response": "Final answer: 18.68", "numeric_answer": 18.68, "relative_error": 0.3410934744268078, "thinking_text": null, "has_tool_call": false, "tool_call": null, "usage": {"prompt_tokens": 101, "completion_tokens": 10, "total_tokens": 111, "token_count_source": "tokenizer"}, "decoding": {"temperature": 0.2, "top_p": null, "top_k": null, "max_tokens": 256, "seed": 42}, "prompt_tokens": 101, "completion_tokens": 10, "total_tokens": 111, "token_count_source": "tokenizer", "diffusion_steps": null, "flops_estimate": null, "flops_arch": null, "flops_model_params": null, "flops_active_params": null, "tokens_non_final": 3, "tokens_reasoning": 0, "tokens_response": 3, "elapsed_seconds": 0.3131225109100342, "judgement": "Mildly off"}
{"id": "basket_sum_001711", "topic": "basket_sum", "subtopic": "decimal_prices", "prompt": "You’re buying 3 items: $16.26, $18.33, $17.33. About how much will you pay (before tax)?", "exact_value": 51.92, "model": "qwen/qwen2.5-3b-instruct", "provider": "transformers", "response": "Final answer: 17.33", "numeric_answer": 17.33, "relative_error": 0.6662172573189523, "thinking_text": null, "has_tool_call": false, "tool_call": null, "usage": {"prompt_tokens": 103, "completion_tokens": 10, "total_tokens": 113, "token_count_source": "tokenizer"}, "decoding": {"temperature": 0.2, "top_p": null, "top_k": null, "max_tokens": 256, "seed": 42}, "prompt_tokens": 103, "completion_tokens": 10, "total_tokens": 113, "token_count_source": "tokenizer", "diffusion_steps": null, "flops_estimate": null, "flops_arch": null, "flops_model_params": null, "flops_active_params": null, "tokens_non_final": 3, "tokens_reasoning": 0, "tokens_response": 3, "elapsed_seconds": 0.313859224319458, "judgement": "Way off"}
{"id": "basket_sum_001731", "topic": "basket_sum", "subtopic": "decimal_prices", "prompt": "You’re buying 6 items: $7.02, $16.08, $18.94, $8.53, $17.47, $9.71. About how much will you pay (before tax)?", "exact_value": 77.75, "model": "qwen/qwen2.5-3b-instruct", "provider": "transformers", "response": "Final answer: 17.47", "numeric_answer": 17.47, "relative_error": 0.7753054662379422, "thinking_text": null, "has_tool_call": false, "tool_call": null, "usage": {"prompt_tokens": 121, "completion_tokens": 10, "total_tokens": 131, "token_count_source": "tokenizer"}, "decoding": {"temperature": 0.2, "top_p": null, "top_k": null, "max_tokens": 256, "seed": 42}, "prompt_tokens": 121, "completion_tokens": 10, "total_tokens": 131, "token_count_source": "tokenizer", "diffusion_steps": null, "flops_estimate": null, "flops_arch": null, "flops_model_params": null, "flops_active_params": null, "tokens_non_final": 3, "tokens_reasoning": 0, "tokens_response": 3, "elapsed_seconds": 0.31583237648010254, "judgement": "Way off"}
{"id": "basket_sum_001751", "topic": "basket_sum", "subtopic": "decimal_prices", "prompt": "You’re buying 5 items: $16.63, $10.06, $3.60, $6.03, $6.93. About how much will you pay (before tax)?", "exact_value": 43.25, "model": "qwen/qwen2.5-3b-instruct", "provider": "transformers", "response": "Final answer: 6.03", "numeric_answer": 6.03, "relative_error": 0.8605780346820809, "thinking_text": null, "has_tool_call": false, "tool_call": null, "usage": {"prompt_tokens": 114, "completion_tokens": 9, "total_tokens": 123, "token_count_source": "tokenizer"}, "decoding": {"temperature": 0.2, "top_p": null, "top_k": null, "max_tokens": 256, "seed": 42}, "prompt_tokens": 114, "completion_tokens": 9, "total_tokens": 123, "token_count_source": "tokenizer", "diffusion_steps": null, "flops_estimate": null, "flops_arch": null, "flops_model_params": null, "flops_active_params": null, "tokens_non_final": 3, "tokens_reasoning": 0, "tokens_response": 3, "elapsed_seconds": 0.28632211685180664, "judgement": "Way off"}
{"id": "basket_sum_001771", "topic": "basket_sum", "subtopic": "decimal_prices", "prompt": "You’re buying 3 items: $10.59, $6.35, $1.24. About how much will you pay (before tax)?", "exact_value": 18.18, "model": "qwen/qwen2.5-3b-instruct", "provider": "transformers", "response": "Final answer: 1.87", "numeric_answer": 1.87, "relative_error": 0.8971397139713971, "thinking_text": null, "has_tool_call": false, "tool_call": null, "usage": {"prompt_tokens": 101, "completion_tokens": 9, "total_tokens": 110, "token_count_source": "tokenizer"}, "decoding": {"temperature": 0.2, "top_p": null, "top_k": null, "max_tokens": 256, "seed": 42}, "prompt_tokens": 101, "completion_tokens": 9, "total_tokens": 110, "token_count_source": "tokenizer", "diffusion_steps": null, "flops_estimate": null, "flops_arch": null, "flops_model_params": null, "flops_active_params": null, "tokens_non_final": 3, "tokens_reasoning": 0, "tokens_response": 3, "elapsed_seconds": 0.2822153568267822, "judgement": "Way off"}
{"id": "basket_sum_001791", "topic": "basket_sum", "subtopic": "decimal_prices", "prompt": "You’re buying 6 items: $4.14, $2.95, $14.71, $9.53, $17.81, $14.13. About how much will you pay (before tax)?", "exact_value": 63.27, "model": "qwen/qwen2.5-3b-instruct", "provider": "transformers", "response": "Final answer: 17.81", "numeric_answer": 17.81, "relative_error": 0.7185079816658765, "thinking_text": null, "has_tool_call": false, "tool_call": null, "usage": {"prompt_tokens": 121, "completion_tokens": 10, "total_tokens": 131, "token_count_source": "tokenizer"}, "decoding": {"temperature": 0.2, "top_p": null, "top_k": null, "max_tokens": 256, "seed": 42}, "prompt_tokens": 121, "completion_tokens": 10, "total_tokens": 131, "token_count_source": "tokenizer", "diffusion_steps": null, "flops_estimate": null, "flops_arch": null, "flops_model_params": null, "flops_active_params": null, "tokens_non_final": 3, "tokens_reasoning": 0, "tokens_response": 3, "elapsed_seconds": 0.3143272399902344, "judgement": "Way off"}
{"id": "basket_sum_001811", "topic": "basket_sum", "subtopic": "decimal_prices", "prompt": "You’re buying 3 items: $10.30, $18.37, $14.13. About how much will you pay (before tax)?", "exact_value": 42.8, "model": "qwen/qwen2.5-3b-instruct", "provider": "transformers", "response": "Final answer: 14.13", "numeric_answer": 14.13, "relative_error": 0.669859813084112, "thinking_text": null, "has_tool_call": false, "tool_call": null, "usage": {"prompt_tokens": 103, "completion_tokens": 10, "total_tokens": 113, "token_count_source": "tokenizer"}, "decoding": {"temperature": 0.2, "top_p": null, "top_k": null, "max_tokens": 256, "seed": 42}, "prompt_tokens": 103, "completion_tokens": 10, "total_tokens": 113, "token_count_source": "tokenizer", "diffusion_steps": null, "flops_estimate": null, "flops_arch": null, "flops_model_params": null, "flops_active_params": null, "tokens_non_final": 3, "tokens_reasoning": 0, "tokens_response": 3, "elapsed_seconds": 0.31313419342041016, "judgement": "Way off"}
{"id": "basket_sum_001831", "topic": "basket_sum", "subtopic": "decimal_prices", "prompt": "You’re buying 3 items: $9.20, $7.83, $14.21. About how much will you pay (before tax)?", "exact_value": 31.24, "model": "qwen/qwen2.5-3b-instruct", "provider": "transformers", "response": "Final answer: 14.21", "numeric_answer": 14.21, "relative_error": 0.545134443021767, "thinking_text": null, "has_tool_call": false, "tool_call": null, "usage": {"prompt_tokens": 101, "completion_tokens": 10, "total_tokens": 111, "token_count_source": "tokenizer"}, "decoding": {"temperature": 0.2, "top_p": null, "top_k": null, "max_tokens": 256, "seed": 42}, "prompt_tokens": 101, "completion_tokens": 10, "total_tokens": 111, "token_count_source": "tokenizer", "diffusion_steps": null, "flops_estimate": null, "flops_arch": null, "flops_model_params": null, "flops_active_params": null, "tokens_non_final": 3, "tokens_reasoning": 0, "tokens_response": 3, "elapsed_seconds": 0.31353163719177246, "judgement": "Mildly off"}
{"id": "basket_sum_001851", "topic": "basket_sum", "subtopic": "decimal_prices", "prompt": "You’re buying 5 items: $6.62, $11.07, $7.07, $6.71, $19.00. About how much will you pay (before tax)?", "exact_value": 50.47, "model": "qwen/qwen2.5-3b-instruct", "provider": "transformers", "response": "Final answer: 6.71", "numeric_answer": 6.71, "relative_error": 0.8670497325143649, "thinking_text": null, "has_tool_call": false, "tool_call": null, "usage": {"prompt_tokens": 114, "completion_tokens": 9, "total_tokens": 123, "token_count_source": "tokenizer"}, "decoding": {"temperature": 0.2, "top_p": null, "top_k": null, "max_tokens": 256, "seed": 42}, "prompt_tokens": 114, "completion_tokens": 9, "total_tokens": 123, "token_count_source": "tokenizer", "diffusion_steps": null, "flops_estimate": null, "flops_arch": null, "flops_model_params": null, "flops_active_params": null, "tokens_non_final": 3, "tokens_reasoning": 0, "tokens_response": 3, "elapsed_seconds": 0.2861185073852539, "judgement": "Way off"}
{"id": "basket_sum_001871", "topic": "basket_sum", "subtopic": "decimal_prices", "prompt": "You’re buying 5 items: $6.25, $5.41, $5.02, $12.38, $15.22. About how much will you pay (before tax)?", "exact_value": 44.28, "model": "qwen/qwen2.5-3b-instruct", "provider": "transformers", "response": "Final answer: 15.22", "numeric_answer": 15.22, "relative_error": 0.6562782294489612, "thinking_text": null, "has_tool_call": false, "tool_call": null, "usage": {"prompt_tokens": 114, "completion_tokens": 10, "total_tokens": 124, "token_count_source": "tokenizer"}, "decoding": {"temperature": 0.2, "top_p": null, "top_k": null, "max_tokens": 256, "seed": 42}, "prompt_tokens": 114, "completion_tokens": 10, "total_tokens": 124, "token_count_source": "tokenizer", "diffusion_steps": null, "flops_estimate": null, "flops_arch": null, "flops_model_params": null, "flops_active_params": null, "tokens_non_final": 3, "tokens_reasoning": 0, "tokens_response": 3, "elapsed_seconds": 0.31483030319213867, "judgement": "Way off"}
{"id": "discounts_000183", "topic": "discounts", "subtopic": "buy_n_get_m", "prompt": "Buy 4 get 1 free on items priced $5.05 each. You take 6 total. About how much do you pay?", "exact_value": 25.25, "model": "qwen/qwen2.5-3b-instruct", "provider": "transformers", "response": "Final answer: 5.05", "numeric_answer": 5.05, "relative_error": 0.7999999999999999, "thinking_text": null, "has_tool_call": false, "tool_call": null, "usage": {"prompt_tokens": 95, "completion_tokens": 9, "total_tokens": 104, "token_count_source": "tokenizer"}, "decoding": {"temperature": 0.2, "top_p": null, "top_k": null, "max_tokens": 256, "seed": 42}, "prompt_tokens": 95, "completion_tokens": 9, "total_tokens": 104, "token_count_source": "tokenizer", "diffusion_steps": null, "flops_estimate": null, "flops_arch": null, "flops_model_params": null, "flops_active_params": null, "tokens_non_final": 3, "tokens_reasoning": 0, "tokens_response": 3, "elapsed_seconds": 0.2820119857788086, "judgement": "Way off"}
{"id": "discounts_000203", "topic": "discounts", "subtopic": "threshold", "prompt": "Threshold coupon applies: $5 off $30+ spend. Cart: $27.77, $19.83, $30.00, $13.61. About how much do you pay?", "exact_value": 86.21, "model": "qwen/qwen2.5-3b-instruct", "provider": "transformers", "response": "Final answer: 27.77", "numeric_answer": 27.77, "relative_error": 0.677879596334532, "thinking_text": null, "has_tool_call": false, "tool_call": null, "usage": {"prompt_tokens": 115, "completion_tokens": 10, "total_tokens": 125, "token_count_source": "tokenizer"}, "decoding": {"temperature": 0.2, "top_p": null, "top_k": null, "max_tokens": 256, "seed": 42}, "prompt_tokens": 115, "completion_tokens": 10, "total_tokens": 125, "token_count_source": "tokenizer", "diffusion_steps": null, "flops_estimate": null, "flops_arch": null, "flops_model_params": null, "flops_active_params": null, "tokens_non_final": 3, "tokens_reasoning": 0, "tokens_response": 3, "elapsed_seconds": 0.31352710723876953, "judgement": "Way off"}
{"id": "discounts_000223", "topic": "discounts", "subtopic": "threshold", "prompt": "Threshold coupon applies: $5 off $40+ spend. Cart: $7.86, $25.35, $26.15, $22.93, $33.93. About how much do you pay?", "exact_value": 111.22, "model": "qwen/qwen2.5-3b-instruct", "provider": "transformers", "response": "Final answer: 7.86", "numeric_answer": 7.86, "relative_error": 0.9293292573278188, "thinking_text": null, "has_tool_call": false, "tool_call": null, "usage": {"prompt_tokens": 121, "completion_tokens": 9, "total_tokens": 130, "token_count_source": "tokenizer"}, "decoding": {"temperature": 0.2, "top_p": null, "top_k": null, "max_tokens": 256, "seed": 42}, "prompt_tokens": 121, "completion_tokens": 9, "total_tokens": 130, "token_count_source": "tokenizer", "diffusion_steps": null, "flops_estimate": null, "flops_arch": null, "flops_model_params": null, "flops_active_params": null, "tokens_non_final": 3, "tokens_reasoning": 0, "tokens_response": 3, "elapsed_seconds": 0.2809789180755615, "judgement": "Way off"}
{"id": "discounts_000243", "topic": "discounts", "subtopic": "percent", "prompt": "Cart: $41.98, $22.60, $24.78, $44.56, $29.87. A 20% discount applies to everything. About how much do you pay?", "exact_value": 131.03, "model": "qwen/qwen2.5-3b-instruct", "provider": "transformers", "response": "Final answer: 34.98", "numeric_answer": 34.98, "relative_error": 0.7330382355185836, "thinking_text": null, "has_tool_call": false, "tool_call": null, "usage": {"prompt_tokens": 119, "completion_tokens": 10, "total_tokens": 129, "token_count_source": "tokenizer"}, "decoding": {"temperature": 0.2, "top_p": null, "top_k": null, "max_tokens": 256, "seed": 42}, "prompt_tokens": 119, "completion_tokens": 10, "total_tokens": 129, "token_count_source": "tokenizer", "diffusion_steps": null, "flops_estimate": null, "flops_arch": null, "flops_model_params": null, "flops_active_params": null, "tokens_non_final": 3, "tokens_reasoning": 0, "tokens_response": 3, "elapsed_seconds": 0.3123297691345215, "judgement": "Way off"}
{"id": "discounts_000263", "topic": "discounts", "subtopic": "stacked", "prompt": "Stacked deal: 20% off, then $10 coupon if you spend $50 or more. Cart: $24.93, $20.51, $23.47. About how much do you pay?", "exact_value": 45.13, "model": "qwen/qwen2.5-3b-instruct", "provider": "transformers", "response": "Final answer: 24.93\nTo solve the problem:\n\n1. The initial price of the item is $24.93.\n2. Since the cart total exceeds $50, we apply the $10 coupon.\n3. The $10 coupon reduces the total amount by $10.\n4. Therefore, the final price is $24.93 minus $10.\n\nThe calculation for the final price:\n- Total cart total: $24.93\n- Apply $10 coupon: Subtract $10 from total cart total.\n\nFinal answer: 24.93\nFinal price: $24.93 minus $10. \nFinal answer: 24.93 - 10. \nFinal answer: 24.93 - $10. \nFinal answer: 24.93 - $10. \nFinal answer: 24.93 - $10. \nFinal answer: 24.93 - $10. \nFinal answer: 24.93 - $10. \nFinal answer: 24.93 - $10. \nFinal answer: 24", "numeric_answer": 24.93, "relative_error": 0.4475958342565921, "thinking_text": null, "has_tool_call": false, "tool_call": null, "usage": {"prompt_tokens": 119, "completion_tokens": 256, "total_tokens": 375, "token_count_source": "tokenizer"}, "decoding": {"temperature": 0.2, "top_p": null, "top_k": null, "max_tokens": 256, "seed": 42}, "prompt_tokens": 119, "completion_tokens": 256, "total_tokens": 375, "token_count_source": "tokenizer", "diffusion_steps": null, "flops_estimate": null, "flops_arch": null, "flops_model_params": null, "flops_active_params": null, "tokens_non_final": 114, "tokens_reasoning": 0, "tokens_response": 114, "elapsed_seconds": 8.06522512435913, "judgement": "Mildly off"}
{"id": "discounts_000283", "topic": "discounts", "subtopic": "threshold", "prompt": "Threshold coupon applies: $15 off $30+ spend. Cart: $27.33, $21.91, $39.19, $18.59. About how much do you pay?", "exact_value": 92.02, "model": "qwen/qwen2.5-3b-instruct", "provider": "transformers", "response": "Final answer: 27.33", "numeric_answer": 27.33, "relative_error": 0.702999347967833, "thinking_text": null, "has_tool_call": false, "tool_call": null, "usage": {"prompt_tokens": 116, "completion_tokens": 10, "total_tokens": 126, "token_count_source": "tokenizer"}, "decoding": {"temperature": 0.2, "top_p": null, "top_k": null, "max_tokens": 256, "seed": 42}, "prompt_tokens": 116, "completion_tokens": 10, "total_tokens": 126, "token_count_source": "tokenizer", "diffusion_steps": null, "flops_estimate": null, "flops_arch": null, "flops_model_params": null, "flops_active_params": null, "tokens_non_final": 3, "tokens_reasoning": 0, "tokens_response": 3, "elapsed_seconds": 0.3149564266204834, "judgement": "Way off"}
{"id": "discounts_000303", "topic": "discounts", "subtopic": "threshold", "prompt": "Threshold coupon applies: $10 off $40+ spend. Cart: $36.04, $15.68, $34.87. About how much do you pay?", "exact_value": 76.59, "model": "qwen/qwen2.5-3b-instruct", "provider": "transformers", "response": "Final answer: 36.04", "numeric_answer": 36.04, "relative_error": 0.5294424859642252, "thinking_text": null, "has_tool_call": false, "tool_call": null, "usage": {"prompt_tokens": 109, "completion_tokens": 10, "total_tokens": 119, "token_count_source": "tokenizer"}, "decoding": {"temperature": 0.2, "top_p": null, "top_k": null, "max_tokens": 256, "seed": 42}, "prompt_tokens": 109, "completion_tokens": 10, "total_tokens": 119, "token_count_source": "tokenizer", "diffusion_steps": null, "flops_estimate": null, "flops_arch": null, "flops_model_params": null, "flops_active_params": null, "tokens_non_final": 3, "tokens_reasoning": 0, "tokens_response": 3, "elapsed_seconds": 0.3141465187072754, "judgement": "Mildly off"}
{"id": "discounts_000323", "topic": "discounts", "subtopic": "stacked", "prompt": "Stacked deal: 20% off, then $5 coupon if you spend $50 or more. Cart: $37.30, $35.35, $7.26, $28.69, $36.32, $11.49. About how much do you pay?", "exact_value": 120.13, "model": "qwen/qwen2.5-3b-instruct", "provider": "transformers", "response": "Final answer: 37.30", "numeric_answer": 37.3, "relative_error": 0.6895030383750936, "thinking_text": null, "has_tool_call": false, "tool_call": null, "usage": {"prompt_tokens": 138, "completion_tokens": 10, "total_tokens": 148, "token_count_source": "tokenizer"}, "decoding": {"temperature": 0.2, "top_p": null, "top_k": null, "max_tokens": 256, "seed": 42}, "prompt_tokens": 138, "completion_tokens": 10, "total_tokens": 148, "token_count_source": "tokenizer", "diffusion_steps": null, "flops_estimate": null, "flops_arch": null, "flops_model_params": null, "flops_active_params": null, "tokens_non_final": 3, "tokens_reasoning": 0, "tokens_response": 3, "elapsed_seconds": 0.31684255599975586, "judgement": "Way off"}
{"id": "discounts_000343", "topic": "discounts", "subtopic": "threshold", "prompt": "Threshold coupon applies: $5 off $30+ spend. Cart: $26.24, $32.30, $4.60, $26.47, $26.89. About how much do you pay?", "exact_value": 111.5, "model": "qwen/qwen2.5-3b-instruct", "provider": "transformers", "response": "Final answer: 26.47", "numeric_answer": 26.47, "relative_error": 0.7626008968609865, "thinking_text": null, "has_tool_call": false, "tool_call": null, "usage": {"prompt_tokens": 121, "completion_tokens": 10, "total_tokens": 131, "token_count_source": "tokenizer"}, "decoding": {"temperature": 0.2, "top_p": null, "top_k": null, "max_tokens": 256, "seed": 42}, "prompt_tokens": 121, "completion_tokens": 10, "total_tokens": 131, "token_count_source": "tokenizer", "diffusion_steps": null, "flops_estimate": null, "flops_arch": null, "flops_model_params": null, "flops_active_params": null, "tokens_non_final": 3, "tokens_reasoning": 0, "tokens_response": 3, "elapsed_seconds": 0.3130686283111572, "judgement": "Way off"}
{"id": "discounts_000363", "topic": "discounts", "subtopic": "threshold", "prompt": "Threshold coupon applies: $10 off $25+ spend. Cart: $8.84, $27.18, $39.97. About how much do you pay?", "exact_value": 65.99, "model": "qwen/qwen2.5-3b-instruct", "provider": "transformers", "response": "Final answer: 8.84", "numeric_answer": 8.84, "relative_error": 0.8660403091377481, "thinking_text": null, "has_tool_call": false, "tool_call": null, "usage": {"prompt_tokens": 108, "completion_tokens": 9, "total_tokens": 117, "token_count_source": "tokenizer"}, "decoding": {"temperature": 0.2, "top_p": null, "top_k": null, "max_tokens": 256, "seed": 42}, "prompt_tokens": 108, "completion_tokens": 9, "total_tokens": 117, "token_count_source": "tokenizer", "diffusion_steps": null, "flops_estimate": null, "flops_arch": null, "flops_model_params": null, "flops_active_params": null, "tokens_non_final": 3, "tokens_reasoning": 0, "tokens_response": 3, "elapsed_seconds": 0.29067182540893555, "judgement": "Way off"}
{"id": "discounts_000383", "topic": "discounts", "subtopic": "stacked", "prompt": "Stacked deal: 15% off, then $5 coupon if you spend $40 or more. Cart: $32.36, $39.44, $31.86. About how much do you pay?", "exact_value": 83.11, "model": "qwen/qwen2.5-3b-instruct", "provider": "transformers", "response": "Final answer: 32.36", "numeric_answer": 32.36, "relative_error": 0.6106365058356396, "thinking_text": null, "has_tool_call": false, "tool_call": null, "usage": {"prompt_tokens": 118, "completion_tokens": 10, "total_tokens": 128, "token_count_source": "tokenizer"}, "decoding": {"temperature": 0.2, "top_p": null, "top_k": null, "max_tokens": 256, "seed": 42}, "prompt_tokens": 118, "completion_tokens": 10, "total_tokens": 128, "token_count_source": "tokenizer", "diffusion_steps": null, "flops_estimate": null, "flops_arch": null, "flops_model_params": null, "flops_active_params": null, "tokens_non_final": 3, "tokens_reasoning": 0, "tokens_response": 3, "elapsed_seconds": 0.31359434127807617, "judgement": "Way off"}
{"id": "discounts_000403", "topic": "discounts", "subtopic": "buy_n_get_m", "prompt": "Buy 4 get 3 free on items priced $7.01 each. You take 7 total. About how much do you pay?", "exact_value": 28.04, "model": "qwen/qwen2.5-3b-instruct", "provider": "transformers", "response": "Final answer: 7.01", "numeric_answer": 7.01, "relative_error": 0.7500000000000001, "thinking_text": null, "has_tool_call": false, "tool_call": null, "usage": {"prompt_tokens": 95, "completion_tokens": 9, "total_tokens": 104, "token_count_source": "tokenizer"}, "decoding": {"temperature": 0.2, "top_p": null, "top_k": null, "max_tokens": 256, "seed": 42}, "prompt_tokens": 95, "completion_tokens": 9, "total_tokens": 104, "token_count_source": "tokenizer", "diffusion_steps": null, "flops_estimate": null, "flops_arch": null, "flops_model_params": null, "flops_active_params": null, "tokens_non_final": 3, "tokens_reasoning": 0, "tokens_response": 3, "elapsed_seconds": 0.283951997756958, "judgement": "Way off"}
{"id": "discounts_000423", "topic": "discounts", "subtopic": "threshold", "prompt": "Threshold coupon applies: $15 off $50+ spend. Cart: $37.39, $36.57. About how much do you pay?", "exact_value": 58.96, "model": "qwen/qwen2.5-3b-instruct", "provider": "transformers", "response": "Final answer: 36.57", "numeric_answer": 36.57, "relative_error": 0.37974898236092264, "thinking_text": null, "has_tool_call": false, "tool_call": null, "usage": {"prompt_tokens": 102, "completion_tokens": 10, "total_tokens": 112, "token_count_source": "tokenizer"}, "decoding": {"temperature": 0.2, "top_p": null, "top_k": null, "max_tokens": 256, "seed": 42}, "prompt_tokens": 102, "completion_tokens": 10, "total_tokens": 112, "token_count_source": "tokenizer", "diffusion_steps": null, "flops_estimate": null, "flops_arch": null, "flops_model_params": null, "flops_active_params": null, "tokens_non_final": 3, "tokens_reasoning": 0, "tokens_response": 3, "elapsed_seconds": 0.31429219245910645, "judgement": "Mildly off"}
{"id": "discounts_000443", "topic": "discounts", "subtopic": "threshold", "prompt": "Threshold coupon applies: $10 off $40+ spend. Cart: $11.05, $31.68, $27.63, $4.93, $26.15. About how much do you pay?", "exact_value": 91.44, "model": "qwen/qwen2.5-3b-instruct", "provider": "transformers", "response": "Final answer: 11.05", "numeric_answer": 11.05, "relative_error": 0.8791557305336833, "thinking_text": null, "has_tool_call": false, "tool_call": null, "usage": {"prompt_tokens": 122, "completion_tokens": 10, "total_tokens": 132, "token_count_source": "tokenizer"}, "decoding": {"temperature": 0.2, "top_p": null, "top_k": null, "max_tokens": 256, "seed": 42}, "prompt_tokens": 122, "completion_tokens": 10, "total_tokens": 132, "token_count_source": "tokenizer", "diffusion_steps": null, "flops_estimate": null, "flops_arch": null, "flops_model_params": null, "flops_active_params": null, "tokens_non_final": 3, "tokens_reasoning": 0, "tokens_response": 3, "elapsed_seconds": 0.31591224670410156, "judgement": "Way off"}
{"id": "discounts_000463", "topic": "discounts", "subtopic": "threshold", "prompt": "Threshold coupon applies: $5 off $30+ spend. Cart: $7.17, $14.56, $7.86, $33.78. About how much do you pay?", "exact_value": 58.37, "model": "qwen/qwen2.5-3b-instruct", "provider": "transformers", "response": "Final answer: 7.17", "numeric_answer": 7.17, "relative_error": 0.8771629261606989, "thinking_text": null, "has_tool_call": false, "tool_call": null, "usage": {"prompt_tokens": 113, "completion_tokens": 9, "total_tokens": 122, "token_count_source": "tokenizer"}, "decoding": {"temperature": 0.2, "top_p": null, "top_k": null, "max_tokens": 256, "seed": 42}, "prompt_tokens": 113, "completion_tokens": 9, "total_tokens": 122, "token_count_source": "tokenizer", "diffusion_steps": null, "flops_estimate": null, "flops_arch": null, "flops_model_params": null, "flops_active_params": null, "tokens_non_final": 3, "tokens_reasoning": 0, "tokens_response": 3, "elapsed_seconds": 0.2837705612182617, "judgement": "Way off"}
{"id": "discounts_000483", "topic": "discounts", "subtopic": "buy_n_get_m", "prompt": "Buy 3 get 3 free on items priced $2.85 each. You take 7 total. About how much do you pay?", "exact_value": 11.4, "model": "qwen/qwen2.5-3b-instruct", "provider": "transformers", "response": "Final answer: 2.85", "numeric_answer": 2.85, "relative_error": 0.75, "thinking_text": null, "has_tool_call": false, "tool_call": null, "usage": {"prompt_tokens": 95, "completion_tokens": 9, "total_tokens": 104, "token_count_source": "tokenizer"}, "decoding": {"temperature": 0.2, "top_p": null, "top_k": null, "max_tokens": 256, "seed": 42}, "prompt_tokens": 95, "completion_tokens": 9, "total_tokens": 104, "token_count_source": "tokenizer", "diffusion_steps": null, "flops_estimate": null, "flops_arch": null, "flops_model_params": null, "flops_active_params": null, "tokens_non_final": 3, "tokens_reasoning": 0, "tokens_response": 3, "elapsed_seconds": 0.28173065185546875, "judgement": "Way off"}
{"id": "discounts_000503", "topic": "discounts", "subtopic": "stacked", "prompt": "Stacked deal: 20% off, then $5 coupon if you spend $30 or more. Cart: $29.58, $10.92, $29.18, $33.24, $8.11, $38.19. About how much do you pay?", "exact_value": 114.38, "model": "qwen/qwen2.5-3b-instruct", "provider": "transformers", "response": "Final answer: 29.99", "numeric_answer": 29.99, "relative_error": 0.7378038118552195, "thinking_text": null, "has_tool_call": false, "tool_call": null, "usage": {"prompt_tokens": 138, "completion_tokens": 10, "total_tokens": 148, "token_count_source": "tokenizer"}, "decoding": {"temperature": 0.2, "top_p": null, "top_k": null, "max_tokens": 256, "seed": 42}, "prompt_tokens": 138, "completion_tokens": 10, "total_tokens": 148, "token_count_source": "tokenizer", "diffusion_steps": null, "flops_estimate": null, "flops_arch": null, "flops_model_params": null, "flops_active_params": null, "tokens_non_final": 3, "tokens_reasoning": 0, "tokens_response": 3, "elapsed_seconds": 0.31544923782348633, "judgement": "Way off"}
{"id": "discounts_000523", "topic": "discounts", "subtopic": "bogo", "prompt": "BOGO sale (buy one, get one free; free item is the cheaper one in each pair). Items: $21.23, $17.95, $15.39, $10.11, $8.23, $4.52. About how much do you pay?", "exact_value": 44.85, "model": "qwen/qwen2.5-3b-instruct", "provider": "transformers", "response": "Final answer: 17.95", "numeric_answer": 17.95, "relative_error": 0.5997770345596433, "thinking_text": null, "has_tool_call": false, "tool_call": null, "usage": {"prompt_tokens": 135, "completion_tokens": 10, "total_tokens": 145, "token_count_source": "tokenizer"}, "decoding": {"temperature": 0.2, "top_p": null, "top_k": null, "max_tokens": 256, "seed": 42}, "prompt_tokens": 135, "completion_tokens": 10, "total_tokens": 145, "token_count_source": "tokenizer", "diffusion_steps": null, "flops_estimate": null, "flops_arch": null, "flops_model_params": null, "flops_active_params": null, "tokens_non_final": 3, "tokens_reasoning": 0, "tokens_response": 3, "elapsed_seconds": 0.3173854351043701, "judgement": "Mildly off"}
{"id": "discounts_000543", "topic": "discounts", "subtopic": "percent", "prompt": "Cart: $30.85, $43.81, $8.07. A 20% discount applies to everything. About how much do you pay?", "exact_value": 66.18, "model": "qwen/qwen2.5-3b-instruct", "provider": "transformers", "response": "Final answer: 46.98", "numeric_answer": 46.98, "relative_error": 0.2901178603807798, "thinking_text": null, "has_tool_call": false, "tool_call": null, "usage": {"prompt_tokens": 104, "completion_tokens": 10, "total_tokens": 114, "token_count_source": "tokenizer"}, "decoding": {"temperature": 0.2, "top_p": null, "top_k": null, "max_tokens": 256, "seed": 42}, "prompt_tokens": 104, "completion_tokens": 10, "total_tokens": 114, "token_count_source": "tokenizer", "diffusion_steps": null, "flops_estimate": null, "flops_arch": null, "flops_model_params": null, "flops_active_params": null, "tokens_non_final": 3, "tokens_reasoning": 0, "tokens_response": 3, "elapsed_seconds": 0.31231212615966797, "judgement": "Mildly off"}
{"id": "discounts_000563", "topic": "discounts", "subtopic": "threshold", "prompt": "Threshold coupon applies: $5 off $30+ spend. Cart: $4.94, $20.81, $22.55. About how much do you pay?", "exact_value": 43.3, "model": "qwen/qwen2.5-3b-instruct", "provider": "transformers", "response": "Final answer: 4.94", "numeric_answer": 4.94, "relative_error": 0.8859122401847576, "thinking_text": null, "has_tool_call": false, "tool_call": null, "usage": {"prompt_tokens": 107, "completion_tokens": 9, "total_tokens": 116, "token_count_source": "tokenizer"}, "decoding": {"temperature": 0.2, "top_p": null, "top_k": null, "max_tokens": 256, "seed": 42}, "prompt_tokens": 107, "completion_tokens": 9, "total_tokens": 116, "token_count_source": "tokenizer", "diffusion_steps": null, "flops_estimate": null, "flops_arch": null, "flops_model_params": null, "flops_active_params": null, "tokens_non_final": 3, "tokens_reasoning": 0, "tokens_response": 3, "elapsed_seconds": 0.28032660484313965, "judgement": "Way off"}
{"id": "discounts_000583", "topic": "discounts", "subtopic": "buy_n_get_m", "prompt": "Buy 5 get 3 free on items priced $4.97 each. You take 16 total. About how much do you pay?", "exact_value": 49.7, "model": "qwen/qwen2.5-3b-instruct", "provider": "transformers", "response": "Final answer: 4.97", "numeric_answer": 4.97, "relative_error": 0.9, "thinking_text": null, "has_tool_call": false, "tool_call": null, "usage": {"prompt_tokens": 96, "completion_tokens": 9, "total_tokens": 105, "token_count_source": "tokenizer"}, "decoding": {"temperature": 0.2, "top_p": null, "top_k": null, "max_tokens": 256, "seed": 42}, "prompt_tokens": 96, "completion_tokens": 9, "total_tokens": 105, "token_count_source": "tokenizer", "diffusion_steps": null, "flops_estimate": null, "flops_arch": null, "flops_model_params": null, "flops_active_params": null, "tokens_non_final": 3, "tokens_reasoning": 0, "tokens_response": 3, "elapsed_seconds": 0.28058767318725586, "judgement": "Way off"}
{"id": "discounts_000603", "topic": "discounts", "subtopic": "bogo", "prompt": "BOGO sale (buy one, get one free; free item is the cheaper one in each pair). Items: $18.16, $13.58, $11.14, $8.88, $4.45. About how much do you pay?", "exact_value": 33.75, "model": "qwen/qwen2.5-3b-instruct", "provider": "transformers", "response": "Final answer: 18.16", "numeric_answer": 18.16, "relative_error": 0.4619259259259259, "thinking_text": null, "has_tool_call": false, "tool_call": null, "usage": {"prompt_tokens": 128, "completion_tokens": 10, "total_tokens": 138, "token_count_source": "tokenizer"}, "decoding": {"temperature": 0.2, "top_p": null, "top_k": null, "max_tokens": 256, "seed": 42}, "prompt_tokens": 128, "completion_tokens": 10, "total_tokens": 138, "token_count_source": "tokenizer", "diffusion_steps": null, "flops_estimate": null, "flops_arch": null, "flops_model_params": null, "flops_active_params": null, "tokens_non_final": 3, "tokens_reasoning": 0, "tokens_response": 3, "elapsed_seconds": 0.31571125984191895, "judgement": "Mildly off"}
{"id": "discounts_000623", "topic": "discounts", "subtopic": "bogo", "prompt": "BOGO sale (buy one, get one free; free item is the cheaper one in each pair). Items: $21.85, $18.63, $17.86, $11.60, $9.53. About how much do you pay?", "exact_value": 49.24, "model": "qwen/qwen2.5-3b-instruct", "provider": "transformers", "response": "Final answer: 18.63", "numeric_answer": 18.63, "relative_error": 0.6216490658001625, "thinking_text": null, "has_tool_call": false, "tool_call": null, "usage": {"prompt_tokens": 129, "completion_tokens": 10, "total_tokens": 139, "token_count_source": "tokenizer"}, "decoding": {"temperature": 0.2, "top_p": null, "top_k": null, "max_tokens": 256, "seed": 42}, "prompt_tokens": 129, "completion_tokens": 10, "total_tokens": 139, "token_count_source": "tokenizer", "diffusion_steps": null, "flops_estimate": null, "flops_arch": null, "flops_model_params": null, "flops_active_params": null, "tokens_non_final": 3, "tokens_reasoning": 0, "tokens_response": 3, "elapsed_seconds": 0.31847453117370605, "judgement": "Way off"}
{"id": "discounts_000643", "topic": "discounts", "subtopic": "buy_n_get_m", "prompt": "Buy 5 get 1 free on items priced $4.62 each. You take 12 total. About how much do you pay?", "exact_value": 46.2, "model": "qwen/qwen2.5-3b-instruct", "provider": "transformers", "response": "Final answer: 4.62", "numeric_answer": 4.62, "relative_error": 0.9, "thinking_text": null, "has_tool_call": false, "tool_call": null, "usage": {"prompt_tokens": 96, "completion_tokens": 9, "total_tokens": 105, "token_count_source": "tokenizer"}, "decoding": {"temperature": 0.2, "top_p": null, "top_k": null, "max_tokens": 256, "seed": 42}, "prompt_tokens": 96, "completion_tokens": 9, "total_tokens": 105, "token_count_source": "tokenizer", "diffusion_steps": null, "flops_estimate": null, "flops_arch": null, "flops_model_params": null, "flops_active_params": null, "tokens_non_final": 3, "tokens_reasoning": 0, "tokens_response": 3, "elapsed_seconds": 0.2811777591705322, "judgement": "Way off"}
{"id": "discounts_000663", "topic": "discounts", "subtopic": "stacked", "prompt": "Stacked deal: 15% off, then $5 coupon if you spend $50 or more. Cart: $16.58, $23.77, $10.19. About how much do you pay?", "exact_value": 42.96, "model": "qwen/qwen2.5-3b-instruct", "provider": "transformers", "response": "Final answer: 16.58\nTo calculate the final amount based on the rules provided:\n\n1. The initial discount is 15% off.\n2. The cart contains three items with prices $16.58, $23.77, and $10.19.\n3. The $5 coupon applies when spending $50 or more.\n\nSince the total price of the cart ($16.58 + $23.77 + $10.19) exceeds $50, the $5 coupon applies. The total price is $16.58 + $23.77 + $10.19 = $16.58 + $23.77 + $10.19 = $16.58 + $23.77 + $10.19 = $16.58 + $23.77 + $10.19 = $16.58 + $23.77 + $10.19 = $16.58 + $23.77 + $10.19 = $16.58 + $", "numeric_answer": 16.58, "relative_error": 0.6140595903165736, "thinking_text": null, "has_tool_call": false, "tool_call": null, "usage": {"prompt_tokens": 118, "completion_tokens": 256, "total_tokens": 374, "token_count_source": "tokenizer"}, "decoding": {"temperature": 0.2, "top_p": null, "top_k": null, "max_tokens": 256, "seed": 42}, "prompt_tokens": 118, "completion_tokens": 256, "total_tokens": 374, "token_count_source": "tokenizer", "diffusion_steps": null, "flops_estimate": null, "flops_arch": null, "flops_model_params": null, "flops_active_params": null, "tokens_non_final": 103, "tokens_reasoning": 0, "tokens_response": 103, "elapsed_seconds": 8.043509721755981, "judgement": "Way off"}
{"id": "discounts_000683", "topic": "discounts", "subtopic": "percent", "prompt": "Cart: $27.44, $47.42, $41.38, $11.58, $35.37. A 25% discount applies to everything. About how much do you pay?", "exact_value": 122.39, "model": "qwen/qwen2.5-3b-instruct", "provider": "transformers", "response": "Final answer: 27.44", "numeric_answer": 27.44, "relative_error": 0.7757986763624479, "thinking_text": null, "has_tool_call": false, "tool_call": null, "usage": {"prompt_tokens": 119, "completion_tokens": 10, "total_tokens": 129, "token_count_source": "tokenizer"}, "decoding": {"temperature": 0.2, "top_p": null, "top_k": null, "max_tokens": 256, "seed": 42}, "prompt_tokens": 119, "completion_tokens": 10, "total_tokens": 129, "token_count_source": "tokenizer", "diffusion_steps": null, "flops_estimate": null, "flops_arch": null, "flops_model_params": null, "flops_active_params": null, "tokens_non_final": 3, "tokens_reasoning": 0, "tokens_response": 3, "elapsed_seconds": 0.31377744674682617, "judgement": "Way off"}
{"id": "discounts_000703", "topic": "discounts", "subtopic": "percent", "prompt": "Cart: $19.91, $32.12, $19.55, $20.11, $21.65. A 15% discount applies to everything. About how much do you pay?", "exact_value": 96.34, "model": "qwen/qwen2.5-3b-instruct", "provider": "transformers", "response": "Final answer: 19.55", "numeric_answer": 19.55, "relative_error": 0.7970728669296243, "thinking_text": null, "has_tool_call": false, "tool_call": null, "usage": {"prompt_tokens": 119, "completion_tokens": 10, "total_tokens": 129, "token_count_source": "tokenizer"}, "decoding": {"temperature": 0.2, "top_p": null, "top_k": null, "max_tokens": 256, "seed": 42}, "prompt_tokens": 119, "completion_tokens": 10, "total_tokens": 129, "token_count_source": "tokenizer", "diffusion_steps": null, "flops_estimate": null, "flops_arch": null, "flops_model_params": null, "flops_active_params": null, "tokens_non_final": 3, "tokens_reasoning": 0, "tokens_response": 3, "elapsed_seconds": 0.3137226104736328, "judgement": "Way off"}
{"id": "discounts_000723", "topic": "discounts", "subtopic": "percent", "prompt": "Cart: $48.29, $29.75, $30.14, $33.26, $21.69. A 25% discount applies to everything. About how much do you pay?", "exact_value": 122.35, "model": "qwen/qwen2.5-3b-instruct", "provider": "transformers", "response": "Final answer: 46.85", "numeric_answer": 46.85, "relative_error": 0.6170821413976297, "thinking_text": null, "has_tool_call": false, "tool_call": null, "usage": {"prompt_tokens": 119, "completion_tokens": 10, "total_tokens": 129, "token_count_source": "tokenizer"}, "decoding": {"temperature": 0.2, "top_p": null, "top_k": null, "max_tokens": 256, "seed": 42}, "prompt_tokens": 119, "completion_tokens": 10, "total_tokens": 129, "token_count_source": "tokenizer", "diffusion_steps": null, "flops_estimate": null, "flops_arch": null, "flops_model_params": null, "flops_active_params": null, "tokens_non_final": 3, "tokens_reasoning": 0, "tokens_response": 3, "elapsed_seconds": 0.3135049343109131, "judgement": "Way off"}
{"id": "discounts_000743", "topic": "discounts", "subtopic": "bogo", "prompt": "BOGO sale (buy one, get one free; free item is the cheaper one in each pair). Items: $22.88, $9.78. About how much do you pay?", "exact_value": 22.88, "model": "qwen/qwen2.5-3b-instruct", "provider": "transformers", "response": "Final answer: 9.78", "numeric_answer": 9.78, "relative_error": 0.5725524475524476, "thinking_text": null, "has_tool_call": false, "tool_call": null, "usage": {"prompt_tokens": 108, "completion_tokens": 9, "total_tokens": 117, "token_count_source": "tokenizer"}, "decoding": {"temperature": 0.2, "top_p": null, "top_k": null, "max_tokens": 256, "seed": 42}, "prompt_tokens": 108, "completion_tokens": 9, "total_tokens": 117, "token_count_source": "tokenizer", "diffusion_steps": null, "flops_estimate": null, "flops_arch": null, "flops_model_params": null, "flops_active_params": null, "tokens_non_final": 3, "tokens_reasoning": 0, "tokens_response": 3, "elapsed_seconds": 0.2836613655090332, "judgement": "Mildly off"}
{"id": "discounts_000763", "topic": "discounts", "subtopic": "bogo", "prompt": "BOGO sale (buy one, get one free; free item is the cheaper one in each pair). Items: $11.36, $1.82. About how much do you pay?", "exact_value": 11.36, "model": "qwen/qwen2.5-3b-instruct", "provider": "transformers", "response": "Final answer: 1.82", "numeric_answer": 1.82, "relative_error": 0.8397887323943661, "thinking_text": null, "has_tool_call": false, "tool_call": null, "usage": {"prompt_tokens": 108, "completion_tokens": 9, "total_tokens": 117, "token_count_source": "tokenizer"}, "decoding": {"temperature": 0.2, "top_p": null, "top_k": null, "max_tokens": 256, "seed": 42}, "prompt_tokens": 108, "completion_tokens": 9, "total_tokens": 117, "token_count_source": "tokenizer", "diffusion_steps": null, "flops_estimate": null, "flops_arch": null, "flops_model_params": null, "flops_active_params": null, "tokens_non_final": 3, "tokens_reasoning": 0, "tokens_response": 3, "elapsed_seconds": 0.28258585929870605, "judgement": "Way off"}
{"id": "discounts_000783", "topic": "discounts", "subtopic": "stacked", "prompt": "Stacked deal: 15% off, then $10 coupon if you spend $30 or more. Cart: $37.23, $37.65, $36.92, $14.32, $6.23. About how much do you pay?", "exact_value": 102.5, "model": "qwen/qwen2.5-3b-instruct", "provider": "transformers", "response": "Final answer: 37.65", "numeric_answer": 37.65, "relative_error": 0.6326829268292682, "thinking_text": null, "has_tool_call": false, "tool_call": null, "usage": {"prompt_tokens": 132, "completion_tokens": 10, "total_tokens": 142, "token_count_source": "tokenizer"}, "decoding": {"temperature": 0.2, "top_p": null, "top_k": null, "max_tokens": 256, "seed": 42}, "prompt_tokens": 132, "completion_tokens": 10, "total_tokens": 142, "token_count_source": "tokenizer", "diffusion_steps": null, "flops_estimate": null, "flops_arch": null, "flops_model_params": null, "flops_active_params": null, "tokens_non_final": 3, "tokens_reasoning": 0, "tokens_response": 3, "elapsed_seconds": 0.31815314292907715, "judgement": "Way off"}
{"id": "discounts_000803", "topic": "discounts", "subtopic": "bogo", "prompt": "BOGO sale (buy one, get one free; free item is the cheaper one in each pair). Items: $23.07, $19.42, $17.76, $16.24, $13.92, $4.39. About how much do you pay?", "exact_value": 54.75, "model": "qwen/qwen2.5-3b-instruct", "provider": "transformers", "response": "Final answer: 16.24", "numeric_answer": 16.24, "relative_error": 0.70337899543379, "thinking_text": null, "has_tool_call": false, "tool_call": null, "usage": {"prompt_tokens": 136, "completion_tokens": 10, "total_tokens": 146, "token_count_source": "tokenizer"}, "decoding": {"temperature": 0.2, "top_p": null, "top_k": null, "max_tokens": 256, "seed": 42}, "prompt_tokens": 136, "completion_tokens": 10, "total_tokens": 146, "token_count_source": "tokenizer", "diffusion_steps": null, "flops_estimate": null, "flops_arch": null, "flops_model_params": null, "flops_active_params": null, "tokens_non_final": 3, "tokens_reasoning": 0, "tokens_response": 3, "elapsed_seconds": 0.31469035148620605, "judgement": "Way off"}
{"id": "discounts_000823", "topic": "discounts", "subtopic": "stacked", "prompt": "Stacked deal: 20% off, then $10 coupon if you spend $30 or more. Cart: $8.48, $35.86, $5.64, $31.66, $9.45. About how much do you pay?", "exact_value": 62.87, "model": "qwen/qwen2.5-3b-instruct", "provider": "transformers", "response": "Final answer: 8.48\nTo solve the problem:\n\n1. The initial price of the item is $8.48.\n2. Since the cart total exceeds $30, we apply the $10 coupon.\n3. The $10 coupon reduces the total price by $10.\n4. Therefore, the final price is $8.48 minus $10.\n\nFinal answer: 8.48\nThe calculation shows that the price reduction due to the $10 coupon is applied to the total cart amount exceeding $30. The reduced price is $8.48 minus $10. \n\nFinal answer: 8.48\nThis represents the net price after applying the $10 coupon. The final price is $8.48 minus $10. \n\nFinal answer: 8.48\nThe output reflects the net price after applying the $10 coupon. \nFinal answer: 8.48\nThe price reduction is applied to the total cart exceeding $30. \nFinal answer: 8.48\nThe total cart total exceeds $30, and the $10 coupon applies. \nFinal answer: 8.48\nThe total cart", "numeric_answer": 8.48, "relative_error": 0.8651184984889455, "thinking_text": null, "has_tool_call": false, "tool_call": null, "usage": {"prompt_tokens": 130, "completion_tokens": 256, "total_tokens": 386, "token_count_source": "tokenizer"}, "decoding": {"temperature": 0.2, "top_p": null, "top_k": null, "max_tokens": 256, "seed": 42}, "prompt_tokens": 130, "completion_tokens": 256, "total_tokens": 386, "token_count_source": "tokenizer", "diffusion_steps": null, "flops_estimate": null, "flops_arch": null, "flops_model_params": null, "flops_active_params": null, "tokens_non_final": 146, "tokens_reasoning": 0, "tokens_response": 146, "elapsed_seconds": 8.039246082305908, "judgement": "Way off"}
{"id": "discounts_000843", "topic": "discounts", "subtopic": "buy_n_get_m", "prompt": "Buy 4 get 2 free on items priced $5.03 each. You take 9 total. About how much do you pay?", "exact_value": 35.21, "model": "qwen/qwen2.5-3b-instruct", "provider": "transformers", "response": "Final answer: 5.03", "numeric_answer": 5.03, "relative_error": 0.8571428571428571, "thinking_text": null, "has_tool_call": false, "tool_call": null, "usage": {"prompt_tokens": 95, "completion_tokens": 9, "total_tokens": 104, "token_count_source": "tokenizer"}, "decoding": {"temperature": 0.2, "top_p": null, "top_k": null, "max_tokens": 256, "seed": 42}, "prompt_tokens": 95, "completion_tokens": 9, "total_tokens": 104, "token_count_source": "tokenizer", "diffusion_steps": null, "flops_estimate": null, "flops_arch": null, "flops_model_params": null, "flops_active_params": null, "tokens_non_final": 3, "tokens_reasoning": 0, "tokens_response": 3, "elapsed_seconds": 0.28676652908325195, "judgement": "Way off"}
{"id": "discounts_000863", "topic": "discounts", "subtopic": "threshold", "prompt": "Threshold coupon applies: $10 off $25+ spend. Cart: $34.92, $8.51, $12.79. About how much do you pay?", "exact_value": 46.22, "model": "qwen/qwen2.5-3b-instruct", "provider": "transformers", "response": "Final answer: 34.92", "numeric_answer": 34.92, "relative_error": 0.24448290783210724, "thinking_text": null, "has_tool_call": false, "tool_call": null, "usage": {"prompt_tokens": 108, "completion_tokens": 10, "total_tokens": 118, "token_count_source": "tokenizer"}, "decoding": {"temperature": 0.2, "top_p": null, "top_k": null, "max_tokens": 256, "seed": 42}, "prompt_tokens": 108, "completion_tokens": 10, "total_tokens": 118, "token_count_source": "tokenizer", "diffusion_steps": null, "flops_estimate": null, "flops_arch": null, "flops_model_params": null, "flops_active_params": null, "tokens_non_final": 3, "tokens_reasoning": 0, "tokens_response": 3, "elapsed_seconds": 0.3177459239959717, "judgement": "Mildly off"}
{"id": "discounts_000883", "topic": "discounts", "subtopic": "percent", "prompt": "Cart: $39.81, $20.15, $41.33, $23.55, $23.05. A 25% discount applies to everything. About how much do you pay?", "exact_value": 110.92, "model": "qwen/qwen2.5-3b-instruct", "provider": "transformers", "response": "Final answer: 23.05", "numeric_answer": 23.05, "relative_error": 0.7921925712225028, "thinking_text": null, "has_tool_call": false, "tool_call": null, "usage": {"prompt_tokens": 119, "completion_tokens": 10, "total_tokens": 129, "token_count_source": "tokenizer"}, "decoding": {"temperature": 0.2, "top_p": null, "top_k": null, "max_tokens": 256, "seed": 42}, "prompt_tokens": 119, "completion_tokens": 10, "total_tokens": 129, "token_count_source": "tokenizer", "diffusion_steps": null, "flops_estimate": null, "flops_arch": null, "flops_model_params": null, "flops_active_params": null, "tokens_non_final": 3, "tokens_reasoning": 0, "tokens_response": 3, "elapsed_seconds": 0.31429171562194824, "judgement": "Way off"}
{"id": "discounts_000903", "topic": "discounts", "subtopic": "percent", "prompt": "Cart: $12.50, $16.62, $17.19. A 10% discount applies to everything. About how much do you pay?", "exact_value": 41.68, "model": "qwen/qwen2.5-3b-instruct", "provider": "transformers", "response": "Final answer: 13.45", "numeric_answer": 13.45, "relative_error": 0.6773032629558542, "thinking_text": null, "has_tool_call": false, "tool_call": null, "usage": {"prompt_tokens": 105, "completion_tokens": 10, "total_tokens": 115, "token_count_source": "tokenizer"}, "decoding": {"temperature": 0.2, "top_p": null, "top_k": null, "max_tokens": 256, "seed": 42}, "prompt_tokens": 105, "completion_tokens": 10, "total_tokens": 115, "token_count_source": "tokenizer", "diffusion_steps": null, "flops_estimate": null, "flops_arch": null, "flops_model_params": null, "flops_active_params": null, "tokens_non_final": 3, "tokens_reasoning": 0, "tokens_response": 3, "elapsed_seconds": 0.31701231002807617, "judgement": "Way off"}
{"id": "discounts_000923", "topic": "discounts", "subtopic": "bogo", "prompt": "BOGO sale (buy one, get one free; free item is the cheaper one in each pair). Items: $10.61, $2.49. About how much do you pay?", "exact_value": 10.61, "model": "qwen/qwen2.5-3b-instruct", "provider": "transformers", "response": "Final answer: 2.49", "numeric_answer": 2.49, "relative_error": 0.765315739868049, "thinking_text": null, "has_tool_call": false, "tool_call": null, "usage": {"prompt_tokens": 108, "completion_tokens": 9, "total_tokens": 117, "token_count_source": "tokenizer"}, "decoding": {"temperature": 0.2, "top_p": null, "top_k": null, "max_tokens": 256, "seed": 42}, "prompt_tokens": 108, "completion_tokens": 9, "total_tokens": 117, "token_count_source": "tokenizer", "diffusion_steps": null, "flops_estimate": null, "flops_arch": null, "flops_model_params": null, "flops_active_params": null, "tokens_non_final": 3, "tokens_reasoning": 0, "tokens_response": 3, "elapsed_seconds": 0.2825803756713867, "judgement": "Way off"}
{"id": "discounts_000943", "topic": "discounts", "subtopic": "stacked", "prompt": "Stacked deal: 20% off, then $5 coupon if you spend $50 or more. Cart: $22.54, $15.03, $37.69. About how much do you pay?", "exact_value": 55.21, "model": "qwen/qwen2.5-3b-instruct", "provider": "transformers", "response": "Final answer: 22.54\nTo explain the calculation process:\n\n1. The initial price of the item is $22.54.\n2. Since the cart total exceeds $50, we apply the $5 coupon.\n3. The $5 coupon reduces the total price by $5.\n4. The remaining amount after applying the $5 coupon is $22.54.\n\nThus, the final amount you pay is $22.54. No further adjustments are needed as the total exceeds $50. \n\nFinal answer: 22.54.", "numeric_answer": 22.54, "relative_error": 0.5917406266980619, "thinking_text": null, "has_tool_call": false, "tool_call": null, "usage": {"prompt_tokens": 118, "completion_tokens": 123, "total_tokens": 241, "token_count_source": "tokenizer"}, "decoding": {"temperature": 0.2, "top_p": null, "top_k": null, "max_tokens": 256, "seed": 42}, "prompt_tokens": 118, "completion_tokens": 123, "total_tokens": 241, "token_count_source": "tokenizer", "diffusion_steps": null, "flops_estimate": null, "flops_arch": null, "flops_model_params": null, "flops_active_params": null, "tokens_non_final": 71, "tokens_reasoning": 0, "tokens_response": 71, "elapsed_seconds": 3.885387897491455, "judgement": "Mildly off"}
{"id": "discounts_000963", "topic": "discounts", "subtopic": "bogo", "prompt": "BOGO sale (buy one, get one free; free item is the cheaper one in each pair). Items: $23.00, $20.02, $17.46, $6.49, $2.60. About how much do you pay?", "exact_value": 43.06, "model": "qwen/qwen2.5-3b-instruct", "provider": "transformers", "response": "Final answer: 20.02", "numeric_answer": 20.02, "relative_error": 0.5350673478866698, "thinking_text": null, "has_tool_call": false, "tool_call": null, "usage": {"prompt_tokens": 128, "completion_tokens": 10, "total_tokens": 138, "token_count_source": "tokenizer"}, "decoding": {"temperature": 0.2, "top_p": null, "top_k": null, "max_tokens": 256, "seed": 42}, "prompt_tokens": 128, "completion_tokens": 10, "total_tokens": 138, "token_count_source": "tokenizer", "diffusion_steps": null, "flops_estimate": null, "flops_arch": null, "flops_model_params": null, "flops_active_params": null, "tokens_non_final": 3, "tokens_reasoning": 0, "tokens_response": 3, "elapsed_seconds": 0.31951427459716797, "judgement": "Mildly off"}
{"id": "discounts_000983", "topic": "discounts", "subtopic": "bogo", "prompt": "BOGO sale (buy one, get one free; free item is the cheaper one in each pair). Items: $17.50, $15.22, $8.66. About how much do you pay?", "exact_value": 26.16, "model": "qwen/qwen2.5-3b-instruct", "provider": "transformers", "response": "Final answer: 8.66", "numeric_answer": 8.66, "relative_error": 0.668960244648318, "thinking_text": null, "has_tool_call": false, "tool_call": null, "usage": {"prompt_tokens": 115, "completion_tokens": 9, "total_tokens": 124, "token_count_source": "tokenizer"}, "decoding": {"temperature": 0.2, "top_p": null, "top_k": null, "max_tokens": 256, "seed": 42}, "prompt_tokens": 115, "completion_tokens": 9, "total_tokens": 124, "token_count_source": "tokenizer", "diffusion_steps": null, "flops_estimate": null, "flops_arch": null, "flops_model_params": null, "flops_active_params": null, "tokens_non_final": 3, "tokens_reasoning": 0, "tokens_response": 3, "elapsed_seconds": 0.28237485885620117, "judgement": "Way off"}
{"id": "discounts_001003", "topic": "discounts", "subtopic": "bogo", "prompt": "BOGO sale (buy one, get one free; free item is the cheaper one in each pair). Items: $22.78, $21.06, $17.56, $9.49, $3.73, $1.89. About how much do you pay?", "exact_value": 44.07, "model": "qwen/qwen2.5-3b-instruct", "provider": "transformers", "response": "Final answer: 21.06", "numeric_answer": 21.06, "relative_error": 0.5221238938053098, "thinking_text": null, "has_tool_call": false, "tool_call": null, "usage": {"prompt_tokens": 134, "completion_tokens": 10, "total_tokens": 144, "token_count_source": "tokenizer"}, "decoding": {"temperature": 0.2, "top_p": null, "top_k": null, "max_tokens": 256, "seed": 42}, "prompt_tokens": 134, "completion_tokens": 10, "total_tokens": 144, "token_count_source": "tokenizer", "diffusion_steps": null, "flops_estimate": null, "flops_arch": null, "flops_model_params": null, "flops_active_params": null, "tokens_non_final": 3, "tokens_reasoning": 0, "tokens_response": 3, "elapsed_seconds": 0.3155205249786377, "judgement": "Mildly off"}
{"id": "discounts_001023", "topic": "discounts", "subtopic": "buy_n_get_m", "prompt": "Buy 4 get 1 free on items priced $2.87 each. You take 8 total. About how much do you pay?", "exact_value": 20.09, "model": "qwen/qwen2.5-3b-instruct", "provider": "transformers", "response": "Final answer: 2.87", "numeric_answer": 2.87, "relative_error": 0.8571428571428571, "thinking_text": null, "has_tool_call": false, "tool_call": null, "usage": {"prompt_tokens": 95, "completion_tokens": 9, "total_tokens": 104, "token_count_source": "tokenizer"}, "decoding": {"temperature": 0.2, "top_p": null, "top_k": null, "max_tokens": 256, "seed": 42}, "prompt_tokens": 95, "completion_tokens": 9, "total_tokens": 104, "token_count_source": "tokenizer", "diffusion_steps": null, "flops_estimate": null, "flops_arch": null, "flops_model_params": null, "flops_active_params": null, "tokens_non_final": 3, "tokens_reasoning": 0, "tokens_response": 3, "elapsed_seconds": 0.2811446189880371, "judgement": "Way off"}
{"id": "discounts_001043", "topic": "discounts", "subtopic": "threshold", "prompt": "Threshold coupon applies: $5 off $25+ spend. Cart: $35.97, $4.76, $38.83, $33.01. About how much do you pay?", "exact_value": 107.57, "model": "qwen/qwen2.5-3b-instruct", "provider": "transformers", "response": "Final answer: 35.97", "numeric_answer": 35.97, "relative_error": 0.6656130891512504, "thinking_text": null, "has_tool_call": false, "tool_call": null, "usage": {"prompt_tokens": 114, "completion_tokens": 10, "total_tokens": 124, "token_count_source": "tokenizer"}, "decoding": {"temperature": 0.2, "top_p": null, "top_k": null, "max_tokens": 256, "seed": 42}, "prompt_tokens": 114, "completion_tokens": 10, "total_tokens": 124, "token_count_source": "tokenizer", "diffusion_steps": null, "flops_estimate": null, "flops_arch": null, "flops_model_params": null, "flops_active_params": null, "tokens_non_final": 3, "tokens_reasoning": 0, "tokens_response": 3, "elapsed_seconds": 0.31247401237487793, "judgement": "Way off"}
{"id": "discounts_001063", "topic": "discounts", "subtopic": "stacked", "prompt": "Stacked deal: 10% off, then $5 coupon if you spend $30 or more. Cart: $3.36, $20.19, $25.37. About how much do you pay?", "exact_value": 39.03, "model": "qwen/qwen2.5-3b-instruct", "provider": "transformers", "response": "Final answer: 3.36", "numeric_answer": 3.36, "relative_error": 0.9139123750960799, "thinking_text": null, "has_tool_call": false, "tool_call": null, "usage": {"prompt_tokens": 117, "completion_tokens": 9, "total_tokens": 126, "token_count_source": "tokenizer"}, "decoding": {"temperature": 0.2, "top_p": null, "top_k": null, "max_tokens": 256, "seed": 42}, "prompt_tokens": 117, "completion_tokens": 9, "total_tokens": 126, "token_count_source": "tokenizer", "diffusion_steps": null, "flops_estimate": null, "flops_arch": null, "flops_model_params": null, "flops_active_params": null, "tokens_non_final": 3, "tokens_reasoning": 0, "tokens_response": 3, "elapsed_seconds": 0.2826681137084961, "judgement": "Way off"}
{"id": "discounts_001083", "topic": "discounts", "subtopic": "stacked", "prompt": "Stacked deal: 10% off, then $10 coupon if you spend $40 or more. Cart: $21.15, $25.92, $23.98. About how much do you pay?", "exact_value": 53.95, "model": "qwen/qwen2.5-3b-instruct", "provider": "transformers", "response": "Final answer: 21.15\nTo explain the solution step-by-step:\n\n1. The initial price of the item is $21.15.\n2. Since we are dealing with a \"cart\" that contains items priced at $25.92 and $23.98, these prices exceed $40, triggering the $10 coupon.\n3. The $10 coupon reduces the total price by $10.\n4. Therefore, the final price is $21.15 minus $10.\n\nThe $10 coupon applies to any total purchase amount exceeding $40. In this case, the total purchase amount is $21.15 + $25.92 + $23.98 = $26.92 + $23.98 = $27.92 + $23.98 = $28.92 + $23.98 = $29.92 + $23.98 = $21.15 + $25.92 + $23.98 = $26.92 + $23.98 = $27.92", "numeric_answer": 21.15, "relative_error": 0.607970342910102, "thinking_text": null, "has_tool_call": false, "tool_call": null, "usage": {"prompt_tokens": 119, "completion_tokens": 256, "total_tokens": 375, "token_count_source": "tokenizer"}, "decoding": {"temperature": 0.2, "top_p": null, "top_k": null, "max_tokens": 256, "seed": 42}, "prompt_tokens": 119, "completion_tokens": 256, "total_tokens": 375, "token_count_source": "tokenizer", "diffusion_steps": null, "flops_estimate": null, "flops_arch": null, "flops_model_params": null, "flops_active_params": null, "tokens_non_final": 112, "tokens_reasoning": 0, "tokens_response": 112, "elapsed_seconds": 8.070328712463379, "judgement": "Way off"}
{"id": "discounts_001103", "topic": "discounts", "subtopic": "threshold", "prompt": "Threshold coupon applies: $10 off $40+ spend. Cart: $20.06, $17.49. About how much do you pay?", "exact_value": 37.55, "model": "qwen/qwen2.5-3b-instruct", "provider": "transformers", "response": "Final answer: 20.06", "numeric_answer": 20.06, "relative_error": 0.4657789613848202, "thinking_text": null, "has_tool_call": false, "tool_call": null, "usage": {"prompt_tokens": 102, "completion_tokens": 10, "total_tokens": 112, "token_count_source": "tokenizer"}, "decoding": {"temperature": 0.2, "top_p": null, "top_k": null, "max_tokens": 256, "seed": 42}, "prompt_tokens": 102, "completion_tokens": 10, "total_tokens": 112, "token_count_source": "tokenizer", "diffusion_steps": null, "flops_estimate": null, "flops_arch": null, "flops_model_params": null, "flops_active_params": null, "tokens_non_final": 3, "tokens_reasoning": 0, "tokens_response": 3, "elapsed_seconds": 0.3143165111541748, "judgement": "Mildly off"}
{"id": "discounts_001123", "topic": "discounts", "subtopic": "threshold", "prompt": "Threshold coupon applies: $15 off $50+ spend. Cart: $18.18, $39.52, $22.33. About how much do you pay?", "exact_value": 65.03, "model": "qwen/qwen2.5-3b-instruct", "provider": "transformers", "response": "Final answer: 18.18", "numeric_answer": 18.18, "relative_error": 0.7204367215131477, "thinking_text": null, "has_tool_call": false, "tool_call": null, "usage": {"prompt_tokens": 109, "completion_tokens": 10, "total_tokens": 119, "token_count_source": "tokenizer"}, "decoding": {"temperature": 0.2, "top_p": null, "top_k": null, "max_tokens": 256, "seed": 42}, "prompt_tokens": 109, "completion_tokens": 10, "total_tokens": 119, "token_count_source": "tokenizer", "diffusion_steps": null, "flops_estimate": null, "flops_arch": null, "flops_model_params": null, "flops_active_params": null, "tokens_non_final": 3, "tokens_reasoning": 0, "tokens_response": 3, "elapsed_seconds": 0.3132894039154053, "judgement": "Way off"}
{"id": "discounts_001143", "topic": "discounts", "subtopic": "threshold", "prompt": "Threshold coupon applies: $5 off $25+ spend. Cart: $6.88, $33.06. About how much do you pay?", "exact_value": 34.94, "model": "qwen/qwen2.5-3b-instruct", "provider": "transformers", "response": "Final answer: 6.88", "numeric_answer": 6.88, "relative_error": 0.8030910131654264, "thinking_text": null, "has_tool_call": false, "tool_call": null, "usage": {"prompt_tokens": 100, "completion_tokens": 9, "total_tokens": 109, "token_count_source": "tokenizer"}, "decoding": {"temperature": 0.2, "top_p": null, "top_k": null, "max_tokens": 256, "seed": 42}, "prompt_tokens": 100, "completion_tokens": 9, "total_tokens": 109, "token_count_source": "tokenizer", "diffusion_steps": null, "flops_estimate": null, "flops_arch": null, "flops_model_params": null, "flops_active_params": null, "tokens_non_final": 3, "tokens_reasoning": 0, "tokens_response": 3, "elapsed_seconds": 0.28214335441589355, "judgement": "Way off"}
{"id": "discounts_001163", "topic": "discounts", "subtopic": "buy_n_get_m", "prompt": "Buy 5 get 3 free on items priced $1.79 each. You take 12 total. About how much do you pay?", "exact_value": 16.11, "model": "qwen/qwen2.5-3b-instruct", "provider": "transformers", "response": "Final answer: 1.79", "numeric_answer": 1.79, "relative_error": 0.888888888888889, "thinking_text": null, "has_tool_call": false, "tool_call": null, "usage": {"prompt_tokens": 96, "completion_tokens": 9, "total_tokens": 105, "token_count_source": "tokenizer"}, "decoding": {"temperature": 0.2, "top_p": null, "top_k": null, "max_tokens": 256, "seed": 42}, "prompt_tokens": 96, "completion_tokens": 9, "total_tokens": 105, "token_count_source": "tokenizer", "diffusion_steps": null, "flops_estimate": null, "flops_arch": null, "flops_model_params": null, "flops_active_params": null, "tokens_non_final": 3, "tokens_reasoning": 0, "tokens_response": 3, "elapsed_seconds": 0.28324174880981445, "judgement": "Way off"}
{"id": "discounts_001183", "topic": "discounts", "subtopic": "threshold", "prompt": "Threshold coupon applies: $10 off $40+ spend. Cart: $17.79, $9.82, $10.21. About how much do you pay?", "exact_value": 37.82, "model": "qwen/qwen2.5-3b-instruct", "provider": "transformers", "response": "Final answer: 17.79", "numeric_answer": 17.79, "relative_error": 0.529613960867266, "thinking_text": null, "has_tool_call": false, "tool_call": null, "usage": {"prompt_tokens": 108, "completion_tokens": 10, "total_tokens": 118, "token_count_source": "tokenizer"}, "decoding": {"temperature": 0.2, "top_p": null, "top_k": null, "max_tokens": 256, "seed": 42}, "prompt_tokens": 108, "completion_tokens": 10, "total_tokens": 118, "token_count_source": "tokenizer", "diffusion_steps": null, "flops_estimate": null, "flops_arch": null, "flops_model_params": null, "flops_active_params": null, "tokens_non_final": 3, "tokens_reasoning": 0, "tokens_response": 3, "elapsed_seconds": 0.31377673149108887, "judgement": "Mildly off"}
{"id": "discounts_001203", "topic": "discounts", "subtopic": "threshold", "prompt": "Threshold coupon applies: $10 off $25+ spend. Cart: $21.83, $6.78, $19.19, $4.90. About how much do you pay?", "exact_value": 42.7, "model": "qwen/qwen2.5-3b-instruct", "provider": "transformers", "response": "Final answer: 21.83", "numeric_answer": 21.83, "relative_error": 0.48875878220140523, "thinking_text": null, "has_tool_call": false, "tool_call": null, "usage": {"prompt_tokens": 114, "completion_tokens": 10, "total_tokens": 124, "token_count_source": "tokenizer"}, "decoding": {"temperature": 0.2, "top_p": null, "top_k": null, "max_tokens": 256, "seed": 42}, "prompt_tokens": 114, "completion_tokens": 10, "total_tokens": 124, "token_count_source": "tokenizer", "diffusion_steps": null, "flops_estimate": null, "flops_arch": null, "flops_model_params": null, "flops_active_params": null, "tokens_non_final": 3, "tokens_reasoning": 0, "tokens_response": 3, "elapsed_seconds": 0.31186509132385254, "judgement": "Mildly off"}
{"id": "discounts_001223", "topic": "discounts", "subtopic": "bogo", "prompt": "BOGO sale (buy one, get one free; free item is the cheaper one in each pair). Items: $9.89, $5.43, $1.64. About how much do you pay?", "exact_value": 11.53, "model": "qwen/qwen2.5-3b-instruct", "provider": "transformers", "response": "Final answer: 1.64", "numeric_answer": 1.64, "relative_error": 0.857762359063313, "thinking_text": null, "has_tool_call": false, "tool_call": null, "usage": {"prompt_tokens": 113, "completion_tokens": 9, "total_tokens": 122, "token_count_source": "tokenizer"}, "decoding": {"temperature": 0.2, "top_p": null, "top_k": null, "max_tokens": 256, "seed": 42}, "prompt_tokens": 113, "completion_tokens": 9, "total_tokens": 122, "token_count_source": "tokenizer", "diffusion_steps": null, "flops_estimate": null, "flops_arch": null, "flops_model_params": null, "flops_active_params": null, "tokens_non_final": 3, "tokens_reasoning": 0, "tokens_response": 3, "elapsed_seconds": 0.2810513973236084, "judgement": "Way off"}
{"id": "discounts_001243", "topic": "discounts", "subtopic": "bogo", "prompt": "BOGO sale (buy one, get one free; free item is the cheaper one in each pair). Items: $13.65, $11.87. About how much do you pay?", "exact_value": 13.65, "model": "qwen/qwen2.5-3b-instruct", "provider": "transformers", "response": "Final answer: 11.87", "numeric_answer": 11.87, "relative_error": 0.1304029304029305, "thinking_text": null, "has_tool_call": false, "tool_call": null, "usage": {"prompt_tokens": 109, "completion_tokens": 10, "total_tokens": 119, "token_count_source": "tokenizer"}, "decoding": {"temperature": 0.2, "top_p": null, "top_k": null, "max_tokens": 256, "seed": 42}, "prompt_tokens": 109, "completion_tokens": 10, "total_tokens": 119, "token_count_source": "tokenizer", "diffusion_steps": null, "flops_estimate": null, "flops_arch": null, "flops_model_params": null, "flops_active_params": null, "tokens_non_final": 3, "tokens_reasoning": 0, "tokens_response": 3, "elapsed_seconds": 0.3137094974517822, "judgement": "Good approximation"}
{"id": "discounts_001263", "topic": "discounts", "subtopic": "stacked", "prompt": "Stacked deal: 20% off, then $10 coupon if you spend $30 or more. Cart: $7.97, $14.01, $20.15, $6.20. About how much do you pay?", "exact_value": 28.66, "model": "qwen/qwen2.5-3b-instruct", "provider": "transformers", "response": "Final answer: 6.20", "numeric_answer": 6.2, "relative_error": 0.7836706210746686, "thinking_text": null, "has_tool_call": false, "tool_call": null, "usage": {"prompt_tokens": 124, "completion_tokens": 9, "total_tokens": 133, "token_count_source": "tokenizer"}, "decoding": {"temperature": 0.2, "top_p": null, "top_k": null, "max_tokens": 256, "seed": 42}, "prompt_tokens": 124, "completion_tokens": 9, "total_tokens": 133, "token_count_source": "tokenizer", "diffusion_steps": null, "flops_estimate": null, "flops_arch": null, "flops_model_params": null, "flops_active_params": null, "tokens_non_final": 3, "tokens_reasoning": 0, "tokens_response": 3, "elapsed_seconds": 0.2841331958770752, "judgement": "Way off"}
{"id": "discounts_001283", "topic": "discounts", "subtopic": "bogo", "prompt": "BOGO sale (buy one, get one free; free item is the cheaper one in each pair). Items: $23.99, $18.08, $15.49, $11.69, $2.98, $1.77. About how much do you pay?", "exact_value": 42.46, "model": "qwen/qwen2.5-3b-instruct", "provider": "transformers", "response": "Final answer: 1.77", "numeric_answer": 1.77, "relative_error": 0.9583137070183702, "thinking_text": null, "has_tool_call": false, "tool_call": null, "usage": {"prompt_tokens": 135, "completion_tokens": 9, "total_tokens": 144, "token_count_source": "tokenizer"}, "decoding": {"temperature": 0.2, "top_p": null, "top_k": null, "max_tokens": 256, "seed": 42}, "prompt_tokens": 135, "completion_tokens": 9, "total_tokens": 144, "token_count_source": "tokenizer", "diffusion_steps": null, "flops_estimate": null, "flops_arch": null, "flops_model_params": null, "flops_active_params": null, "tokens_non_final": 3, "tokens_reasoning": 0, "tokens_response": 3, "elapsed_seconds": 0.2886486053466797, "judgement": "Way off"}
{"id": "discounts_001303", "topic": "discounts", "subtopic": "buy_n_get_m", "prompt": "Buy 3 get 1 free on items priced $5.20 each. You take 7 total. About how much do you pay?", "exact_value": 31.2, "model": "qwen/qwen2.5-3b-instruct", "provider": "transformers", "response": "Final answer: 5.20", "numeric_answer": 5.2, "relative_error": 0.8333333333333334, "thinking_text": null, "has_tool_call": false, "tool_call": null, "usage": {"prompt_tokens": 95, "completion_tokens": 9, "total_tokens": 104, "token_count_source": "tokenizer"}, "decoding": {"temperature": 0.2, "top_p": null, "top_k": null, "max_tokens": 256, "seed": 42}, "prompt_tokens": 95, "completion_tokens": 9, "total_tokens": 104, "token_count_source": "tokenizer", "diffusion_steps": null, "flops_estimate": null, "flops_arch": null, "flops_model_params": null, "flops_active_params": null, "tokens_non_final": 3, "tokens_reasoning": 0, "tokens_response": 3, "elapsed_seconds": 0.28461146354675293, "judgement": "Way off"}
{"id": "discounts_001323", "topic": "discounts", "subtopic": "buy_n_get_m", "prompt": "Buy 5 get 2 free on items priced $6.90 each. You take 7 total. About how much do you pay?", "exact_value": 34.5, "model": "qwen/qwen2.5-3b-instruct", "provider": "transformers", "response": "Final answer: 6.90", "numeric_answer": 6.9, "relative_error": 0.8, "thinking_text": null, "has_tool_call": false, "tool_call": null, "usage": {"prompt_tokens": 95, "completion_tokens": 9, "total_tokens": 104, "token_count_source": "tokenizer"}, "decoding": {"temperature": 0.2, "top_p": null, "top_k": null, "max_tokens": 256, "seed": 42}, "prompt_tokens": 95, "completion_tokens": 9, "total_tokens": 104, "token_count_source": "tokenizer", "diffusion_steps": null, "flops_estimate": null, "flops_arch": null, "flops_model_params": null, "flops_active_params": null, "tokens_non_final": 3, "tokens_reasoning": 0, "tokens_response": 3, "elapsed_seconds": 0.28323912620544434, "judgement": "Way off"}
{"id": "discounts_001343", "topic": "discounts", "subtopic": "threshold", "prompt": "Threshold coupon applies: $5 off $30+ spend. Cart: $14.20, $6.64, $17.41, $15.16, $33.39. About how much do you pay?", "exact_value": 81.8, "model": "qwen/qwen2.5-3b-instruct", "provider": "transformers", "response": "Final answer: 14.20", "numeric_answer": 14.2, "relative_error": 0.8264058679706601, "thinking_text": null, "has_tool_call": false, "tool_call": null, "usage": {"prompt_tokens": 121, "completion_tokens": 10, "total_tokens": 131, "token_count_source": "tokenizer"}, "decoding": {"temperature": 0.2, "top_p": null, "top_k": null, "max_tokens": 256, "seed": 42}, "prompt_tokens": 121, "completion_tokens": 10, "total_tokens": 131, "token_count_source": "tokenizer", "diffusion_steps": null, "flops_estimate": null, "flops_arch": null, "flops_model_params": null, "flops_active_params": null, "tokens_non_final": 3, "tokens_reasoning": 0, "tokens_response": 3, "elapsed_seconds": 0.33584165573120117, "judgement": "Way off"}
{"id": "discounts_001363", "topic": "discounts", "subtopic": "percent", "prompt": "Cart: $17.94, $48.32, $33.85. A 25% discount applies to everything. About how much do you pay?", "exact_value": 75.08, "model": "qwen/qwen2.5-3b-instruct", "provider": "transformers", "response": "Final answer: 17.94\nExplanation:\nThe original prices are $17.94, $48.32, and $33.85. Applying a 25% discount to all items would result in the following discounted values:\n\n- $17.94 becomes $17.94 (since it's already discounted)\n- $48.32 becomes $48.32 (since it is not affected by the discount)\n- $33.85 becomes $33.85 (since it is not affected by the discount)\n\nTherefore, the final amount after applying the 25% discount to all items is $17.94. This is because the other items ($48.32 and $33.85) are not affected by the discount and remain unchanged. The only item that is affected by the discount is $17.94, which remains $17.94 after the discount. Thus, the output is $17.94.", "numeric_answer": 17.94, "relative_error": 0.7610548748002132, "thinking_text": null, "has_tool_call": false, "tool_call": null, "usage": {"prompt_tokens": 105, "completion_tokens": 221, "total_tokens": 326, "token_count_source": "tokenizer"}, "decoding": {"temperature": 0.2, "top_p": null, "top_k": null, "max_tokens": 256, "seed": 42}, "prompt_tokens": 105, "completion_tokens": 221, "total_tokens": 326, "token_count_source": "tokenizer", "diffusion_steps": null, "flops_estimate": null, "flops_arch": null, "flops_model_params": null, "flops_active_params": null, "tokens_non_final": 112, "tokens_reasoning": 0, "tokens_response": 112, "elapsed_seconds": 6.956838607788086, "judgement": "Way off"}
{"id": "discounts_001383", "topic": "discounts", "subtopic": "buy_n_get_m", "prompt": "Buy 5 get 2 free on items priced $2.51 each. You take 8 total. About how much do you pay?", "exact_value": 15.06, "model": "qwen/qwen2.5-3b-instruct", "provider": "transformers", "response": "Final answer: 2.51", "numeric_answer": 2.51, "relative_error": 0.8333333333333334, "thinking_text": null, "has_tool_call": false, "tool_call": null, "usage": {"prompt_tokens": 95, "completion_tokens": 9, "total_tokens": 104, "token_count_source": "tokenizer"}, "decoding": {"temperature": 0.2, "top_p": null, "top_k": null, "max_tokens": 256, "seed": 42}, "prompt_tokens": 95, "completion_tokens": 9, "total_tokens": 104, "token_count_source": "tokenizer", "diffusion_steps": null, "flops_estimate": null, "flops_arch": null, "flops_model_params": null, "flops_active_params": null, "tokens_non_final": 3, "tokens_reasoning": 0, "tokens_response": 3, "elapsed_seconds": 0.2832949161529541, "judgement": "Way off"}
{"id": "discounts_001403", "topic": "discounts", "subtopic": "percent", "prompt": "Cart: $49.45, $5.75. A 15% discount applies to everything. About how much do you pay?", "exact_value": 46.92, "model": "qwen/qwen2.5-3b-instruct", "provider": "transformers", "response": "Final answer: 49.45", "numeric_answer": 49.45, "relative_error": 0.053921568627451004, "thinking_text": null, "has_tool_call": false, "tool_call": null, "usage": {"prompt_tokens": 97, "completion_tokens": 10, "total_tokens": 107, "token_count_source": "tokenizer"}, "decoding": {"temperature": 0.2, "top_p": null, "top_k": null, "max_tokens": 256, "seed": 42}, "prompt_tokens": 97, "completion_tokens": 10, "total_tokens": 107, "token_count_source": "tokenizer", "diffusion_steps": null, "flops_estimate": null, "flops_arch": null, "flops_model_params": null, "flops_active_params": null, "tokens_non_final": 3, "tokens_reasoning": 0, "tokens_response": 3, "elapsed_seconds": 0.31386351585388184, "judgement": "Good approximation"}
{"id": "discounts_001423", "topic": "discounts", "subtopic": "stacked", "prompt": "Stacked deal: 15% off, then $5 coupon if you spend $30 or more. Cart: $19.07, $30.50, $14.10, $29.57, $24.48, $18.89. About how much do you pay?", "exact_value": 111.12, "model": "qwen/qwen2.5-3b-instruct", "provider": "transformers", "response": "Final answer: 19.07", "numeric_answer": 19.07, "relative_error": 0.8283837293016559, "thinking_text": null, "has_tool_call": false, "tool_call": null, "usage": {"prompt_tokens": 139, "completion_tokens": 10, "total_tokens": 149, "token_count_source": "tokenizer"}, "decoding": {"temperature": 0.2, "top_p": null, "top_k": null, "max_tokens": 256, "seed": 42}, "prompt_tokens": 139, "completion_tokens": 10, "total_tokens": 149, "token_count_source": "tokenizer", "diffusion_steps": null, "flops_estimate": null, "flops_arch": null, "flops_model_params": null, "flops_active_params": null, "tokens_non_final": 3, "tokens_reasoning": 0, "tokens_response": 3, "elapsed_seconds": 0.31856417655944824, "judgement": "Way off"}
{"id": "discounts_001443", "topic": "discounts", "subtopic": "threshold", "prompt": "Threshold coupon applies: $5 off $40+ spend. Cart: $30.27, $5.01, $32.89, $4.11. About how much do you pay?", "exact_value": 67.28, "model": "qwen/qwen2.5-3b-instruct", "provider": "transformers", "response": "Final answer: 32.89", "numeric_answer": 32.89, "relative_error": 0.5111474435196195, "thinking_text": null, "has_tool_call": false, "tool_call": null, "usage": {"prompt_tokens": 113, "completion_tokens": 10, "total_tokens": 123, "token_count_source": "tokenizer"}, "decoding": {"temperature": 0.2, "top_p": null, "top_k": null, "max_tokens": 256, "seed": 42}, "prompt_tokens": 113, "completion_tokens": 10, "total_tokens": 123, "token_count_source": "tokenizer", "diffusion_steps": null, "flops_estimate": null, "flops_arch": null, "flops_model_params": null, "flops_active_params": null, "tokens_non_final": 3, "tokens_reasoning": 0, "tokens_response": 3, "elapsed_seconds": 0.3141438961029053, "judgement": "Mildly off"}
{"id": "discounts_001463", "topic": "discounts", "subtopic": "stacked", "prompt": "Stacked deal: 20% off, then $10 coupon if you spend $50 or more. Cart: $17.21, $5.84, $30.05. About how much do you pay?", "exact_value": 42.48, "model": "qwen/qwen2.5-3b-instruct", "provider": "transformers", "response": "Final answer: 17.21", "numeric_answer": 17.21, "relative_error": 0.5948681732580037, "thinking_text": null, "has_tool_call": false, "tool_call": null, "usage": {"prompt_tokens": 118, "completion_tokens": 10, "total_tokens": 128, "token_count_source": "tokenizer"}, "decoding": {"temperature": 0.2, "top_p": null, "top_k": null, "max_tokens": 256, "seed": 42}, "prompt_tokens": 118, "completion_tokens": 10, "total_tokens": 128, "token_count_source": "tokenizer", "diffusion_steps": null, "flops_estimate": null, "flops_arch": null, "flops_model_params": null, "flops_active_params": null, "tokens_non_final": 3, "tokens_reasoning": 0, "tokens_response": 3, "elapsed_seconds": 0.31327390670776367, "judgement": "Mildly off"}
{"id": "discounts_001483", "topic": "discounts", "subtopic": "stacked", "prompt": "Stacked deal: 20% off, then $5 coupon if you spend $40 or more. Cart: $7.98, $13.08, $39.62, $23.53, $7.04, $16.41. About how much do you pay?", "exact_value": 81.13, "model": "qwen/qwen2.5-3b-instruct", "provider": "transformers", "response": "Final answer: 7.98", "numeric_answer": 7.98, "relative_error": 0.901639344262295, "thinking_text": null, "has_tool_call": false, "tool_call": null, "usage": {"prompt_tokens": 137, "completion_tokens": 9, "total_tokens": 146, "token_count_source": "tokenizer"}, "decoding": {"temperature": 0.2, "top_p": null, "top_k": null, "max_tokens": 256, "seed": 42}, "prompt_tokens": 137, "completion_tokens": 9, "total_tokens": 146, "token_count_source": "tokenizer", "diffusion_steps": null, "flops_estimate": null, "flops_arch": null, "flops_model_params": null, "flops_active_params": null, "tokens_non_final": 3, "tokens_reasoning": 0, "tokens_response": 3, "elapsed_seconds": 0.28676819801330566, "judgement": "Way off"}
{"id": "discounts_001503", "topic": "discounts", "subtopic": "stacked", "prompt": "Stacked deal: 15% off, then $10 coupon if you spend $30 or more. Cart: $5.05, $35.87, $13.37, $20.23, $19.52, $14.94. About how much do you pay?", "exact_value": 82.63, "model": "qwen/qwen2.5-3b-instruct", "provider": "transformers", "response": "Final answer: 5.05", "numeric_answer": 5.05, "relative_error": 0.9388841825003026, "thinking_text": null, "has_tool_call": false, "tool_call": null, "usage": {"prompt_tokens": 139, "completion_tokens": 9, "total_tokens": 148, "token_count_source": "tokenizer"}, "decoding": {"temperature": 0.2, "top_p": null, "top_k": null, "max_tokens": 256, "seed": 42}, "prompt_tokens": 139, "completion_tokens": 9, "total_tokens": 148, "token_count_source": "tokenizer", "diffusion_steps": null, "flops_estimate": null, "flops_arch": null, "flops_model_params": null, "flops_active_params": null, "tokens_non_final": 3, "tokens_reasoning": 0, "tokens_response": 3, "elapsed_seconds": 0.2846667766571045, "judgement": "Way off"}
{"id": "discounts_001523", "topic": "discounts", "subtopic": "percent", "prompt": "Cart: $17.62, $17.49. A 25% discount applies to everything. About how much do you pay?", "exact_value": 26.33, "model": "qwen/qwen2.5-3b-instruct", "provider": "transformers", "response": "Final answer: 17.62", "numeric_answer": 17.62, "relative_error": 0.33080136726167864, "thinking_text": null, "has_tool_call": false, "tool_call": null, "usage": {"prompt_tokens": 98, "completion_tokens": 10, "total_tokens": 108, "token_count_source": "tokenizer"}, "decoding": {"temperature": 0.2, "top_p": null, "top_k": null, "max_tokens": 256, "seed": 42}, "prompt_tokens": 98, "completion_tokens": 10, "total_tokens": 108, "token_count_source": "tokenizer", "diffusion_steps": null, "flops_estimate": null, "flops_arch": null, "flops_model_params": null, "flops_active_params": null, "tokens_non_final": 3, "tokens_reasoning": 0, "tokens_response": 3, "elapsed_seconds": 0.31276702880859375, "judgement": "Mildly off"}
{"id": "discounts_001543", "topic": "discounts", "subtopic": "percent", "prompt": "Cart: $41.40, $12.55, $25.87, $24.13. A 10% discount applies to everything. About how much do you pay?", "exact_value": 93.56, "model": "qwen/qwen2.5-3b-instruct", "provider": "transformers", "response": "Final answer: 41.40", "numeric_answer": 41.4, "relative_error": 0.5575032064985037, "thinking_text": null, "has_tool_call": false, "tool_call": null, "usage": {"prompt_tokens": 112, "completion_tokens": 10, "total_tokens": 122, "token_count_source": "tokenizer"}, "decoding": {"temperature": 0.2, "top_p": null, "top_k": null, "max_tokens": 256, "seed": 42}, "prompt_tokens": 112, "completion_tokens": 10, "total_tokens": 122, "token_count_source": "tokenizer", "diffusion_steps": null, "flops_estimate": null, "flops_arch": null, "flops_model_params": null, "flops_active_params": null, "tokens_non_final": 3, "tokens_reasoning": 0, "tokens_response": 3, "elapsed_seconds": 0.31384706497192383, "judgement": "Mildly off"}
{"id": "discounts_001563", "topic": "discounts", "subtopic": "buy_n_get_m", "prompt": "Buy 5 get 2 free on items priced $6.56 each. You take 13 total. About how much do you pay?", "exact_value": 65.6, "model": "qwen/qwen2.5-3b-instruct", "provider": "transformers", "response": "Final answer: 6.56", "numeric_answer": 6.56, "relative_error": 0.8999999999999999, "thinking_text": null, "has_tool_call": false, "tool_call": null, "usage": {"prompt_tokens": 96, "completion_tokens": 9, "total_tokens": 105, "token_count_source": "tokenizer"}, "decoding": {"temperature": 0.2, "top_p": null, "top_k": null, "max_tokens": 256, "seed": 42}, "prompt_tokens": 96, "completion_tokens": 9, "total_tokens": 105, "token_count_source": "tokenizer", "diffusion_steps": null, "flops_estimate": null, "flops_arch": null, "flops_model_params": null, "flops_active_params": null, "tokens_non_final": 3, "tokens_reasoning": 0, "tokens_response": 3, "elapsed_seconds": 0.2822263240814209, "judgement": "Way off"}
{"id": "discounts_001583", "topic": "discounts", "subtopic": "percent", "prompt": "Cart: $16.59, $10.20. A 25% discount applies to everything. About how much do you pay?", "exact_value": 20.09, "model": "qwen/qwen2.5-3b-instruct", "provider": "transformers", "response": "Final answer: -16.59\nFinal answer: -10.20\n\nExplanation:\nThe discount is applied uniformly across all items, meaning both prices should be reduced by the same percentage. Since the discount is 25%, we apply the same discount rate to both prices. \n\nFor Cart 16.59:\n-16.59 = -16.59 + 25% discount\n\nFor Cart 10.20:\n-10.20 = -10.20 + 25% discount\n\nBoth values are negative because they represent discounts, not actual payments. The final amount after applying the 25% discount on both prices results in the same negative value (-16.59 + 25% discount = -10.20 + 25%). \n\nThus, both prices will be reduced by the same 25% discount, resulting in identical negative values. The output is -16.59 and -10.20, but since the question asks for a single numeric value, the result is -16.59. \n\nTherefore, the final answer is -16.59.", "numeric_answer": -16.59, "relative_error": 1.8257839721254356, "thinking_text": null, "has_tool_call": false, "tool_call": null, "usage": {"prompt_tokens": 98, "completion_tokens": 252, "total_tokens": 350, "token_count_source": "tokenizer"}, "decoding": {"temperature": 0.2, "top_p": null, "top_k": null, "max_tokens": 256, "seed": 42}, "prompt_tokens": 98, "completion_tokens": 252, "total_tokens": 350, "token_count_source": "tokenizer", "diffusion_steps": null, "flops_estimate": null, "flops_arch": null, "flops_model_params": null, "flops_active_params": null, "tokens_non_final": 135, "tokens_reasoning": 0, "tokens_response": 135, "elapsed_seconds": 7.914036512374878, "judgement": "Way off"}
{"id": "discounts_001603", "topic": "discounts", "subtopic": "stacked", "prompt": "Stacked deal: 15% off, then $5 coupon if you spend $40 or more. Cart: $30.66, $8.69, $10.48, $36.69, $30.92. About how much do you pay?", "exact_value": 94.82, "model": "qwen/qwen2.5-3b-instruct", "provider": "transformers", "response": "Final answer: 30.92", "numeric_answer": 30.92, "relative_error": 0.6739084581311959, "thinking_text": null, "has_tool_call": false, "tool_call": null, "usage": {"prompt_tokens": 131, "completion_tokens": 10, "total_tokens": 141, "token_count_source": "tokenizer"}, "decoding": {"temperature": 0.2, "top_p": null, "top_k": null, "max_tokens": 256, "seed": 42}, "prompt_tokens": 131, "completion_tokens": 10, "total_tokens": 141, "token_count_source": "tokenizer", "diffusion_steps": null, "flops_estimate": null, "flops_arch": null, "flops_model_params": null, "flops_active_params": null, "tokens_non_final": 3, "tokens_reasoning": 0, "tokens_response": 3, "elapsed_seconds": 0.3144207000732422, "judgement": "Way off"}
{"id": "discounts_001623", "topic": "discounts", "subtopic": "threshold", "prompt": "Threshold coupon applies: $15 off $25+ spend. Cart: $27.63, $11.37, $28.67, $23.20, $7.60. About how much do you pay?", "exact_value": 83.47, "model": "qwen/qwen2.5-3b-instruct", "provider": "transformers", "response": "Final answer: 27.63", "numeric_answer": 27.63, "relative_error": 0.6689828680963221, "thinking_text": null, "has_tool_call": false, "tool_call": null, "usage": {"prompt_tokens": 122, "completion_tokens": 10, "total_tokens": 132, "token_count_source": "tokenizer"}, "decoding": {"temperature": 0.2, "top_p": null, "top_k": null, "max_tokens": 256, "seed": 42}, "prompt_tokens": 122, "completion_tokens": 10, "total_tokens": 132, "token_count_source": "tokenizer", "diffusion_steps": null, "flops_estimate": null, "flops_arch": null, "flops_model_params": null, "flops_active_params": null, "tokens_non_final": 3, "tokens_reasoning": 0, "tokens_response": 3, "elapsed_seconds": 0.3127717971801758, "judgement": "Way off"}
{"id": "discounts_001643", "topic": "discounts", "subtopic": "percent", "prompt": "Cart: $6.86, $18.76, $18.57. A 25% discount applies to everything. About how much do you pay?", "exact_value": 33.14, "model": "qwen/qwen2.5-3b-instruct", "provider": "transformers", "response": "Final answer: 18.57", "numeric_answer": 18.57, "relative_error": 0.4396499698249849, "thinking_text": null, "has_tool_call": false, "tool_call": null, "usage": {"prompt_tokens": 104, "completion_tokens": 10, "total_tokens": 114, "token_count_source": "tokenizer"}, "decoding": {"temperature": 0.2, "top_p": null, "top_k": null, "max_tokens": 256, "seed": 42}, "prompt_tokens": 104, "completion_tokens": 10, "total_tokens": 114, "token_count_source": "tokenizer", "diffusion_steps": null, "flops_estimate": null, "flops_arch": null, "flops_model_params": null, "flops_active_params": null, "tokens_non_final": 3, "tokens_reasoning": 0, "tokens_response": 3, "elapsed_seconds": 0.31189966201782227, "judgement": "Mildly off"}
{"id": "discounts_001663", "topic": "discounts", "subtopic": "percent", "prompt": "Cart: $12.12, $48.45, $47.34, $46.59. A 15% discount applies to everything. About how much do you pay?", "exact_value": 131.33, "model": "qwen/qwen2.5-3b-instruct", "provider": "transformers", "response": "Final answer: 12.12", "numeric_answer": 12.12, "relative_error": 0.9077133937409578, "thinking_text": null, "has_tool_call": false, "tool_call": null, "usage": {"prompt_tokens": 112, "completion_tokens": 10, "total_tokens": 122, "token_count_source": "tokenizer"}, "decoding": {"temperature": 0.2, "top_p": null, "top_k": null, "max_tokens": 256, "seed": 42}, "prompt_tokens": 112, "completion_tokens": 10, "total_tokens": 122, "token_count_source": "tokenizer", "diffusion_steps": null, "flops_estimate": null, "flops_arch": null, "flops_model_params": null, "flops_active_params": null, "tokens_non_final": 3, "tokens_reasoning": 0, "tokens_response": 3, "elapsed_seconds": 0.31263184547424316, "judgement": "Way off"}
{"id": "discounts_001683", "topic": "discounts", "subtopic": "threshold", "prompt": "Threshold coupon applies: $10 off $50+ spend. Cart: $26.16, $9.78, $26.05, $18.31, $13.69. About how much do you pay?", "exact_value": 83.99, "model": "qwen/qwen2.5-3b-instruct", "provider": "transformers", "response": "Final answer: 26.05", "numeric_answer": 26.05, "relative_error": 0.6898440290510776, "thinking_text": null, "has_tool_call": false, "tool_call": null, "usage": {"prompt_tokens": 122, "completion_tokens": 10, "total_tokens": 132, "token_count_source": "tokenizer"}, "decoding": {"temperature": 0.2, "top_p": null, "top_k": null, "max_tokens": 256, "seed": 42}, "prompt_tokens": 122, "completion_tokens": 10, "total_tokens": 132, "token_count_source": "tokenizer", "diffusion_steps": null, "flops_estimate": null, "flops_arch": null, "flops_model_params": null, "flops_active_params": null, "tokens_non_final": 3, "tokens_reasoning": 0, "tokens_response": 3, "elapsed_seconds": 0.3128492832183838, "judgement": "Way off"}
{"id": "discounts_001703", "topic": "discounts", "subtopic": "percent", "prompt": "Cart: $19.62, $31.18, $3.11, $24.12. A 30% discount applies to everything. About how much do you pay?", "exact_value": 54.62, "model": "qwen/qwen2.5-3b-instruct", "provider": "transformers", "response": "Final answer: 15.78", "numeric_answer": 15.78, "relative_error": 0.7110948370560234, "thinking_text": null, "has_tool_call": false, "tool_call": null, "usage": {"prompt_tokens": 111, "completion_tokens": 10, "total_tokens": 121, "token_count_source": "tokenizer"}, "decoding": {"temperature": 0.2, "top_p": null, "top_k": null, "max_tokens": 256, "seed": 42}, "prompt_tokens": 111, "completion_tokens": 10, "total_tokens": 121, "token_count_source": "tokenizer", "diffusion_steps": null, "flops_estimate": null, "flops_arch": null, "flops_model_params": null, "flops_active_params": null, "tokens_non_final": 3, "tokens_reasoning": 0, "tokens_response": 3, "elapsed_seconds": 0.3123319149017334, "judgement": "Way off"}
{"id": "discounts_001723", "topic": "discounts", "subtopic": "buy_n_get_m", "prompt": "Buy 4 get 2 free on items priced $2.55 each. You take 8 total. About how much do you pay?", "exact_value": 15.3, "model": "qwen/qwen2.5-3b-instruct", "provider": "transformers", "response": "Final answer: 2.55", "numeric_answer": 2.55, "relative_error": 0.8333333333333333, "thinking_text": null, "has_tool_call": false, "tool_call": null, "usage": {"prompt_tokens": 95, "completion_tokens": 9, "total_tokens": 104, "token_count_source": "tokenizer"}, "decoding": {"temperature": 0.2, "top_p": null, "top_k": null, "max_tokens": 256, "seed": 42}, "prompt_tokens": 95, "completion_tokens": 9, "total_tokens": 104, "token_count_source": "tokenizer", "diffusion_steps": null, "flops_estimate": null, "flops_arch": null, "flops_model_params": null, "flops_active_params": null, "tokens_non_final": 3, "tokens_reasoning": 0, "tokens_response": 3, "elapsed_seconds": 0.28128528594970703, "judgement": "Way off"}
{"id": "discounts_001743", "topic": "discounts", "subtopic": "threshold", "prompt": "Threshold coupon applies: $5 off $30+ spend. Cart: $4.15, $6.42, $8.97. About how much do you pay?", "exact_value": 19.54, "model": "qwen/qwen2.5-3b-instruct", "provider": "transformers", "response": "Final answer: 4.15", "numeric_answer": 4.15, "relative_error": 0.7876151484135108, "thinking_text": null, "has_tool_call": false, "tool_call": null, "usage": {"prompt_tokens": 105, "completion_tokens": 9, "total_tokens": 114, "token_count_source": "tokenizer"}, "decoding": {"temperature": 0.2, "top_p": null, "top_k": null, "max_tokens": 256, "seed": 42}, "prompt_tokens": 105, "completion_tokens": 9, "total_tokens": 114, "token_count_source": "tokenizer", "diffusion_steps": null, "flops_estimate": null, "flops_arch": null, "flops_model_params": null, "flops_active_params": null, "tokens_non_final": 3, "tokens_reasoning": 0, "tokens_response": 3, "elapsed_seconds": 0.2821519374847412, "judgement": "Way off"}
{"id": "discounts_001763", "topic": "discounts", "subtopic": "bogo", "prompt": "BOGO sale (buy one, get one free; free item is the cheaper one in each pair). Items: $12.69, $11.21, $2.47. About how much do you pay?", "exact_value": 15.16, "model": "qwen/qwen2.5-3b-instruct", "provider": "transformers", "response": "Final answer: 11.21", "numeric_answer": 11.21, "relative_error": 0.26055408970976246, "thinking_text": null, "has_tool_call": false, "tool_call": null, "usage": {"prompt_tokens": 115, "completion_tokens": 10, "total_tokens": 125, "token_count_source": "tokenizer"}, "decoding": {"temperature": 0.2, "top_p": null, "top_k": null, "max_tokens": 256, "seed": 42}, "prompt_tokens": 115, "completion_tokens": 10, "total_tokens": 125, "token_count_source": "tokenizer", "diffusion_steps": null, "flops_estimate": null, "flops_arch": null, "flops_model_params": null, "flops_active_params": null, "tokens_non_final": 3, "tokens_reasoning": 0, "tokens_response": 3, "elapsed_seconds": 0.3121063709259033, "judgement": "Mildly off"}
{"id": "discounts_001783", "topic": "discounts", "subtopic": "stacked", "prompt": "Stacked deal: 15% off, then $5 coupon if you spend $40 or more. Cart: $7.00, $16.49, $25.56, $15.94, $17.74, $31.47. About how much do you pay?", "exact_value": 92.07, "model": "qwen/qwen2.5-3b-instruct", "provider": "transformers", "response": "Final answer: 7.00", "numeric_answer": 7.0, "relative_error": 0.9239708917128272, "thinking_text": null, "has_tool_call": false, "tool_call": null, "usage": {"prompt_tokens": 138, "completion_tokens": 9, "total_tokens": 147, "token_count_source": "tokenizer"}, "decoding": {"temperature": 0.2, "top_p": null, "top_k": null, "max_tokens": 256, "seed": 42}, "prompt_tokens": 138, "completion_tokens": 9, "total_tokens": 147, "token_count_source": "tokenizer", "diffusion_steps": null, "flops_estimate": null, "flops_arch": null, "flops_model_params": null, "flops_active_params": null, "tokens_non_final": 3, "tokens_reasoning": 0, "tokens_response": 3, "elapsed_seconds": 0.2859773635864258, "judgement": "Way off"}
{"id": "discounts_001803", "topic": "discounts", "subtopic": "stacked", "prompt": "Stacked deal: 20% off, then $5 coupon if you spend $30 or more. Cart: $33.03, $6.30, $5.14, $29.72. About how much do you pay?", "exact_value": 54.35, "model": "qwen/qwen2.5-3b-instruct", "provider": "transformers", "response": "Final answer: 33.03", "numeric_answer": 33.03, "relative_error": 0.39227230910763566, "thinking_text": null, "has_tool_call": false, "tool_call": null, "usage": {"prompt_tokens": 123, "completion_tokens": 10, "total_tokens": 133, "token_count_source": "tokenizer"}, "decoding": {"temperature": 0.2, "top_p": null, "top_k": null, "max_tokens": 256, "seed": 42}, "prompt_tokens": 123, "completion_tokens": 10, "total_tokens": 133, "token_count_source": "tokenizer", "diffusion_steps": null, "flops_estimate": null, "flops_arch": null, "flops_model_params": null, "flops_active_params": null, "tokens_non_final": 3, "tokens_reasoning": 0, "tokens_response": 3, "elapsed_seconds": 0.3133406639099121, "judgement": "Mildly off"}
{"id": "discounts_001823", "topic": "discounts", "subtopic": "bogo", "prompt": "BOGO sale (buy one, get one free; free item is the cheaper one in each pair). Items: $12.69, $12.41, $11.69, $9.51. About how much do you pay?", "exact_value": 24.38, "model": "qwen/qwen2.5-3b-instruct", "provider": "transformers", "response": "Final answer: 12.69", "numeric_answer": 12.69, "relative_error": 0.47949138638228056, "thinking_text": null, "has_tool_call": false, "tool_call": null, "usage": {"prompt_tokens": 122, "completion_tokens": 10, "total_tokens": 132, "token_count_source": "tokenizer"}, "decoding": {"temperature": 0.2, "top_p": null, "top_k": null, "max_tokens": 256, "seed": 42}, "prompt_tokens": 122, "completion_tokens": 10, "total_tokens": 132, "token_count_source": "tokenizer", "diffusion_steps": null, "flops_estimate": null, "flops_arch": null, "flops_model_params": null, "flops_active_params": null, "tokens_non_final": 3, "tokens_reasoning": 0, "tokens_response": 3, "elapsed_seconds": 0.3139004707336426, "judgement": "Mildly off"}
{"id": "discounts_001843", "topic": "discounts", "subtopic": "buy_n_get_m", "prompt": "Buy 4 get 2 free on items priced $5.69 each. You take 7 total. About how much do you pay?", "exact_value": 28.45, "model": "qwen/qwen2.5-3b-instruct", "provider": "transformers", "response": "Final answer: 5.69", "numeric_answer": 5.69, "relative_error": 0.7999999999999999, "thinking_text": null, "has_tool_call": false, "tool_call": null, "usage": {"prompt_tokens": 95, "completion_tokens": 9, "total_tokens": 104, "token_count_source": "tokenizer"}, "decoding": {"temperature": 0.2, "top_p": null, "top_k": null, "max_tokens": 256, "seed": 42}, "prompt_tokens": 95, "completion_tokens": 9, "total_tokens": 104, "token_count_source": "tokenizer", "diffusion_steps": null, "flops_estimate": null, "flops_arch": null, "flops_model_params": null, "flops_active_params": null, "tokens_non_final": 3, "tokens_reasoning": 0, "tokens_response": 3, "elapsed_seconds": 0.2809302806854248, "judgement": "Way off"}
{"id": "discounts_001863", "topic": "discounts", "subtopic": "percent", "prompt": "Cart: $49.70, $10.83, $19.81, $44.58. A 20% discount applies to everything. About how much do you pay?", "exact_value": 99.94, "model": "qwen/qwen2.5-3b-instruct", "provider": "transformers", "response": "Final answer: 49.70", "numeric_answer": 49.7, "relative_error": 0.5027016209725835, "thinking_text": null, "has_tool_call": false, "tool_call": null, "usage": {"prompt_tokens": 112, "completion_tokens": 10, "total_tokens": 122, "token_count_source": "tokenizer"}, "decoding": {"temperature": 0.2, "top_p": null, "top_k": null, "max_tokens": 256, "seed": 42}, "prompt_tokens": 112, "completion_tokens": 10, "total_tokens": 122, "token_count_source": "tokenizer", "diffusion_steps": null, "flops_estimate": null, "flops_arch": null, "flops_model_params": null, "flops_active_params": null, "tokens_non_final": 3, "tokens_reasoning": 0, "tokens_response": 3, "elapsed_seconds": 0.31290602684020996, "judgement": "Mildly off"}
{"id": "taxes_000125", "topic": "taxes", "subtopic": "pre_discount_tax", "prompt": "Cart: $17.54, $53.38, $24.54, $55.21. Local sales tax is 6.0% (tax calculated before discount). About how much is the total?", "exact_value": 159.71, "model": "qwen/qwen2.5-3b-instruct", "provider": "transformers", "response": "Final answer: 6.000000000000000", "numeric_answer": 6.0, "relative_error": 0.9624319078329472, "thinking_text": null, "has_tool_call": false, "tool_call": null, "usage": {"prompt_tokens": 117, "completion_tokens": 22, "total_tokens": 139, "token_count_source": "tokenizer"}, "decoding": {"temperature": 0.2, "top_p": null, "top_k": null, "max_tokens": 256, "seed": 42}, "prompt_tokens": 117, "completion_tokens": 22, "total_tokens": 139, "token_count_source": "tokenizer", "diffusion_steps": null, "flops_estimate": null, "flops_arch": null, "flops_model_params": null, "flops_active_params": null, "tokens_non_final": 3, "tokens_reasoning": 0, "tokens_response": 3, "elapsed_seconds": 0.6901402473449707, "judgement": "Way off"}
{"id": "taxes_000145", "topic": "taxes", "subtopic": "post_discount_tax", "prompt": "Cart: $18.69, $24.12, $48.37 with a 15% store discount. Local sales tax is 8.5% (tax after discount). About how much is the total?", "exact_value": 84.09, "model": "qwen/qwen2.5-3b-instruct", "provider": "transformers", "response": "Final answer: 18.69\nFinal answer: 24.12\nFinal answer: 48.37\nFinal answer: 18.69\nFinal answer: 24.12\nFinal answer: 48.37\n\nFirst, we apply the 15% discount to each price:\n- Discounted price of $18.69: $18.69\n- Discounted price of $24.12: $24.12\n- Discounted price of $48.37: $48.37\n\nNext, we calculate the total amount before tax by summing these discounted prices:\nTotal: $18.69 + $24.12 + $48.37\n\nThen, we apply the local sales tax of 8.5% on the total amount. The total amount before tax is:\nTotal: $18.69 + $24.12 + $48.37\n\nThe total amount after applying the discount but before tax is:\nTotal: $18.69 + $24.12 + $48.37\n\nTotal:", "numeric_answer": 18.69, "relative_error": 0.7777381377095969, "thinking_text": null, "has_tool_call": false, "tool_call": null, "usage": {"prompt_tokens": 117, "completion_tokens": 256, "total_tokens": 373, "token_count_source": "tokenizer"}, "decoding": {"temperature": 0.2, "top_p": null, "top_k": null, "max_tokens": 256, "seed": 42}, "prompt_tokens": 117, "completion_tokens": 256, "total_tokens": 373, "token_count_source": "tokenizer", "diffusion_steps": null, "flops_estimate": null, "flops_arch": null, "flops_model_params": null, "flops_active_params": null, "tokens_non_final": 107, "tokens_reasoning": 0, "tokens_response": 107, "elapsed_seconds": 8.04570746421814, "judgement": "Way off"}
{"id": "taxes_000165", "topic": "taxes", "subtopic": "post_discount_tax", "prompt": "Cart: $36.35, $28.85, $37.41, $21.33. Local sales tax is 7.0% (tax after discount). About how much is the total?", "exact_value": 132.62, "model": "qwen/qwen2.5-3b-instruct", "provider": "transformers", "response": "Final answer: 36.35\nFinal answer: 28.85\nFinal answer: 37.41\nFinal answer: 21.33\n\nTo calculate the total amount with the local sales tax of 7.0%, we need to add the tax to each of these values. The total calculation involves adding the sales tax to each price.\n\nFor each item:\n\n1. $36.35 + 7.0%\n2. $28.85 + 7.0%\n3. $37.41 + 7.0%\n4. $21.33 + 7.0%\n\nThe total for each item can be calculated as follows:\n\n1. Total = $36.35 + $36.35 + 7.0%\n2. Total = $28.85 + $28.85 + 7.0%\n3. Total = $37.41 + $37.41 + 7.0%\n4. Total = $21.33 + $21.33 + 7.0%\n\nSince the total sales tax is applied uniformly across all items, the", "numeric_answer": 36.35, "relative_error": 0.7259086110692203, "thinking_text": null, "has_tool_call": false, "tool_call": null, "usage": {"prompt_tokens": 116, "completion_tokens": 256, "total_tokens": 372, "token_count_source": "tokenizer"}, "decoding": {"temperature": 0.2, "top_p": null, "top_k": null, "max_tokens": 256, "seed": 42}, "prompt_tokens": 116, "completion_tokens": 256, "total_tokens": 372, "token_count_source": "tokenizer", "diffusion_steps": null, "flops_estimate": null, "flops_arch": null, "flops_model_params": null, "flops_active_params": null, "tokens_non_final": 119, "tokens_reasoning": 0, "tokens_response": 119, "elapsed_seconds": 8.122639417648315, "judgement": "Way off"}
{"id": "taxes_000185", "topic": "taxes", "subtopic": "post_discount_tax", "prompt": "Cart: $39.06, $55.17, $5.30 with a 10% store discount. Local sales tax is 8.5% (tax after discount). About how much is the total?", "exact_value": 97.19, "model": "qwen/qwen2.5-3b-instruct", "provider": "transformers", "response": "Final answer: 24.58", "numeric_answer": 24.58, "relative_error": 0.7470933223582673, "thinking_text": null, "has_tool_call": false, "tool_call": null, "usage": {"prompt_tokens": 116, "completion_tokens": 10, "total_tokens": 126, "token_count_source": "tokenizer"}, "decoding": {"temperature": 0.2, "top_p": null, "top_k": null, "max_tokens": 256, "seed": 42}, "prompt_tokens": 116, "completion_tokens": 10, "total_tokens": 126, "token_count_source": "tokenizer", "diffusion_steps": null, "flops_estimate": null, "flops_arch": null, "flops_model_params": null, "flops_active_params": null, "tokens_non_final": 3, "tokens_reasoning": 0, "tokens_response": 3, "elapsed_seconds": 0.3139796257019043, "judgement": "Way off"}
{"id": "taxes_000205", "topic": "taxes", "subtopic": "post_discount_tax", "prompt": "Cart: $32.18, $47.34 with a 15% store discount. Local sales tax is 7.5% (tax after discount). About how much is the total?", "exact_value": 72.66, "model": "qwen/qwen2.5-3b-instruct", "provider": "transformers", "response": "To solve this problem, we need to follow these steps:\n\n1. **Calculate the total price after applying the store discount**:\n   - The store discount is 15% on the total price.\n   - The total price before discount is $32.18 + $47.34.\n\n2. **Apply the discount**:\n   - The total price after discount can be calculated using the formula for percentage discounts:\n   \\[\n   \\text{Total Price} = \\text{Total Price Before Discount} \\times (1 + \\text{Discount})\n   \\]\n   - Here, Total Price Before Discount is $32.18 + $47.34, and Discount is 15%.\n\n3. **Calculate the total price after discount**:\n   - Total Price Before Discount = $32.18 + $47.34 = $56.00.\n   - Total Price After Discount = Total Price Before Discount multiplied by (1 + Discount) = Total Price Before Discount multiplied by (1 + 15%).\n\n4. **Calculate the total price after discount**:\n   - Total Price Before Discount = $56.00, Total Price After Discount = Total Price Before Discount multiplied", "numeric_answer": 1.0, "relative_error": 0.9862372694742637, "thinking_text": null, "has_tool_call": false, "tool_call": null, "usage": {"prompt_tokens": 110, "completion_tokens": 256, "total_tokens": 366, "token_count_source": "tokenizer"}, "decoding": {"temperature": 0.2, "top_p": null, "top_k": null, "max_tokens": 256, "seed": 42}, "prompt_tokens": 110, "completion_tokens": 256, "total_tokens": 366, "token_count_source": "tokenizer", "diffusion_steps": null, "flops_estimate": null, "flops_arch": null, "flops_model_params": null, "flops_active_params": null, "tokens_non_final": 153, "tokens_reasoning": 0, "tokens_response": 153, "elapsed_seconds": 8.093944311141968, "judgement": "Way off"}
{"id": "taxes_000225", "topic": "taxes", "subtopic": "pre_discount_tax", "prompt": "Cart: $46.98, $51.52 with a 20% store discount. Local sales tax is 7.0% (tax calculated before discount). About how much is the total?", "exact_value": 85.7, "model": "qwen/qwen2.5-3b-instruct", "provider": "transformers", "response": "Final answer: 46.98\nFinal answer: 51.52\nFinal answer: 7.0%", "numeric_answer": 46.98, "relative_error": 0.45180863477246214, "thinking_text": null, "has_tool_call": false, "tool_call": null, "usage": {"prompt_tokens": 111, "completion_tokens": 29, "total_tokens": 140, "token_count_source": "tokenizer"}, "decoding": {"temperature": 0.2, "top_p": null, "top_k": null, "max_tokens": 256, "seed": 42}, "prompt_tokens": 111, "completion_tokens": 29, "total_tokens": 140, "token_count_source": "tokenizer", "diffusion_steps": null, "flops_estimate": null, "flops_arch": null, "flops_model_params": null, "flops_active_params": null, "tokens_non_final": 9, "tokens_reasoning": 0, "tokens_response": 9, "elapsed_seconds": 0.9222302436828613, "judgement": "Mildly off"}
{"id": "taxes_000245", "topic": "taxes", "subtopic": "post_discount_tax", "prompt": "Cart: $7.93, $42.44 with a 20% store discount. Local sales tax is 8.5% (tax after discount). About how much is the total?", "exact_value": 43.72, "model": "qwen/qwen2.5-3b-instruct", "provider": "transformers", "response": "To solve this problem, we need to follow these steps:\n\n1. **Calculate the total price after applying the store discount**:\n   - The original price is $7.93 and $42.44.\n   - Store discount is 20%.\n   - Total price after discount = $7.93 + $42.44.\n\n2. **Apply the store discount**:\n   - Total price before discount = $7.93 + $42.44 = $46.66.\n   - Total price after discount = $46.66 + $46.66 = $46.66 + $46.66 = $46.66 + $46.66 = $46.66 + $46.66 = $46.66 + $46.66 = $46.66 + $46.66 = $46.66 + $46.66 = $46.66 + $46.66 = $46.66 + $46.66 = $46.66 + $46.6", "numeric_answer": 1.0, "relative_error": 0.9771271729185728, "thinking_text": null, "has_tool_call": false, "tool_call": null, "usage": {"prompt_tokens": 109, "completion_tokens": 256, "total_tokens": 365, "token_count_source": "tokenizer"}, "decoding": {"temperature": 0.2, "top_p": null, "top_k": null, "max_tokens": 256, "seed": 42}, "prompt_tokens": 109, "completion_tokens": 256, "total_tokens": 365, "token_count_source": "tokenizer", "diffusion_steps": null, "flops_estimate": null, "flops_arch": null, "flops_model_params": null, "flops_active_params": null, "tokens_non_final": 103, "tokens_reasoning": 0, "tokens_response": 103, "elapsed_seconds": 8.096589088439941, "judgement": "Way off"}
{"id": "taxes_000265", "topic": "taxes", "subtopic": "pre_discount_tax", "prompt": "Cart: $49.77, $52.43 with a 15% store discount. Local sales tax is 7.0% (tax calculated before discount). About how much is the total?", "exact_value": 94.02, "model": "qwen/qwen2.5-3b-instruct", "provider": "transformers", "response": "To solve this problem, we need to follow these steps:\n\n1. **Calculate the total price after applying the store discount**:\n   - The original prices are $49.77 and $52.43.\n   - The store discount is 15%.\n   - Apply the discount to both prices.\n\n2. **Apply the local sales tax**:\n   - The local sales tax rate is 7%.\n\n3. **Calculate the total amount**:\n   - Combine the discounted prices and apply the sales tax.\n\nLet's perform these calculations step-by-step:\n\n### Step 1: Calculate the total price after applying the store discount\n\nFor each item:\n- Price 1: $49.77\n- Price 2: $52.43\n\nDiscount calculation:\n- Store discount = 15%\n- Total price after discount = 15% of $49.77 + 15% of $52.43\n\n### Step 2: Apply the local sales tax\n\nTotal price after discount:\n- Total price = Total price after discount + Sales tax\n\n### Step 3: Calculate total amount\n\nTotal amount = Total price after discount + Sales tax\n\n### Calculation:\n\n1. **Total", "numeric_answer": 1.0, "relative_error": 0.9893639651138055, "thinking_text": null, "has_tool_call": false, "tool_call": null, "usage": {"prompt_tokens": 111, "completion_tokens": 256, "total_tokens": 367, "token_count_source": "tokenizer"}, "decoding": {"temperature": 0.2, "top_p": null, "top_k": null, "max_tokens": 256, "seed": 42}, "prompt_tokens": 111, "completion_tokens": 256, "total_tokens": 367, "token_count_source": "tokenizer", "diffusion_steps": null, "flops_estimate": null, "flops_arch": null, "flops_model_params": null, "flops_active_params": null, "tokens_non_final": 161, "tokens_reasoning": 0, "tokens_response": 161, "elapsed_seconds": 8.071672916412354, "judgement": "Way off"}
{"id": "taxes_000285", "topic": "taxes", "subtopic": "pre_discount_tax", "prompt": "Cart: $55.10, $57.04, $26.06. Local sales tax is 8.0% (tax calculated before discount). About how much is the total?", "exact_value": 149.26, "model": "qwen/qwen2.5-3b-instruct", "provider": "transformers", "response": "Final answer: 55.10\nFinal answer: 57.04\nFinal answer: 26.06\nTo solve the total amount, we need to calculate the sales tax on each item and then sum them up. The local sales tax rate is 8.0%. \n\nFirst, let's calculate the total amount for each item:\n\n1. For $55.10:\n   - Tax amount: $55.10 + 8.0%\n2. For $57.04:\n   - Tax amount: $57.04 + 8.0%\n3. For $26.06:\n   - Tax amount: $26.06 + 8.0%\n\nThe total amount can be calculated as follows:\n\n1. $55.10 + 8.0% = $55.10 + 8.0% = $55.10 + 8.0% = $55.10 + 8.0%\n2. $57.04 + 8.0% = $57.04 + 8.0% = $57.04 + 8", "numeric_answer": 55.1, "relative_error": 0.6308455044888115, "thinking_text": null, "has_tool_call": false, "tool_call": null, "usage": {"prompt_tokens": 110, "completion_tokens": 256, "total_tokens": 366, "token_count_source": "tokenizer"}, "decoding": {"temperature": 0.2, "top_p": null, "top_k": null, "max_tokens": 256, "seed": 42}, "prompt_tokens": 110, "completion_tokens": 256, "total_tokens": 366, "token_count_source": "tokenizer", "diffusion_steps": null, "flops_estimate": null, "flops_arch": null, "flops_model_params": null, "flops_active_params": null, "tokens_non_final": 108, "tokens_reasoning": 0, "tokens_response": 108, "elapsed_seconds": 8.073143482208252, "judgement": "Way off"}
{"id": "taxes_000305", "topic": "taxes", "subtopic": "post_discount_tax", "prompt": "Cart: $11.77, $16.54, $39.43, $8.08 with a 15% store discount. Local sales tax is 8.0% (tax after discount). About how much is the total?", "exact_value": 69.6, "model": "qwen/qwen2.5-3b-instruct", "provider": "transformers", "response": "To solve this problem, we first apply the store discount to each price:\n\n1. $11.77 becomes $11.77\n2. $16.54 becomes $16.54\n3. $39.43 becomes $39.43\n4. $8.08 becomes $8.08\n\nNext, we calculate the total amount after applying the local sales tax of 8% on these discounted prices.\n\nThe total calculation steps as follows:\n\n1. $11.77\n2. $16.54\n3. $39.43\n4. $8.08\n\nEach price is multiplied by the local sales tax rate of 8% (which is equivalent to multiplying by 1 + 8%, or 1 + 0.8%):\n\n1. $11.77 multiplied by 1 + 0.8% gives $11.77 multiplied by 1 + 0.8%\n2. $16.54 multiplied by 1 + 0.8% gives $16.54 multiplied by 1 + 0.8%\n3. $39.43", "numeric_answer": 1.0, "relative_error": 0.985632183908046, "thinking_text": null, "has_tool_call": false, "tool_call": null, "usage": {"prompt_tokens": 123, "completion_tokens": 256, "total_tokens": 379, "token_count_source": "tokenizer"}, "decoding": {"temperature": 0.2, "top_p": null, "top_k": null, "max_tokens": 256, "seed": 42}, "prompt_tokens": 123, "completion_tokens": 256, "total_tokens": 379, "token_count_source": "tokenizer", "diffusion_steps": null, "flops_estimate": null, "flops_arch": null, "flops_model_params": null, "flops_active_params": null, "tokens_non_final": 116, "tokens_reasoning": 0, "tokens_response": 116, "elapsed_seconds": 8.092313051223755, "judgement": "Way off"}
{"id": "taxes_000325", "topic": "taxes", "subtopic": "post_discount_tax", "prompt": "Cart: $39.73, $18.58, $45.77, $3.63, $35.20 with a 20% store discount. Local sales tax is 6.0% (tax after discount). About how much is the total?", "exact_value": 121.19, "model": "qwen/qwen2.5-3b-instruct", "provider": "transformers", "response": "Final answer: -1.57", "numeric_answer": -1.57, "relative_error": 1.012954864262728, "thinking_text": null, "has_tool_call": false, "tool_call": null, "usage": {"prompt_tokens": 130, "completion_tokens": 9, "total_tokens": 139, "token_count_source": "tokenizer"}, "decoding": {"temperature": 0.2, "top_p": null, "top_k": null, "max_tokens": 256, "seed": 42}, "prompt_tokens": 130, "completion_tokens": 9, "total_tokens": 139, "token_count_source": "tokenizer", "diffusion_steps": null, "flops_estimate": null, "flops_arch": null, "flops_model_params": null, "flops_active_params": null, "tokens_non_final": 3, "tokens_reasoning": 0, "tokens_response": 3, "elapsed_seconds": 0.2859077453613281, "judgement": "Way off"}
{"id": "taxes_000345", "topic": "taxes", "subtopic": "post_discount_tax", "prompt": "Cart: $24.56, $46.80, $5.58, $29.56 with a 20% store discount. Local sales tax is 7.0% (tax after discount). About how much is the total?", "exact_value": 91.16, "model": "qwen/qwen2.5-3b-instruct", "provider": "transformers", "response": "Final answer: 1.3580000000000000", "numeric_answer": 1.358, "relative_error": 0.9851031154014919, "thinking_text": null, "has_tool_call": false, "tool_call": null, "usage": {"prompt_tokens": 123, "completion_tokens": 23, "total_tokens": 146, "token_count_source": "tokenizer"}, "decoding": {"temperature": 0.2, "top_p": null, "top_k": null, "max_tokens": 256, "seed": 42}, "prompt_tokens": 123, "completion_tokens": 23, "total_tokens": 146, "token_count_source": "tokenizer", "diffusion_steps": null, "flops_estimate": null, "flops_arch": null, "flops_model_params": null, "flops_active_params": null, "tokens_non_final": 3, "tokens_reasoning": 0, "tokens_response": 3, "elapsed_seconds": 0.7251441478729248, "judgement": "Way off"}
{"id": "taxes_000365", "topic": "taxes", "subtopic": "pre_discount_tax", "prompt": "Cart: $25.08, $28.92, $32.37 with a 15% store discount. Local sales tax is 6.0% (tax calculated before discount). About how much is the total?", "exact_value": 78.6, "model": "qwen/qwen2.5-3b-instruct", "provider": "transformers", "response": "Final answer: 25.08\nTo calculate the total price after applying the discount:\n\n1. Calculate the total price before discount: \n   - Total price = $25.08 + $28.92 + $32.37\n\n2. Apply the 15% store discount:\n   - Total price after discount = Total price before discount multiplied by factor 1.15 (to reverse the discount).\n\n3. Calculate the local sales tax on the total price after discount:\n   - Total price after discount multiplied by factor 1.6 (to account for the 6% sales tax).\n\n4. The total price after discount is then multiplied by factor 1.6 to account for the local sales tax.\n\n5. The total price after discount is then multiplied by factor 1.6 to account for the local sales tax.\n\n6. The total price after discount is then multiplied by factor 1.6 to account for the local sales tax.\n\n7. The total price after discount is then multiplied by factor 1.6 to account for the local sales tax.\n\n8. The total price after discount is then multiplied by factor 1.6 to account for the local sales tax.\n\n9. The total price after", "numeric_answer": 25.08, "relative_error": 0.6809160305343511, "thinking_text": null, "has_tool_call": false, "tool_call": null, "usage": {"prompt_tokens": 118, "completion_tokens": 256, "total_tokens": 374, "token_count_source": "tokenizer"}, "decoding": {"temperature": 0.2, "top_p": null, "top_k": null, "max_tokens": 256, "seed": 42}, "prompt_tokens": 118, "completion_tokens": 256, "total_tokens": 374, "token_count_source": "tokenizer", "diffusion_steps": null, "flops_estimate": null, "flops_arch": null, "flops_model_params": null, "flops_active_params": null, "tokens_non_final": 180, "tokens_reasoning": 0, "tokens_response": 180, "elapsed_seconds": 8.0841383934021, "judgement": "Way off"}
{"id": "taxes_000385", "topic": "taxes", "subtopic": "pre_discount_tax", "prompt": "Cart: $51.59, $30.61, $22.59, $17.83 with a 10% store discount. Local sales tax is 8.5% (tax calculated before discount). About how much is the total?", "exact_value": 120.78, "model": "qwen/qwen2.5-3b-instruct", "provider": "transformers", "response": "Final answer: 4.7785000000000005", "numeric_answer": 4.7785, "relative_error": 0.9604363305182978, "thinking_text": null, "has_tool_call": false, "tool_call": null, "usage": {"prompt_tokens": 125, "completion_tokens": 23, "total_tokens": 148, "token_count_source": "tokenizer"}, "decoding": {"temperature": 0.2, "top_p": null, "top_k": null, "max_tokens": 256, "seed": 42}, "prompt_tokens": 125, "completion_tokens": 23, "total_tokens": 148, "token_count_source": "tokenizer", "diffusion_steps": null, "flops_estimate": null, "flops_arch": null, "flops_model_params": null, "flops_active_params": null, "tokens_non_final": 3, "tokens_reasoning": 0, "tokens_response": 3, "elapsed_seconds": 0.7282249927520752, "judgement": "Way off"}
{"id": "taxes_000405", "topic": "taxes", "subtopic": "pre_discount_tax", "prompt": "Cart: $53.39, $53.80, $28.30, $24.65, $5.80 with a 20% store discount. Local sales tax is 7.0% (tax calculated before discount). About how much is the total?", "exact_value": 144.37, "model": "qwen/qwen2.5-3b-instruct", "provider": "transformers", "response": "To solve this problem, we first apply the store discount and then calculate the total amount including local sales tax.\n\n1. **Apply Store Discount**:\n   - The original prices are $53.39, $53.80, $28.30, $24.65, and $5.80.\n   - The discount percentage is 20%.\n\n2. **Calculate Total Amount**:\n   - Apply the discount to each price individually:\n   - $53.39 becomes $53.39\n   - $53.80 becomes $53.80\n   - $28.30 becomes $28.30\n   - $24.65 becomes $24.65\n   - $5.80 becomes $5.80\n\n3. **Calculate Total Price**:\n   - Total price after applying the discount:\n   - Total price = $53.39 + $53.80 + $28.30 + $24.65 + $5.80\n\n4. **Calculate Local Sales Tax**:\n   - Local sales tax rate is 7.0%.", "numeric_answer": 1.0, "relative_error": 0.9930733531897209, "thinking_text": null, "has_tool_call": false, "tool_call": null, "usage": {"prompt_tokens": 131, "completion_tokens": 256, "total_tokens": 387, "token_count_source": "tokenizer"}, "decoding": {"temperature": 0.2, "top_p": null, "top_k": null, "max_tokens": 256, "seed": 42}, "prompt_tokens": 131, "completion_tokens": 256, "total_tokens": 387, "token_count_source": "tokenizer", "diffusion_steps": null, "flops_estimate": null, "flops_arch": null, "flops_model_params": null, "flops_active_params": null, "tokens_non_final": 109, "tokens_reasoning": 0, "tokens_response": 109, "elapsed_seconds": 8.097707033157349, "judgement": "Way off"}
{"id": "taxes_000425", "topic": "taxes", "subtopic": "post_discount_tax", "prompt": "Cart: $22.61, $7.97, $56.54, $11.80. Local sales tax is 7.0% (tax after discount). About how much is the total?", "exact_value": 105.84, "model": "qwen/qwen2.5-3b-instruct", "provider": "transformers", "response": "Final answer: 22.61\nTo calculate the total amount considering the local sales tax, we first identify the total amount as $22.61. The local sales tax rate is 7.0%, which means that the total amount will be adjusted by this tax rate.\n\nThe total amount before tax is $22.61. To find the total amount after applying the tax, we multiply the total amount by the tax rate:\n\nTotal amount before tax: $22.61\n\nTotal amount after tax: Total amount before tax multiplied by the tax rate (7.0%)\n\nTotal amount after tax = Total amount before tax multiplied by 7.0%\n\nTotal amount after tax = Total amount before tax multiplied by 7.0%\nTotal amount after tax = Total amount before tax multiplied by 7.0%\n\nTotal amount after tax = Total amount before tax multiplied by 7.0%\n\nTotal amount after tax = Total amount before tax multiplied by 7.0%\n\nTotal amount after tax = Total amount before tax multiplied by 7.0%\n\nTotal amount after tax = Total amount before tax multiplied by 7.0%\n\nTotal amount after tax = Total amount before tax multiplied by 7.0%\n\nTotal amount after tax", "numeric_answer": 22.61, "relative_error": 0.7863756613756614, "thinking_text": null, "has_tool_call": false, "tool_call": null, "usage": {"prompt_tokens": 115, "completion_tokens": 256, "total_tokens": 371, "token_count_source": "tokenizer"}, "decoding": {"temperature": 0.2, "top_p": null, "top_k": null, "max_tokens": 256, "seed": 42}, "prompt_tokens": 115, "completion_tokens": 256, "total_tokens": 371, "token_count_source": "tokenizer", "diffusion_steps": null, "flops_estimate": null, "flops_arch": null, "flops_model_params": null, "flops_active_params": null, "tokens_non_final": 185, "tokens_reasoning": 0, "tokens_response": 185, "elapsed_seconds": 8.087156295776367, "judgement": "Way off"}
{"id": "taxes_000445", "topic": "taxes", "subtopic": "pre_discount_tax", "prompt": "Cart: $46.59, $16.28. Local sales tax is 8.5% (tax calculated before discount). About how much is the total?", "exact_value": 68.21, "model": "qwen/qwen2.5-3b-instruct", "provider": "transformers", "response": "Final answer: 46.59\nFinal answer: 16.28\nFinal answer: 8.5%", "numeric_answer": 46.59, "relative_error": 0.31696232224014065, "thinking_text": null, "has_tool_call": false, "tool_call": null, "usage": {"prompt_tokens": 103, "completion_tokens": 29, "total_tokens": 132, "token_count_source": "tokenizer"}, "decoding": {"temperature": 0.2, "top_p": null, "top_k": null, "max_tokens": 256, "seed": 42}, "prompt_tokens": 103, "completion_tokens": 29, "total_tokens": 132, "token_count_source": "tokenizer", "diffusion_steps": null, "flops_estimate": null, "flops_arch": null, "flops_model_params": null, "flops_active_params": null, "tokens_non_final": 9, "tokens_reasoning": 0, "tokens_response": 9, "elapsed_seconds": 0.9166839122772217, "judgement": "Mildly off"}
{"id": "taxes_000465", "topic": "taxes", "subtopic": "pre_discount_tax", "prompt": "Cart: $4.60, $30.69, $19.15 with a 10% store discount. Local sales tax is 7.0% (tax calculated before discount). About how much is the total?", "exact_value": 52.81, "model": "qwen/qwen2.5-3b-instruct", "provider": "transformers", "response": "Final answer: 20.88", "numeric_answer": 20.88, "relative_error": 0.6046203370573755, "thinking_text": null, "has_tool_call": false, "tool_call": null, "usage": {"prompt_tokens": 117, "completion_tokens": 10, "total_tokens": 127, "token_count_source": "tokenizer"}, "decoding": {"temperature": 0.2, "top_p": null, "top_k": null, "max_tokens": 256, "seed": 42}, "prompt_tokens": 117, "completion_tokens": 10, "total_tokens": 127, "token_count_source": "tokenizer", "diffusion_steps": null, "flops_estimate": null, "flops_arch": null, "flops_model_params": null, "flops_active_params": null, "tokens_non_final": 3, "tokens_reasoning": 0, "tokens_response": 3, "elapsed_seconds": 0.3142061233520508, "judgement": "Way off"}
{"id": "taxes_000485", "topic": "taxes", "subtopic": "post_discount_tax", "prompt": "Cart: $34.84, $9.92, $58.12 with a 15% store discount. Local sales tax is 8.0% (tax after discount). About how much is the total?", "exact_value": 94.44, "model": "qwen/qwen2.5-3b-instruct", "provider": "transformers", "response": "To solve this problem, we first apply the store discount to the total amount, then calculate the local sales tax on the discounted total.\n\n1. **Apply the Store Discount**:\n   - The total amount before discount: $34.84 + $9.92 + $58.12\n\n2. **Calculate Total Amount After Discount**:\n   - Total amount after applying the 15% discount: $34.84 + $9.92 + $58.12\n\n3. **Calculate the Local Sales Tax**:\n   - Local sales tax rate: 8.0%\n   - Total amount after discount: $34.84 + $9.92 + $58.12\n\n4. **Total Amount After Discount**:\n   - Total amount after discount: $34.84 + $9.92 + $58.12\n\n5. **Total Amount After Discount**:\n   - Total amount after discount: $34.84 + $9.92 + $58.12\n\n6. **Total Amount After Discount**:\n   - Total amount after discount: $34.84 + $9.92", "numeric_answer": 1.0, "relative_error": 0.9894112664125371, "thinking_text": null, "has_tool_call": false, "tool_call": null, "usage": {"prompt_tokens": 116, "completion_tokens": 256, "total_tokens": 372, "token_count_source": "tokenizer"}, "decoding": {"temperature": 0.2, "top_p": null, "top_k": null, "max_tokens": 256, "seed": 42}, "prompt_tokens": 116, "completion_tokens": 256, "total_tokens": 372, "token_count_source": "tokenizer", "diffusion_steps": null, "flops_estimate": null, "flops_arch": null, "flops_model_params": null, "flops_active_params": null, "tokens_non_final": 124, "tokens_reasoning": 0, "tokens_response": 124, "elapsed_seconds": 8.18456220626831, "judgement": "Way off"}
{"id": "taxes_000505", "topic": "taxes", "subtopic": "post_discount_tax", "prompt": "Cart: $21.24, $18.83, $46.12, $12.11, $38.47 with a 15% store discount. Local sales tax is 7.0% (tax after discount). About how much is the total?", "exact_value": 124.39, "model": "qwen/qwen2.5-3b-instruct", "provider": "transformers", "response": "To solve this problem, we first need to apply the store discount to each price listed. The store discount is 15%, meaning each price will be reduced by 15% of its original value.\n\nHere's the step-by-step process:\n\n1. **Apply the Discount**:\n   - For each price, subtract 15% from each price.\n   - For example, for $21.24, the discounted price would be $21.24 minus 15% of itself.\n\n2. **Calculate the Total Price**:\n   - Sum up all the discounted prices.\n\nLet's calculate the total price after applying the discount:\n\n- $21.24 → $21.24 minus 15%\n- $18.83 → $18.83 minus 15%\n- $46.12 → $46.12 minus 15%\n- $12.11 → $12.11 minus 15%\n- $38.47 → $38.47 minus 15%\n\nSumming these values after applying the discount:\n\n- $21.24 = $21.24 minus 15", "numeric_answer": 15.0, "relative_error": 0.8794115282578986, "thinking_text": null, "has_tool_call": false, "tool_call": null, "usage": {"prompt_tokens": 131, "completion_tokens": 256, "total_tokens": 387, "token_count_source": "tokenizer"}, "decoding": {"temperature": 0.2, "top_p": null, "top_k": null, "max_tokens": 256, "seed": 42}, "prompt_tokens": 131, "completion_tokens": 256, "total_tokens": 387, "token_count_source": "tokenizer", "diffusion_steps": null, "flops_estimate": null, "flops_arch": null, "flops_model_params": null, "flops_active_params": null, "tokens_non_final": 129, "tokens_reasoning": 0, "tokens_response": 129, "elapsed_seconds": 8.47337794303894, "judgement": "Way off"}
{"id": "taxes_000525", "topic": "taxes", "subtopic": "pre_discount_tax", "prompt": "Cart: $40.81, $31.93, $33.24, $7.40. Local sales tax is 7.0% (tax calculated before discount). About how much is the total?", "exact_value": 121.32, "model": "qwen/qwen2.5-3b-instruct", "provider": "transformers", "response": "Final answer: 40.81\nFinal answer: 31.93\nFinal answer: 33.24\nFinal answer: 7.40\nFinal answer: 40.81\nFinal answer: 31.93\nFinal answer: 33.24\nFinal answer: 7.40\nFinal answer: 40.81\nFinal answer: 31.93\nFinal answer: 33.24\nFinal answer: 7.40\nFinal answer: 40.81\nFinal answer: 31.93\nFinal answer: 33.24\nFinal answer: 7.40\nFinal answer: 40.81\nFinal answer: 31.93\nFinal answer: 33.24\nFinal answer: 7.40\nFinal answer: 40.81\nFinal answer: 31.93\nFinal answer: 33.24\nFinal answer: 7.40\nFinal answer: 40.81\nFinal answer: 31.93\nFinal answer", "numeric_answer": 40.81, "relative_error": 0.6636168809759314, "thinking_text": null, "has_tool_call": false, "tool_call": null, "usage": {"prompt_tokens": 116, "completion_tokens": 256, "total_tokens": 372, "token_count_source": "tokenizer"}, "decoding": {"temperature": 0.2, "top_p": null, "top_k": null, "max_tokens": 256, "seed": 42}, "prompt_tokens": 116, "completion_tokens": 256, "total_tokens": 372, "token_count_source": "tokenizer", "diffusion_steps": null, "flops_estimate": null, "flops_arch": null, "flops_model_params": null, "flops_active_params": null, "tokens_non_final": 80, "tokens_reasoning": 0, "tokens_response": 80, "elapsed_seconds": 8.38021993637085, "judgement": "Way off"}
{"id": "taxes_000545", "topic": "taxes", "subtopic": "pre_discount_tax", "prompt": "Cart: $59.68, $15.72 with a 15% store discount. Local sales tax is 8.5% (tax calculated before discount). About how much is the total?", "exact_value": 70.5, "model": "qwen/qwen2.5-3b-instruct", "provider": "transformers", "response": "To solve this problem, we need to follow these steps:\n\n1. **Calculate the total after applying the store discount:** \n   - The total price of the Cart items before discount is $59.68 and $15.72.\n   - Apply the 15% store discount on both prices.\n\n2. **Calculate the total after applying the local sales tax:** \n   - The total price after discount is then multiplied by the local sales tax rate of 8.5%.\n\n3. **Final total amount:**\n   - The total amount should be calculated as follows:\n\nFirst, calculate the total after applying the store discount:\n\n- Total price after discount = $59.68 + $15.72\n- Total price after discount = $59.68 + $15.72 + 15% discount\n\nThen, multiply this total by the local sales tax rate of 8.5% to get the final total amount.\n\nLet's perform the calculations step-by-step:\n\n1. **Total price after discount calculation:**\n\n- Total price after discount = $59.68 + $15.72 + 15% discount\n- Total price after discount = $59.", "numeric_answer": 1.0, "relative_error": 0.9858156028368794, "thinking_text": null, "has_tool_call": false, "tool_call": null, "usage": {"prompt_tokens": 111, "completion_tokens": 256, "total_tokens": 367, "token_count_source": "tokenizer"}, "decoding": {"temperature": 0.2, "top_p": null, "top_k": null, "max_tokens": 256, "seed": 42}, "prompt_tokens": 111, "completion_tokens": 256, "total_tokens": 367, "token_count_source": "tokenizer", "diffusion_steps": null, "flops_estimate": null, "flops_arch": null, "flops_model_params": null, "flops_active_params": null, "tokens_non_final": 160, "tokens_reasoning": 0, "tokens_response": 160, "elapsed_seconds": 8.080738067626953, "judgement": "Way off"}
{"id": "taxes_000565", "topic": "taxes", "subtopic": "pre_discount_tax", "prompt": "Cart: $26.85, $46.69, $42.49 with a 10% store discount. Local sales tax is 8.0% (tax calculated before discount). About how much is the total?", "exact_value": 113.71, "model": "qwen/qwen2.5-3b-instruct", "provider": "transformers", "response": "Final answer: 73.75", "numeric_answer": 73.75, "relative_error": 0.3514202796587811, "thinking_text": null, "has_tool_call": false, "tool_call": null, "usage": {"prompt_tokens": 118, "completion_tokens": 10, "total_tokens": 128, "token_count_source": "tokenizer"}, "decoding": {"temperature": 0.2, "top_p": null, "top_k": null, "max_tokens": 256, "seed": 42}, "prompt_tokens": 118, "completion_tokens": 10, "total_tokens": 128, "token_count_source": "tokenizer", "diffusion_steps": null, "flops_estimate": null, "flops_arch": null, "flops_model_params": null, "flops_active_params": null, "tokens_non_final": 3, "tokens_reasoning": 0, "tokens_response": 3, "elapsed_seconds": 0.31505465507507324, "judgement": "Mildly off"}
{"id": "taxes_000585", "topic": "taxes", "subtopic": "pre_discount_tax", "prompt": "Cart: $39.46, $16.46, $27.60 with a 15% store discount. Local sales tax is 7.5% (tax calculated before discount). About how much is the total?", "exact_value": 77.26, "model": "qwen/qwen2.5-3b-instruct", "provider": "transformers", "response": "Final answer: 18.25", "numeric_answer": 18.25, "relative_error": 0.7637846233497282, "thinking_text": null, "has_tool_call": false, "tool_call": null, "usage": {"prompt_tokens": 118, "completion_tokens": 10, "total_tokens": 128, "token_count_source": "tokenizer"}, "decoding": {"temperature": 0.2, "top_p": null, "top_k": null, "max_tokens": 256, "seed": 42}, "prompt_tokens": 118, "completion_tokens": 10, "total_tokens": 128, "token_count_source": "tokenizer", "diffusion_steps": null, "flops_estimate": null, "flops_arch": null, "flops_model_params": null, "flops_active_params": null, "tokens_non_final": 3, "tokens_reasoning": 0, "tokens_response": 3, "elapsed_seconds": 0.31377172470092773, "judgement": "Way off"}
{"id": "taxes_000605", "topic": "taxes", "subtopic": "post_discount_tax", "prompt": "Cart: $56.51, $45.65, $41.70 with a 15% store discount. Local sales tax is 8.5% (tax after discount). About how much is the total?", "exact_value": 132.67, "model": "qwen/qwen2.5-3b-instruct", "provider": "transformers", "response": "To solve this problem, we need to follow these steps:\n\n1. Calculate the total price after applying the store discount.\n2. Apply the local sales tax on the total price.\n\nFirst, let's calculate the total price after applying the store discount:\n\nThe original prices are $56.51, $45.65, and $41.70. The store discount is 15%. To apply the discount, we multiply each price by 99% (since 15% of the price is discounted).\n\n1. For $56.51:\n\\[ \\text{Total} = \\frac{56.51}{99} \\]\n\n2. For $45.65:\n\\[ \\text{Total} = \\frac{45.65}{99} \\]\n\n3. For $41.70:\n\\[ \\text{Total} = \\frac{41.70}{99} \\]\n\nNext, we calculate the total price after applying the store discount:\n\n\\[ Total = \\frac{56.51 + 45.65 + 41.70}{99} \\]\n\nNow, we apply the local sales tax (", "numeric_answer": 1.0, "relative_error": 0.9924625009421874, "thinking_text": null, "has_tool_call": false, "tool_call": null, "usage": {"prompt_tokens": 117, "completion_tokens": 256, "total_tokens": 373, "token_count_source": "tokenizer"}, "decoding": {"temperature": 0.2, "top_p": null, "top_k": null, "max_tokens": 256, "seed": 42}, "prompt_tokens": 117, "completion_tokens": 256, "total_tokens": 373, "token_count_source": "tokenizer", "diffusion_steps": null, "flops_estimate": null, "flops_arch": null, "flops_model_params": null, "flops_active_params": null, "tokens_non_final": 123, "tokens_reasoning": 0, "tokens_response": 123, "elapsed_seconds": 8.091065406799316, "judgement": "Way off"}
{"id": "taxes_000625", "topic": "taxes", "subtopic": "post_discount_tax", "prompt": "Cart: $45.52, $11.14, $39.66 with a 15% store discount. Local sales tax is 7.5% (tax after discount). About how much is the total?", "exact_value": 88.01, "model": "qwen/qwen2.5-3b-instruct", "provider": "transformers", "response": "To solve this problem, we first need to calculate the total price of the items after applying the store discount. The total price before discount is $45.52, $11.14, and $39.66. The store discount is 15%, meaning each item's price will be reduced by 15% of its original value.\n\nFirst, let's calculate the total price of each item:\n\n1. For $45.52:\n   - Original price: $45.52\n   - Discounted price: $45.52 (15% discount)\n   - Total price: $45.52\n\n2. For $11.14:\n   - Original price: $11.14\n   - Discounted price: $11.14 (15% discount)\n   - Total price: $11.14\n\n3. For $39.66:\n   - Original price: $39.66\n   - Discounted price: $39.66 (15% discount)\n   - Total price: $39.66\n\nSince all prices are discounted equally, the total price for each", "numeric_answer": 45.52, "relative_error": 0.4827860470401091, "thinking_text": null, "has_tool_call": false, "tool_call": null, "usage": {"prompt_tokens": 117, "completion_tokens": 256, "total_tokens": 373, "token_count_source": "tokenizer"}, "decoding": {"temperature": 0.2, "top_p": null, "top_k": null, "max_tokens": 256, "seed": 42}, "prompt_tokens": 117, "completion_tokens": 256, "total_tokens": 373, "token_count_source": "tokenizer", "diffusion_steps": null, "flops_estimate": null, "flops_arch": null, "flops_model_params": null, "flops_active_params": null, "tokens_non_final": 119, "tokens_reasoning": 0, "tokens_response": 119, "elapsed_seconds": 8.083852529525757, "judgement": "Mildly off"}
{"id": "taxes_000645", "topic": "taxes", "subtopic": "post_discount_tax", "prompt": "Cart: $49.33, $22.71, $22.30, $10.61 with a 10% store discount. Local sales tax is 8.0% (tax after discount). About how much is the total?", "exact_value": 102.01, "model": "qwen/qwen2.5-3b-instruct", "provider": "transformers", "response": "To solve this problem, we'll follow these steps:\n\n1. **Calculate the total price after applying the discount**:\n   - The original prices are $49.33, $22.71, $22.30, and $10.61.\n   - The discount is 10%, meaning each price will be reduced by 10% of its current value.\n\n2. **Apply the discount**:\n   - For each item, multiply the price by 99% (since 10% discount means 99% remains).\n\n3. **Sum the total**:\n   - Summing up the discounted prices gives us the total amount.\n\nLet's calculate the total price after applying the discount:\n\n1. **$49.33**:\n   - Discounted price: $49.33 multiplied by 99% (99% = 99% = 99% = 99% = 99% = 99% = 99% = 99% = 99% = 99% = 99% = 99% = 99% = 99% = 99%", "numeric_answer": 1.0, "relative_error": 0.9901970395059307, "thinking_text": null, "has_tool_call": false, "tool_call": null, "usage": {"prompt_tokens": 124, "completion_tokens": 256, "total_tokens": 380, "token_count_source": "tokenizer"}, "decoding": {"temperature": 0.2, "top_p": null, "top_k": null, "max_tokens": 256, "seed": 42}, "prompt_tokens": 124, "completion_tokens": 256, "total_tokens": 380, "token_count_source": "tokenizer", "diffusion_steps": null, "flops_estimate": null, "flops_arch": null, "flops_model_params": null, "flops_active_params": null, "tokens_non_final": 125, "tokens_reasoning": 0, "tokens_response": 125, "elapsed_seconds": 8.07222843170166, "judgement": "Way off"}
{"id": "taxes_000665", "topic": "taxes", "subtopic": "post_discount_tax", "prompt": "Cart: $34.33, $12.25, $33.01 with a 10% store discount. Local sales tax is 8.5% (tax after discount). About how much is the total?", "exact_value": 77.72, "model": "qwen/qwen2.5-3b-instruct", "provider": "transformers", "response": "Final answer: 34.33\nFinal answer: 12.25\nFinal answer: 33.01\nFinal answer: 34.33\nFinal answer: 12.25\nFinal answer: 33.01\n\nFirst, we apply the 10% store discount to each of the prices:\n\nDiscounted price for $34.33: $34.33\nDiscounted price for $12.25: $12.25\nDiscounted price for $33.01: $33.01\n\nThe total amount after applying the discount is calculated as follows:\n\nTotal: $34.33 + $12.25 + $33.01\n\nTotal: $34.33 + $12.25 + $33.01\n\nTotal: $34.33 + $12.25 + $33.01\n\nTotal: $34.33 + $12.25 + $33.01\n\nTotal: $34.33 + $12.25 + $33.0", "numeric_answer": 34.33, "relative_error": 0.5582861554297478, "thinking_text": null, "has_tool_call": false, "tool_call": null, "usage": {"prompt_tokens": 117, "completion_tokens": 256, "total_tokens": 373, "token_count_source": "tokenizer"}, "decoding": {"temperature": 0.2, "top_p": null, "top_k": null, "max_tokens": 256, "seed": 42}, "prompt_tokens": 117, "completion_tokens": 256, "total_tokens": 373, "token_count_source": "tokenizer", "diffusion_steps": null, "flops_estimate": null, "flops_arch": null, "flops_model_params": null, "flops_active_params": null, "tokens_non_final": 86, "tokens_reasoning": 0, "tokens_response": 86, "elapsed_seconds": 8.114522933959961, "judgement": "Mildly off"}
{"id": "taxes_000685", "topic": "taxes", "subtopic": "post_discount_tax", "prompt": "Cart: $45.39, $47.08, $42.29, $28.76, $33.64. Local sales tax is 8.0% (tax after discount). About how much is the total?", "exact_value": 212.93, "model": "qwen/qwen2.5-3b-instruct", "provider": "transformers", "response": "Final answer: 1.0000000000000000000000000000000000000000000000000000000000000000000000000000000000000000000000000000000000000000000000000000000000000000000000000000000000000000000000000000000000000000000000000000000000000000000000000000000000000000000000000000000000", "numeric_answer": 1.0, "relative_error": 0.9953036209082797, "thinking_text": null, "has_tool_call": false, "tool_call": null, "usage": {"prompt_tokens": 123, "completion_tokens": 256, "total_tokens": 379, "token_count_source": "tokenizer"}, "decoding": {"temperature": 0.2, "top_p": null, "top_k": null, "max_tokens": 256, "seed": 42}, "prompt_tokens": 123, "completion_tokens": 256, "total_tokens": 379, "token_count_source": "tokenizer", "diffusion_steps": null, "flops_estimate": null, "flops_arch": null, "flops_model_params": null, "flops_active_params": null, "tokens_non_final": 3, "tokens_reasoning": 0, "tokens_response": 3, "elapsed_seconds": 8.104044198989868, "judgement": "Way off"}
{"id": "taxes_000705", "topic": "taxes", "subtopic": "post_discount_tax", "prompt": "Cart: $40.98, $7.11, $42.94, $15.29 with a 10% store discount. Local sales tax is 8.0% (tax after discount). About how much is the total?", "exact_value": 103.34, "model": "qwen/qwen2.5-3b-instruct", "provider": "transformers", "response": "To solve this problem, we first apply the store discount to each price:\n\n1. The original price of $40.98 becomes $40.98 (since there's no change).\n2. The original price of $7.11 becomes $7.11 (since there's no change).\n3. The original price of $42.94 becomes $42.94 (since there's no change).\n4. The original price of $15.29 becomes $15.29 (since there's no change).\n\nNext, we calculate the total amount considering the local sales tax which is 8.0% but applied after the discount.\n\nLet's assume the total quantity is 100 units for simplicity. \n\nThe total amount before discounting is calculated as follows:\n\n1. Total quantity = 100 units.\n2. Total price = $40.98 + $7.11 + $42.94 + $15.29.\n3. Total price after discount = $40.98 + $7.11 + $42.94 + $15.29.\n\nTotal price after discount = $40.9", "numeric_answer": 1.0, "relative_error": 0.9903232049545191, "thinking_text": null, "has_tool_call": false, "tool_call": null, "usage": {"prompt_tokens": 123, "completion_tokens": 256, "total_tokens": 379, "token_count_source": "tokenizer"}, "decoding": {"temperature": 0.2, "top_p": null, "top_k": null, "max_tokens": 256, "seed": 42}, "prompt_tokens": 123, "completion_tokens": 256, "total_tokens": 379, "token_count_source": "tokenizer", "diffusion_steps": null, "flops_estimate": null, "flops_arch": null, "flops_model_params": null, "flops_active_params": null, "tokens_non_final": 135, "tokens_reasoning": 0, "tokens_response": 135, "elapsed_seconds": 8.100525140762329, "judgement": "Way off"}
{"id": "taxes_000725", "topic": "taxes", "subtopic": "post_discount_tax", "prompt": "Cart: $58.29, $57.54, $3.90, $13.77, $33.83 with a 15% store discount. Local sales tax is 7.0% (tax after discount). About how much is the total?", "exact_value": 152.19, "model": "qwen/qwen2.5-3b-instruct", "provider": "transformers", "response": "Final answer: 60.90", "numeric_answer": 60.9, "relative_error": 0.5998423023851763, "thinking_text": null, "has_tool_call": false, "tool_call": null, "usage": {"prompt_tokens": 130, "completion_tokens": 10, "total_tokens": 140, "token_count_source": "tokenizer"}, "decoding": {"temperature": 0.2, "top_p": null, "top_k": null, "max_tokens": 256, "seed": 42}, "prompt_tokens": 130, "completion_tokens": 10, "total_tokens": 140, "token_count_source": "tokenizer", "diffusion_steps": null, "flops_estimate": null, "flops_arch": null, "flops_model_params": null, "flops_active_params": null, "tokens_non_final": 3, "tokens_reasoning": 0, "tokens_response": 3, "elapsed_seconds": 0.3193485736846924, "judgement": "Mildly off"}
{"id": "taxes_000745", "topic": "taxes", "subtopic": "post_discount_tax", "prompt": "Cart: $54.15, $17.05, $39.04, $11.06 with a 20% store discount. Local sales tax is 6.0% (tax after discount). About how much is the total?", "exact_value": 102.86, "model": "qwen/qwen2.5-3b-instruct", "provider": "transformers", "response": "To solve this problem, we first apply the store discount to each item price individually, then calculate the total amount including the local sales tax.\n\n1. **Apply the discount:**\n   - Cart: $54.15 -> $54.15\n   - $17.05 -> $17.05\n   - $39.04 -> $39.04\n   - $11.06 -> $11.06\n\n2. **Calculate total amount:**\n   - Total amount = $54.15 + $17.05 + $39.04 + $11.06\n\n3. **Local sales tax calculation:**\n   - Local sales tax rate = 6.0%\n   - Total amount before discount = $54.15 + $17.05 + $39.04 + $11.06\n\n4. **Total amount after discount:**\n   - Total amount after discount = Total amount before discount + Total amount after discount\n\n5. **Total amount after discount with tax:**\n   - Total amount after discount with tax = Total amount after discount + Total amount after discount with tax", "numeric_answer": 1.0, "relative_error": 0.9902780478320047, "thinking_text": null, "has_tool_call": false, "tool_call": null, "usage": {"prompt_tokens": 124, "completion_tokens": 256, "total_tokens": 380, "token_count_source": "tokenizer"}, "decoding": {"temperature": 0.2, "top_p": null, "top_k": null, "max_tokens": 256, "seed": 42}, "prompt_tokens": 124, "completion_tokens": 256, "total_tokens": 380, "token_count_source": "tokenizer", "diffusion_steps": null, "flops_estimate": null, "flops_arch": null, "flops_model_params": null, "flops_active_params": null, "tokens_non_final": 132, "tokens_reasoning": 0, "tokens_response": 132, "elapsed_seconds": 8.096148490905762, "judgement": "Way off"}
{"id": "taxes_000765", "topic": "taxes", "subtopic": "pre_discount_tax", "prompt": "Cart: $57.68, $16.68, $27.84, $52.23, $26.02 with a 15% store discount. Local sales tax is 6.0% (tax calculated before discount). About how much is the total?", "exact_value": 164.21, "model": "qwen/qwen2.5-3b-instruct", "provider": "transformers", "response": "Final answer: -1.9888960000000000000000000000000000000000000000000000000000000000000000000000000000000000000000000000000000000000000000000000000000000000000000000000000000000000000000000000000000000000000000000000000000000000000000000000000000000000000000000000000000", "numeric_answer": -1.988896, "relative_error": 1.0121119054868766, "thinking_text": null, "has_tool_call": false, "tool_call": null, "usage": {"prompt_tokens": 132, "completion_tokens": 256, "total_tokens": 388, "token_count_source": "tokenizer"}, "decoding": {"temperature": 0.2, "top_p": null, "top_k": null, "max_tokens": 256, "seed": 42}, "prompt_tokens": 132, "completion_tokens": 256, "total_tokens": 388, "token_count_source": "tokenizer", "diffusion_steps": null, "flops_estimate": null, "flops_arch": null, "flops_model_params": null, "flops_active_params": null, "tokens_non_final": 3, "tokens_reasoning": 0, "tokens_response": 3, "elapsed_seconds": 8.0847487449646, "judgement": "Way off"}
{"id": "taxes_000785", "topic": "taxes", "subtopic": "post_discount_tax", "prompt": "Cart: $25.69, $31.24 with a 10% store discount. Local sales tax is 6.0% (tax after discount). About how much is the total?", "exact_value": 54.31, "model": "qwen/qwen2.5-3b-instruct", "provider": "transformers", "response": "To solve this problem, we first need to calculate the total price of the items after applying the store discount. The total price before discount is $25.69 and $31.24. The store applies a 10% discount on these prices.\n\nThe total price after discount can be calculated using the following steps:\n\n1. Calculate the total price after discount for each item.\n2. Apply the local sales tax (6%) on the total price after discount.\n\nLet's start by calculating the total price after discount:\n\n1. Total price after discount for $25.69:\n   \\[\n   \\text{Total price} = \\text{Total price} + \\text{Discount}\n   \\]\n   \\[\n   \\text{Total price} = \\text{Total price} + \\text{Total price} + \\text{Discount}\n   \\]\n\n2. Total price after discount for $31.24:\n   \\[\n   \\text{Total price} = \\text{Total price} + \\text{Total price} + \\text{Total price} + \\text{Discount}\n   \\]\n\nAfter applying the discount, the total price becomes:\n   \\[\n   \\text{Total price} =", "numeric_answer": 25.69, "relative_error": 0.5269747744430123, "thinking_text": null, "has_tool_call": false, "tool_call": null, "usage": {"prompt_tokens": 110, "completion_tokens": 256, "total_tokens": 366, "token_count_source": "tokenizer"}, "decoding": {"temperature": 0.2, "top_p": null, "top_k": null, "max_tokens": 256, "seed": 42}, "prompt_tokens": 110, "completion_tokens": 256, "total_tokens": 366, "token_count_source": "tokenizer", "diffusion_steps": null, "flops_estimate": null, "flops_arch": null, "flops_model_params": null, "flops_active_params": null, "tokens_non_final": 144, "tokens_reasoning": 0, "tokens_response": 144, "elapsed_seconds": 8.111473083496094, "judgement": "Mildly off"}
{"id": "taxes_000805", "topic": "taxes", "subtopic": "post_discount_tax", "prompt": "Cart: $40.12, $28.74 with a 15% store discount. Local sales tax is 7.5% (tax after discount). About how much is the total?", "exact_value": 62.92, "model": "qwen/qwen2.5-3b-instruct", "provider": "transformers", "response": "To solve this problem, we need to follow these steps:\n\n1. **Calculate the total price after applying the store discount**:\n   - The original price of Cart 1 is $40.12.\n   - The original price of Cart 2 is $28.74.\n   - The store discount is 15%.\n\n2. **Apply the discount**:\n   - The total price after applying the discount can be calculated as follows:\n   - Total Price = $40.12 + $28.74\n\n3. **Calculate the total price after applying the discount**:\n   - Total Price = $40.12 + $28.74 = Total Price = Total Price = Total Price = Total Price = Total Price = Total Price = Total Price = Total Price = Total Price = Total Price = Total Price = Total Price = Total Price = Total Price = Total Price = Total Price = Total Price = Total Price = Total Price = Total Price = Total Price = Total Price = Total Price = Total Price = Total Price = Total Price = Total Price = Total Price = Total Price = Total Price = Total Price = Total Price = Total Price = Total Price = Total Price = Total Price = Total Price = Total", "numeric_answer": 1.0, "relative_error": 0.9841068022886205, "thinking_text": null, "has_tool_call": false, "tool_call": null, "usage": {"prompt_tokens": 110, "completion_tokens": 256, "total_tokens": 366, "token_count_source": "tokenizer"}, "decoding": {"temperature": 0.2, "top_p": null, "top_k": null, "max_tokens": 256, "seed": 42}, "prompt_tokens": 110, "completion_tokens": 256, "total_tokens": 366, "token_count_source": "tokenizer", "diffusion_steps": null, "flops_estimate": null, "flops_arch": null, "flops_model_params": null, "flops_active_params": null, "tokens_non_final": 197, "tokens_reasoning": 0, "tokens_response": 197, "elapsed_seconds": 8.09155559539795, "judgement": "Way off"}
{"id": "taxes_000825", "topic": "taxes", "subtopic": "pre_discount_tax", "prompt": "Cart: $42.07, $45.58, $4.03. Local sales tax is 8.5% (tax calculated before discount). About how much is the total?", "exact_value": 99.47, "model": "qwen/qwen2.5-3b-instruct", "provider": "transformers", "response": "To solve this problem, we need to calculate the total amount after applying the local sales tax. Here's the step-by-step process:\n\n1. **Identify the numbers**: The three prices are $42.07, $45.58, and $4.03.\n\n2. **Calculate total price**: Summing these values gives us the total amount before tax.\n\n3. **Apply the sales tax**: The local sales tax rate is 8.5%.\n\n4. **Total price after tax**: Apply the tax to each of the prices and sum them up again.\n\nLet's perform the calculations:\n\n1. **Total price before tax**:\n   \\[\n   Total = \\sum_{i=1}^{3} \\text{prices[i]}\n   \\]\n   \\[\n   Total = 42.07 + 45.58 + 4.03\n   \\]\n\n2. **Total price after tax**:\n   \\[\n   Total = Total + Total + Total\n   \\]\n   \\[\n   Total = Total + Total + Total\n   \\]\n   \\[\n   Total = Total + Total + Total\n   \\]\n\n3. **Total price after tax**:\n   \\[", "numeric_answer": 1.0, "relative_error": 0.9899467176032974, "thinking_text": null, "has_tool_call": false, "tool_call": null, "usage": {"prompt_tokens": 109, "completion_tokens": 256, "total_tokens": 365, "token_count_source": "tokenizer"}, "decoding": {"temperature": 0.2, "top_p": null, "top_k": null, "max_tokens": 256, "seed": 42}, "prompt_tokens": 109, "completion_tokens": 256, "total_tokens": 365, "token_count_source": "tokenizer", "diffusion_steps": null, "flops_estimate": null, "flops_arch": null, "flops_model_params": null, "flops_active_params": null, "tokens_non_final": 139, "tokens_reasoning": 0, "tokens_response": 139, "elapsed_seconds": 8.084441184997559, "judgement": "Way off"}
{"id": "taxes_000845", "topic": "taxes", "subtopic": "post_discount_tax", "prompt": "Cart: $15.87, $9.20, $33.08, $43.65, $38.88 with a 20% store discount. Local sales tax is 6.0% (tax after discount). About how much is the total?", "exact_value": 119.3, "model": "qwen/qwen2.5-3b-instruct", "provider": "transformers", "response": "Final answer: 15.87\nExplanation:\nThe first item listed ($15.87) is not subject to the store discount because it is already the discounted price. All other items have been discounted by 20%, but since we're asked about \"total\" which typically refers to the sum of all prices before discount, we consider only the original prices. The total amount without any discount is $15.87. Any further calculations would involve applying the discount to the remaining items, but the question specifically asks for the total amount before applying the discount. Therefore, the final answer is $15.87.", "numeric_answer": 15.87, "relative_error": 0.8669740150880134, "thinking_text": null, "has_tool_call": false, "tool_call": null, "usage": {"prompt_tokens": 130, "completion_tokens": 132, "total_tokens": 262, "token_count_source": "tokenizer"}, "decoding": {"temperature": 0.2, "top_p": null, "top_k": null, "max_tokens": 256, "seed": 42}, "prompt_tokens": 130, "completion_tokens": 132, "total_tokens": 262, "token_count_source": "tokenizer", "diffusion_steps": null, "flops_estimate": null, "flops_arch": null, "flops_model_params": null, "flops_active_params": null, "tokens_non_final": 93, "tokens_reasoning": 0, "tokens_response": 93, "elapsed_seconds": 4.163385391235352, "judgement": "Way off"}
{"id": "taxes_000865", "topic": "taxes", "subtopic": "post_discount_tax", "prompt": "Cart: $58.64, $45.63, $26.84 with a 20% store discount. Local sales tax is 7.5% (tax after discount). About how much is the total?", "exact_value": 112.75, "model": "qwen/qwen2.5-3b-instruct", "provider": "transformers", "response": "Final answer: 15.96", "numeric_answer": 15.96, "relative_error": 0.8584478935698447, "thinking_text": null, "has_tool_call": false, "tool_call": null, "usage": {"prompt_tokens": 117, "completion_tokens": 10, "total_tokens": 127, "token_count_source": "tokenizer"}, "decoding": {"temperature": 0.2, "top_p": null, "top_k": null, "max_tokens": 256, "seed": 42}, "prompt_tokens": 117, "completion_tokens": 10, "total_tokens": 127, "token_count_source": "tokenizer", "diffusion_steps": null, "flops_estimate": null, "flops_arch": null, "flops_model_params": null, "flops_active_params": null, "tokens_non_final": 3, "tokens_reasoning": 0, "tokens_response": 3, "elapsed_seconds": 0.32663416862487793, "judgement": "Way off"}
{"id": "taxes_000885", "topic": "taxes", "subtopic": "post_discount_tax", "prompt": "Cart: $14.40, $32.79, $9.47, $52.98, $5.25 with a 15% store discount. Local sales tax is 7.0% (tax after discount). About how much is the total?", "exact_value": 104.49, "model": "qwen/qwen2.5-3b-instruct", "provider": "transformers", "response": "Final answer: 6.85888975", "numeric_answer": 6.85888975, "relative_error": 0.9343584098956838, "thinking_text": null, "has_tool_call": false, "tool_call": null, "usage": {"prompt_tokens": 129, "completion_tokens": 15, "total_tokens": 144, "token_count_source": "tokenizer"}, "decoding": {"temperature": 0.2, "top_p": null, "top_k": null, "max_tokens": 256, "seed": 42}, "prompt_tokens": 129, "completion_tokens": 15, "total_tokens": 144, "token_count_source": "tokenizer", "diffusion_steps": null, "flops_estimate": null, "flops_arch": null, "flops_model_params": null, "flops_active_params": null, "tokens_non_final": 3, "tokens_reasoning": 0, "tokens_response": 3, "elapsed_seconds": 0.4762575626373291, "judgement": "Way off"}
{"id": "taxes_000905", "topic": "taxes", "subtopic": "pre_discount_tax", "prompt": "Cart: $17.90, $48.48, $26.49, $5.89. Local sales tax is 8.5% (tax calculated before discount). About how much is the total?", "exact_value": 107.15, "model": "qwen/qwen2.5-3b-instruct", "provider": "transformers", "response": "Final answer: 17.90\nFinal answer: 48.48\nFinal answer: 26.49\nFinal answer: 5.89\n\nFirst, we calculate the total price by applying the local sales tax to each item individually:\n\n1. For $17.90:\n   - Tax amount = $17.90 * 8.5%\n   - Total = $17.90 + $17.90 * 8.5%\n\n2. For $48.48:\n   - Tax amount = $48.48 * 8.5%\n   - Total = $48.48 + $48.48 * 8.5%\n\n3. For $26.49:\n   - Tax amount = $26.49 * 8.5%\n   - Total = $26.49 + $26.49 * 8.5%\n\n4. For $5.89:\n   - Tax amount = $5.89 * 8.5%\n   - Total = $5.89 + $5.89 * 8.5%\n\nSince all prices", "numeric_answer": 17.9, "relative_error": 0.832944470368642, "thinking_text": null, "has_tool_call": false, "tool_call": null, "usage": {"prompt_tokens": 116, "completion_tokens": 256, "total_tokens": 372, "token_count_source": "tokenizer"}, "decoding": {"temperature": 0.2, "top_p": null, "top_k": null, "max_tokens": 256, "seed": 42}, "prompt_tokens": 116, "completion_tokens": 256, "total_tokens": 372, "token_count_source": "tokenizer", "diffusion_steps": null, "flops_estimate": null, "flops_arch": null, "flops_model_params": null, "flops_active_params": null, "tokens_non_final": 103, "tokens_reasoning": 0, "tokens_response": 103, "elapsed_seconds": 8.228766679763794, "judgement": "Way off"}
{"id": "taxes_000925", "topic": "taxes", "subtopic": "post_discount_tax", "prompt": "Cart: $22.10, $57.77 with a 10% store discount. Local sales tax is 8.5% (tax after discount). About how much is the total?", "exact_value": 77.99, "model": "qwen/qwen2.5-3b-instruct", "provider": "transformers", "response": "To solve this problem, we first need to calculate the total price after applying the store discount. The total price before discount is $22.10, and the total price after discount is $57.77. We apply a 10% store discount to these prices.\n\nThe total price after discount can be calculated as follows:\n\n1. Calculate the total price after discount:\n\\[ \\text{Total Price After Discount} = \\text{Total Price Before Discount} + \\text{Discount Amount} \\]\n\n2. Apply the discount:\n\\[ \\text{Total Price After Discount} = \\text{Total Price Before Discount} + \\text{Total Price Before Discount} \\times \\text{Discount Percentage} \\]\n\n3. Total Price Before Discount: $22.10\n4. Total Price After Discount: $57.77\n\nGiven that the total price after discount is $57.77, we can infer that the total price before discount was $22.10, and the total price after discount is $57.77, which indicates a significant discount.\n\nTo find the total price after discount, we need to calculate the total price after applying the discount percentage:\n\n\\[ \\text{Total Price", "numeric_answer": 22.1, "relative_error": 0.7166303372227208, "thinking_text": null, "has_tool_call": false, "tool_call": null, "usage": {"prompt_tokens": 110, "completion_tokens": 256, "total_tokens": 366, "token_count_source": "tokenizer"}, "decoding": {"temperature": 0.2, "top_p": null, "top_k": null, "max_tokens": 256, "seed": 42}, "prompt_tokens": 110, "completion_tokens": 256, "total_tokens": 366, "token_count_source": "tokenizer", "diffusion_steps": null, "flops_estimate": null, "flops_arch": null, "flops_model_params": null, "flops_active_params": null, "tokens_non_final": 162, "tokens_reasoning": 0, "tokens_response": 162, "elapsed_seconds": 8.212586879730225, "judgement": "Way off"}
{"id": "taxes_000945", "topic": "taxes", "subtopic": "post_discount_tax", "prompt": "Cart: $23.57, $36.87, $52.49, $25.07 with a 15% store discount. Local sales tax is 7.5% (tax after discount). About how much is the total?", "exact_value": 126.1, "model": "qwen/qwen2.5-3b-instruct", "provider": "transformers", "response": "Final answer: 25.07\nTo calculate the total price considering the discount and sales tax, we follow these steps:\n\n1. **Discount Calculation**:\n   - The original prices are $23.57, $36.87, $52.49, and $25.07.\n   - The discount rate is 15%, meaning each price is reduced by 15%.\n   - For $25.07, the discounted price is $25.07.\n\n2. **Sales Tax Calculation**:\n   - Sales tax is applied after the discount.\n   - The local sales tax rate is 7.5%.\n\n3. **Total Price Calculation**:\n   - The total price of $25.07 after applying the discount and then adding the sales tax is calculated as follows:\n   - The total price calculation involves multiplying the discounted price by the sales tax factor.\n\nGiven that the total price is already provided as $25.07, the final total price remains unchanged because the total price is directly derived from the discounted price.\n\nThus, the total price is:\n\\[ \\text{Total Price} = \\text{Discounted Price} = \\text{Final Total", "numeric_answer": 25.07, "relative_error": 0.8011895321173672, "thinking_text": null, "has_tool_call": false, "tool_call": null, "usage": {"prompt_tokens": 124, "completion_tokens": 256, "total_tokens": 380, "token_count_source": "tokenizer"}, "decoding": {"temperature": 0.2, "top_p": null, "top_k": null, "max_tokens": 256, "seed": 42}, "prompt_tokens": 124, "completion_tokens": 256, "total_tokens": 380, "token_count_source": "tokenizer", "diffusion_steps": null, "flops_estimate": null, "flops_arch": null, "flops_model_params": null, "flops_active_params": null, "tokens_non_final": 152, "tokens_reasoning": 0, "tokens_response": 152, "elapsed_seconds": 8.221880912780762, "judgement": "Way off"}
{"id": "taxes_000965", "topic": "taxes", "subtopic": "post_discount_tax", "prompt": "Cart: $29.91, $42.03, $30.26 with a 15% store discount. Local sales tax is 6.0% (tax after discount). About how much is the total?", "exact_value": 92.08, "model": "qwen/qwen2.5-3b-instruct", "provider": "transformers", "response": "Final answer: 29.91\nTo calculate the total price after applying the discount:\n1. The original prices are $29.91, $42.03, and $30.26.\n2. The store applies a 15% discount on these items.\n3. The total price after discounting is $29.91.\n\nThe total price remains unchanged because the discount does not affect the final price of the individual items. Each item's price after discounting is still $29.91. \n\nTherefore, the total is $29.91. No additional calculations are needed for this specific question. The total price after applying the discount is $29.91.", "numeric_answer": 29.91, "relative_error": 0.6751737619461339, "thinking_text": null, "has_tool_call": false, "tool_call": null, "usage": {"prompt_tokens": 117, "completion_tokens": 153, "total_tokens": 270, "token_count_source": "tokenizer"}, "decoding": {"temperature": 0.2, "top_p": null, "top_k": null, "max_tokens": 256, "seed": 42}, "prompt_tokens": 117, "completion_tokens": 153, "total_tokens": 270, "token_count_source": "tokenizer", "diffusion_steps": null, "flops_estimate": null, "flops_arch": null, "flops_model_params": null, "flops_active_params": null, "tokens_non_final": 88, "tokens_reasoning": 0, "tokens_response": 88, "elapsed_seconds": 4.9157538414001465, "judgement": "Way off"}
{"id": "taxes_000985", "topic": "taxes", "subtopic": "post_discount_tax", "prompt": "Cart: $14.82, $23.08, $24.88, $58.19, $52.19 with a 15% store discount. Local sales tax is 8.5% (tax after discount). About how much is the total?", "exact_value": 159.7, "model": "qwen/qwen2.5-3b-instruct", "provider": "transformers", "response": "Final answer: 69.75", "numeric_answer": 69.75, "relative_error": 0.563243581715717, "thinking_text": null, "has_tool_call": false, "tool_call": null, "usage": {"prompt_tokens": 131, "completion_tokens": 10, "total_tokens": 141, "token_count_source": "tokenizer"}, "decoding": {"temperature": 0.2, "top_p": null, "top_k": null, "max_tokens": 256, "seed": 42}, "prompt_tokens": 131, "completion_tokens": 10, "total_tokens": 141, "token_count_source": "tokenizer", "diffusion_steps": null, "flops_estimate": null, "flops_arch": null, "flops_model_params": null, "flops_active_params": null, "tokens_non_final": 3, "tokens_reasoning": 0, "tokens_response": 3, "elapsed_seconds": 0.3222634792327881, "judgement": "Mildly off"}
{"id": "taxes_001005", "topic": "taxes", "subtopic": "post_discount_tax", "prompt": "Cart: $35.46, $30.01, $32.78, $59.76, $52.25 with a 20% store discount. Local sales tax is 6.0% (tax after discount). About how much is the total?", "exact_value": 178.3, "model": "qwen/qwen2.5-3b-instruct", "provider": "transformers", "response": "Final answer: 105.00", "numeric_answer": 105.0, "relative_error": 0.4111048794167134, "thinking_text": null, "has_tool_call": false, "tool_call": null, "usage": {"prompt_tokens": 131, "completion_tokens": 11, "total_tokens": 142, "token_count_source": "tokenizer"}, "decoding": {"temperature": 0.2, "top_p": null, "top_k": null, "max_tokens": 256, "seed": 42}, "prompt_tokens": 131, "completion_tokens": 11, "total_tokens": 142, "token_count_source": "tokenizer", "diffusion_steps": null, "flops_estimate": null, "flops_arch": null, "flops_model_params": null, "flops_active_params": null, "tokens_non_final": 3, "tokens_reasoning": 0, "tokens_response": 3, "elapsed_seconds": 0.35335636138916016, "judgement": "Mildly off"}
{"id": "taxes_001025", "topic": "taxes", "subtopic": "post_discount_tax", "prompt": "Cart: $48.98, $51.04, $48.93, $42.06 with a 10% store discount. Local sales tax is 7.0% (tax after discount). About how much is the total?", "exact_value": 183.94, "model": "qwen/qwen2.5-3b-instruct", "provider": "transformers", "response": "To solve this problem, we first apply the store discount to the prices and then calculate the total amount including local sales tax.\n\n1. **Apply the Store Discount:**\n   - The original prices are $48.98, $51.04, $48.93, and $42.06.\n   - The discount rate is 10%, meaning each price is reduced by 10% of its original value.\n\n2. **Calculate the Total Price:**\n   - We sum up the discounted prices:\n   - $48.98 = $48.98\n   - $51.04 = $51.04\n   - $48.93 = $48.93\n   - $42.06 = $42.06\n\n3. **Apply Local Sales Tax:**\n   - The local sales tax is 7.0% on the total price after applying the discount.\n\n4. **Total Calculation:**\n   - Sum the discounted prices and then apply the local sales tax.\n\nLet's perform these steps:\n\n1. **Discounted Prices:**\n   - $48.98 = $48.98", "numeric_answer": 1.0, "relative_error": 0.9945634446015005, "thinking_text": null, "has_tool_call": false, "tool_call": null, "usage": {"prompt_tokens": 124, "completion_tokens": 256, "total_tokens": 380, "token_count_source": "tokenizer"}, "decoding": {"temperature": 0.2, "top_p": null, "top_k": null, "max_tokens": 256, "seed": 42}, "prompt_tokens": 124, "completion_tokens": 256, "total_tokens": 380, "token_count_source": "tokenizer", "diffusion_steps": null, "flops_estimate": null, "flops_arch": null, "flops_model_params": null, "flops_active_params": null, "tokens_non_final": 129, "tokens_reasoning": 0, "tokens_response": 129, "elapsed_seconds": 8.200608730316162, "judgement": "Way off"}
{"id": "taxes_001045", "topic": "taxes", "subtopic": "pre_discount_tax", "prompt": "Cart: $7.00, $19.59, $22.19, $24.07, $59.04 with a 15% store discount. Local sales tax is 8.5% (tax calculated before discount). About how much is the total?", "exact_value": 123.32, "model": "qwen/qwen2.5-3b-instruct", "provider": "transformers", "response": "Final answer: 68.35", "numeric_answer": 68.35, "relative_error": 0.4457508919883231, "thinking_text": null, "has_tool_call": false, "tool_call": null, "usage": {"prompt_tokens": 131, "completion_tokens": 10, "total_tokens": 141, "token_count_source": "tokenizer"}, "decoding": {"temperature": 0.2, "top_p": null, "top_k": null, "max_tokens": 256, "seed": 42}, "prompt_tokens": 131, "completion_tokens": 10, "total_tokens": 141, "token_count_source": "tokenizer", "diffusion_steps": null, "flops_estimate": null, "flops_arch": null, "flops_model_params": null, "flops_active_params": null, "tokens_non_final": 3, "tokens_reasoning": 0, "tokens_response": 3, "elapsed_seconds": 0.3256821632385254, "judgement": "Mildly off"}
{"id": "taxes_001065", "topic": "taxes", "subtopic": "post_discount_tax", "prompt": "Cart: $30.65, $11.90, $49.60, $20.83 with a 15% store discount. Local sales tax is 6.0% (tax after discount). About how much is the total?", "exact_value": 101.79, "model": "qwen/qwen2.5-3b-instruct", "provider": "transformers", "response": "To solve this problem, we first apply the 15% store discount on each of the given prices:\n\n1. $30.65 becomes $30.65\n2. $11.90 becomes $11.90\n3. $49.60 becomes $49.60\n4. $20.83 becomes $20.83\n\nNext, we calculate the total amount by summing these discounted prices.\n\nTotal amount = $30.65 + $11.90 + $49.60 + $20.83\n\nNow, applying the local sales tax which is 6.0%, we add the total amount into the tax calculation.\n\nTotal amount after discount = Total amount + Total amount + Total amount + Total amount\n\nTotal amount after discount = Total amount + Total amount + Total amount + Total amount + Total amount + Total amount + Total amount + Total amount + Total amount + Total amount + Total amount + Total amount + Total amount + Total amount + Total amount + Total amount + Total amount + Total amount + Total amount + Total amount + Total amount + Total amount + Total amount + Total amount + Total amount + Total amount + Total", "numeric_answer": 15.0, "relative_error": 0.8526377836722664, "thinking_text": null, "has_tool_call": false, "tool_call": null, "usage": {"prompt_tokens": 124, "completion_tokens": 256, "total_tokens": 380, "token_count_source": "tokenizer"}, "decoding": {"temperature": 0.2, "top_p": null, "top_k": null, "max_tokens": 256, "seed": 42}, "prompt_tokens": 124, "completion_tokens": 256, "total_tokens": 380, "token_count_source": "tokenizer", "diffusion_steps": null, "flops_estimate": null, "flops_arch": null, "flops_model_params": null, "flops_active_params": null, "tokens_non_final": 172, "tokens_reasoning": 0, "tokens_response": 172, "elapsed_seconds": 8.208040952682495, "judgement": "Way off"}
{"id": "taxes_001085", "topic": "taxes", "subtopic": "pre_discount_tax", "prompt": "Cart: $51.75, $41.44, $42.58 with a 15% store discount. Local sales tax is 6.0% (tax calculated before discount). About how much is the total?", "exact_value": 123.55, "model": "qwen/qwen2.5-3b-instruct", "provider": "transformers", "response": "To solve this problem, we first apply the store discount to the total amount of $51.75, $41.44, and $42.58. The total amount before discount is:\n\nTotal before discount = $51.75 + $41.44 + $42.58\n\nTotal after discount = Total before discount multiplied by the discount factor.\n\nThe discount factor is 15%, meaning the total amount is reduced by 15% due to the store discount. \n\nAfter applying the discount, the total amount becomes:\n\nTotal after discount = Total before discount multiplied by (1 - 15%).\n\nLet's calculate the total after discount for each item:\n\n1. Total after discount for $51.75:\nTotal after discount = $51.75 multiplied by (1 - 15%).\n\n2. Total after discount for $41.44:\nTotal after discount = $41.44 multiplied by (1 - 15%).\n\n3. Total after discount for $42.58:\nTotal after discount = $42.58 multiplied by (1 - 15%).\n\nNow, let's compute these values numerically:\n\nTotal after discount for", "numeric_answer": 51.75, "relative_error": 0.5811412383650344, "thinking_text": null, "has_tool_call": false, "tool_call": null, "usage": {"prompt_tokens": 118, "completion_tokens": 256, "total_tokens": 374, "token_count_source": "tokenizer"}, "decoding": {"temperature": 0.2, "top_p": null, "top_k": null, "max_tokens": 256, "seed": 42}, "prompt_tokens": 118, "completion_tokens": 256, "total_tokens": 374, "token_count_source": "tokenizer", "diffusion_steps": null, "flops_estimate": null, "flops_arch": null, "flops_model_params": null, "flops_active_params": null, "tokens_non_final": 151, "tokens_reasoning": 0, "tokens_response": 151, "elapsed_seconds": 8.203712940216064, "judgement": "Mildly off"}
{"id": "taxes_001105", "topic": "taxes", "subtopic": "post_discount_tax", "prompt": "Cart: $35.89, $11.55 with a 15% store discount. Local sales tax is 6.0% (tax after discount). About how much is the total?", "exact_value": 42.74, "model": "qwen/qwen2.5-3b-instruct", "provider": "transformers", "response": "Final answer: 47.29", "numeric_answer": 47.29, "relative_error": 0.10645765091249408, "thinking_text": null, "has_tool_call": false, "tool_call": null, "usage": {"prompt_tokens": 110, "completion_tokens": 10, "total_tokens": 120, "token_count_source": "tokenizer"}, "decoding": {"temperature": 0.2, "top_p": null, "top_k": null, "max_tokens": 256, "seed": 42}, "prompt_tokens": 110, "completion_tokens": 10, "total_tokens": 120, "token_count_source": "tokenizer", "diffusion_steps": null, "flops_estimate": null, "flops_arch": null, "flops_model_params": null, "flops_active_params": null, "tokens_non_final": 3, "tokens_reasoning": 0, "tokens_response": 3, "elapsed_seconds": 0.3189404010772705, "judgement": "Good approximation"}
{"id": "taxes_001125", "topic": "taxes", "subtopic": "post_discount_tax", "prompt": "Cart: $33.29, $22.97, $51.18 with a 20% store discount. Local sales tax is 8.5% (tax after discount). About how much is the total?", "exact_value": 93.26, "model": "qwen/qwen2.5-3b-instruct", "provider": "transformers", "response": "Final answer: 46.57", "numeric_answer": 46.57, "relative_error": 0.500643362642076, "thinking_text": null, "has_tool_call": false, "tool_call": null, "usage": {"prompt_tokens": 117, "completion_tokens": 10, "total_tokens": 127, "token_count_source": "tokenizer"}, "decoding": {"temperature": 0.2, "top_p": null, "top_k": null, "max_tokens": 256, "seed": 42}, "prompt_tokens": 117, "completion_tokens": 10, "total_tokens": 127, "token_count_source": "tokenizer", "diffusion_steps": null, "flops_estimate": null, "flops_arch": null, "flops_model_params": null, "flops_active_params": null, "tokens_non_final": 3, "tokens_reasoning": 0, "tokens_response": 3, "elapsed_seconds": 0.3206937313079834, "judgement": "Mildly off"}
{"id": "taxes_001145", "topic": "taxes", "subtopic": "pre_discount_tax", "prompt": "Cart: $20.48, $7.68, $10.58, $20.51, $20.54 with a 10% store discount. Local sales tax is 7.5% (tax calculated before discount). About how much is the total?", "exact_value": 77.8, "model": "qwen/qwen2.5-3b-instruct", "provider": "transformers", "response": "Final answer: 10.58", "numeric_answer": 10.58, "relative_error": 0.8640102827763496, "thinking_text": null, "has_tool_call": false, "tool_call": null, "usage": {"prompt_tokens": 131, "completion_tokens": 10, "total_tokens": 141, "token_count_source": "tokenizer"}, "decoding": {"temperature": 0.2, "top_p": null, "top_k": null, "max_tokens": 256, "seed": 42}, "prompt_tokens": 131, "completion_tokens": 10, "total_tokens": 141, "token_count_source": "tokenizer", "diffusion_steps": null, "flops_estimate": null, "flops_arch": null, "flops_model_params": null, "flops_active_params": null, "tokens_non_final": 3, "tokens_reasoning": 0, "tokens_response": 3, "elapsed_seconds": 0.32263851165771484, "judgement": "Way off"}
{"id": "taxes_001165", "topic": "taxes", "subtopic": "post_discount_tax", "prompt": "Cart: $14.32, $41.58 with a 20% store discount. Local sales tax is 8.0% (tax after discount). About how much is the total?", "exact_value": 48.3, "model": "qwen/qwen2.5-3b-instruct", "provider": "transformers", "response": "Final answer: 16.79", "numeric_answer": 16.79, "relative_error": 0.6523809523809524, "thinking_text": null, "has_tool_call": false, "tool_call": null, "usage": {"prompt_tokens": 110, "completion_tokens": 10, "total_tokens": 120, "token_count_source": "tokenizer"}, "decoding": {"temperature": 0.2, "top_p": null, "top_k": null, "max_tokens": 256, "seed": 42}, "prompt_tokens": 110, "completion_tokens": 10, "total_tokens": 120, "token_count_source": "tokenizer", "diffusion_steps": null, "flops_estimate": null, "flops_arch": null, "flops_model_params": null, "flops_active_params": null, "tokens_non_final": 3, "tokens_reasoning": 0, "tokens_response": 3, "elapsed_seconds": 0.3192331790924072, "judgement": "Way off"}
{"id": "taxes_001185", "topic": "taxes", "subtopic": "pre_discount_tax", "prompt": "Cart: $17.11, $15.84 with a 15% store discount. Local sales tax is 6.0% (tax calculated before discount). About how much is the total?", "exact_value": 29.98, "model": "qwen/qwen2.5-3b-instruct", "provider": "transformers", "response": "To solve this problem, we need to follow these steps:\n\n1. Calculate the total after applying the discount.\n2. Apply the local sales tax.\n\nFirst, let's calculate the total after applying the discount:\n\n1. The original price of the item is $17.11, and the discounted price is $15.84.\n2. The discount percentage is 15%.\n\nThe total price after discount can be calculated as follows:\n\nTotal price = $15.84\n\nNext, apply the local sales tax:\n\n1. The local sales tax rate is 6.0%.\n2. The total price after discount is $15.84.\n\nThe total price after applying both the discount and the sales tax can be calculated as follows:\n\nTotal price = $15.84\n\nLet's calculate the total price after applying the discount and then adding the sales tax:\n\nTotal price = $15.84\n\nTotal price = $15.84\n\nTotal price = $15.84\n\nTotal price = $15.84\n\nTotal price = $15.84\n\nTotal price = $15.84\n\nTotal price = $15.84\n\nTotal price =", "numeric_answer": 1.0, "relative_error": 0.9666444296197465, "thinking_text": null, "has_tool_call": false, "tool_call": null, "usage": {"prompt_tokens": 111, "completion_tokens": 256, "total_tokens": 367, "token_count_source": "tokenizer"}, "decoding": {"temperature": 0.2, "top_p": null, "top_k": null, "max_tokens": 256, "seed": 42}, "prompt_tokens": 111, "completion_tokens": 256, "total_tokens": 367, "token_count_source": "tokenizer", "diffusion_steps": null, "flops_estimate": null, "flops_arch": null, "flops_model_params": null, "flops_active_params": null, "tokens_non_final": 157, "tokens_reasoning": 0, "tokens_response": 157, "elapsed_seconds": 8.21941351890564, "judgement": "Way off"}
{"id": "taxes_001205", "topic": "taxes", "subtopic": "pre_discount_tax", "prompt": "Cart: $16.90, $53.37, $54.66, $11.44, $18.23 with a 20% store discount. Local sales tax is 8.0% (tax calculated before discount). About how much is the total?", "exact_value": 136.05, "model": "qwen/qwen2.5-3b-instruct", "provider": "transformers", "response": "Final answer: 16.90\nExplanation:\nThe first item listed ($16.90) is not affected by the discount because it is the base price before the discount is applied. The other items ($53.37, $54.66, $11.44, $18.23) are part of the discounted list. Since the total is only affected by the items that have the discount applied, we use the original price of the first item as the total amount. The local sales tax is applied after the discount, but since the total amount is only influenced by the discounted items, we do not include the tax in our calculation. Therefore, the total amount is simply the first item's price, which is $16.90.", "numeric_answer": 16.9, "relative_error": 0.8757809628812936, "thinking_text": null, "has_tool_call": false, "tool_call": null, "usage": {"prompt_tokens": 132, "completion_tokens": 164, "total_tokens": 296, "token_count_source": "tokenizer"}, "decoding": {"temperature": 0.2, "top_p": null, "top_k": null, "max_tokens": 256, "seed": 42}, "prompt_tokens": 132, "completion_tokens": 164, "total_tokens": 296, "token_count_source": "tokenizer", "diffusion_steps": null, "flops_estimate": null, "flops_arch": null, "flops_model_params": null, "flops_active_params": null, "tokens_non_final": 109, "tokens_reasoning": 0, "tokens_response": 109, "elapsed_seconds": 5.25488018989563, "judgement": "Way off"}
{"id": "taxes_001225", "topic": "taxes", "subtopic": "pre_discount_tax", "prompt": "Cart: $48.12, $37.76, $8.24 with a 10% store discount. Local sales tax is 8.5% (tax calculated before discount). About how much is the total?", "exact_value": 92.71, "model": "qwen/qwen2.5-3b-instruct", "provider": "transformers", "response": "Final answer: 48.12", "numeric_answer": 48.12, "relative_error": 0.4809621400064718, "thinking_text": null, "has_tool_call": false, "tool_call": null, "usage": {"prompt_tokens": 117, "completion_tokens": 10, "total_tokens": 127, "token_count_source": "tokenizer"}, "decoding": {"temperature": 0.2, "top_p": null, "top_k": null, "max_tokens": 256, "seed": 42}, "prompt_tokens": 117, "completion_tokens": 10, "total_tokens": 127, "token_count_source": "tokenizer", "diffusion_steps": null, "flops_estimate": null, "flops_arch": null, "flops_model_params": null, "flops_active_params": null, "tokens_non_final": 3, "tokens_reasoning": 0, "tokens_response": 3, "elapsed_seconds": 0.329056978225708, "judgement": "Mildly off"}
{"id": "taxes_001245", "topic": "taxes", "subtopic": "post_discount_tax", "prompt": "Cart: $16.15, $46.13, $29.68, $11.10 with a 20% store discount. Local sales tax is 8.0% (tax after discount). About how much is the total?", "exact_value": 89.04, "model": "qwen/qwen2.5-3b-instruct", "provider": "transformers", "response": "Final answer: 16.15", "numeric_answer": 16.15, "relative_error": 0.8186208445642409, "thinking_text": null, "has_tool_call": false, "tool_call": null, "usage": {"prompt_tokens": 124, "completion_tokens": 10, "total_tokens": 134, "token_count_source": "tokenizer"}, "decoding": {"temperature": 0.2, "top_p": null, "top_k": null, "max_tokens": 256, "seed": 42}, "prompt_tokens": 124, "completion_tokens": 10, "total_tokens": 134, "token_count_source": "tokenizer", "diffusion_steps": null, "flops_estimate": null, "flops_arch": null, "flops_model_params": null, "flops_active_params": null, "tokens_non_final": 3, "tokens_reasoning": 0, "tokens_response": 3, "elapsed_seconds": 0.32074880599975586, "judgement": "Way off"}
{"id": "taxes_001265", "topic": "taxes", "subtopic": "pre_discount_tax", "prompt": "Cart: $5.07, $49.02, $21.35, $52.81. Local sales tax is 8.5% (tax calculated before discount). About how much is the total?", "exact_value": 139.15, "model": "qwen/qwen2.5-3b-instruct", "provider": "transformers", "response": "Final answer: 6.5779", "numeric_answer": 6.5779, "relative_error": 0.9527279913762128, "thinking_text": null, "has_tool_call": false, "tool_call": null, "usage": {"prompt_tokens": 116, "completion_tokens": 11, "total_tokens": 127, "token_count_source": "tokenizer"}, "decoding": {"temperature": 0.2, "top_p": null, "top_k": null, "max_tokens": 256, "seed": 42}, "prompt_tokens": 116, "completion_tokens": 11, "total_tokens": 127, "token_count_source": "tokenizer", "diffusion_steps": null, "flops_estimate": null, "flops_arch": null, "flops_model_params": null, "flops_active_params": null, "tokens_non_final": 3, "tokens_reasoning": 0, "tokens_response": 3, "elapsed_seconds": 0.34969139099121094, "judgement": "Way off"}
{"id": "taxes_001285", "topic": "taxes", "subtopic": "pre_discount_tax", "prompt": "Cart: $23.28, $56.47 with a 10% store discount. Local sales tax is 7.0% (tax calculated before discount). About how much is the total?", "exact_value": 77.36, "model": "qwen/qwen2.5-3b-instruct", "provider": "transformers", "response": "Final answer: 29.46", "numeric_answer": 29.46, "relative_error": 0.6191830403309203, "thinking_text": null, "has_tool_call": false, "tool_call": null, "usage": {"prompt_tokens": 111, "completion_tokens": 10, "total_tokens": 121, "token_count_source": "tokenizer"}, "decoding": {"temperature": 0.2, "top_p": null, "top_k": null, "max_tokens": 256, "seed": 42}, "prompt_tokens": 111, "completion_tokens": 10, "total_tokens": 121, "token_count_source": "tokenizer", "diffusion_steps": null, "flops_estimate": null, "flops_arch": null, "flops_model_params": null, "flops_active_params": null, "tokens_non_final": 3, "tokens_reasoning": 0, "tokens_response": 3, "elapsed_seconds": 0.3195643424987793, "judgement": "Way off"}
{"id": "taxes_001305", "topic": "taxes", "subtopic": "post_discount_tax", "prompt": "Cart: $32.63, $47.64, $21.83, $42.07. Local sales tax is 7.5% (tax after discount). About how much is the total?", "exact_value": 154.98, "model": "qwen/qwen2.5-3b-instruct", "provider": "transformers", "response": "Final answer: 32.63\nFinal answer: 47.64\nFinal answer: 21.83\nFinal answer: 42.07\n\nTo calculate the total amount with the local sales tax of 7.5%, we need to apply the tax to each item individually:\n\n1. For $32.63:\n   - Original price: $32.63\n   - Tax amount: $32.63 × 7.5%\n2. For $47.64:\n   - Original price: $47.64\n   - Tax amount: $47.64 × 7.5%\n3. For $21.83:\n   - Original price: $21.83\n   - Tax amount: $21.83 × 7.5%\n4. For $42.07:\n   - Original price: $42.07\n   - Tax amount: $42.07 × 7.5%\n\nThe total sum of these amounts without tax is $32.63 + $47.64 + $21.83 + $42", "numeric_answer": 32.63, "relative_error": 0.7894567040908504, "thinking_text": null, "has_tool_call": false, "tool_call": null, "usage": {"prompt_tokens": 116, "completion_tokens": 256, "total_tokens": 372, "token_count_source": "tokenizer"}, "decoding": {"temperature": 0.2, "top_p": null, "top_k": null, "max_tokens": 256, "seed": 42}, "prompt_tokens": 116, "completion_tokens": 256, "total_tokens": 372, "token_count_source": "tokenizer", "diffusion_steps": null, "flops_estimate": null, "flops_arch": null, "flops_model_params": null, "flops_active_params": null, "tokens_non_final": 102, "tokens_reasoning": 0, "tokens_response": 102, "elapsed_seconds": 8.187867164611816, "judgement": "Way off"}
{"id": "taxes_001325", "topic": "taxes", "subtopic": "pre_discount_tax", "prompt": "Cart: $22.61, $14.17, $36.73, $21.75, $44.86 with a 15% store discount. Local sales tax is 8.5% (tax calculated before discount). About how much is the total?", "exact_value": 131.01, "model": "qwen/qwen2.5-3b-instruct", "provider": "transformers", "response": "To solve this problem, we'll follow these steps:\n\n1. Calculate the total price of the items before the discount.\n2. Apply the 15% store discount.\n3. Calculate the local sales tax on the discounted total.\n\nFirst, let's sum up the prices:\n\n$22.61 + $14.17 + $36.73 + $21.75 + $44.86\n\nTotal price before discount: $22.61 + $14.17 + $36.73 + $21.75 + $44.86 = $200.00\n\nNext, apply the 15% store discount:\n\nTotal price after discount: $200.00 - 15%\n\nTotal price after discount: $200.00 - 15% = $200.00 - 15% = $200.00 - 15% = $200.00 - 15% = $200.00 - 15% = $200.00 - 15%\n\nTotal price after discount: $2", "numeric_answer": 1.0, "relative_error": 0.9923669948858865, "thinking_text": null, "has_tool_call": false, "tool_call": null, "usage": {"prompt_tokens": 132, "completion_tokens": 256, "total_tokens": 388, "token_count_source": "tokenizer"}, "decoding": {"temperature": 0.2, "top_p": null, "top_k": null, "max_tokens": 256, "seed": 42}, "prompt_tokens": 132, "completion_tokens": 256, "total_tokens": 388, "token_count_source": "tokenizer", "diffusion_steps": null, "flops_estimate": null, "flops_arch": null, "flops_model_params": null, "flops_active_params": null, "tokens_non_final": 110, "tokens_reasoning": 0, "tokens_response": 110, "elapsed_seconds": 8.199161529541016, "judgement": "Way off"}
{"id": "units_000127", "topic": "units", "subtopic": "kg_g", "prompt": "An item costs $13.16 per kg. You take 500 g. About how much is that?", "exact_value": 6.58, "model": "qwen/qwen2.5-3b-instruct", "provider": "transformers", "response": "Final answer: 13.16", "numeric_answer": 13.16, "relative_error": 1.0, "thinking_text": null, "has_tool_call": false, "tool_call": null, "usage": {"prompt_tokens": 91, "completion_tokens": 10, "total_tokens": 101, "token_count_source": "tokenizer"}, "decoding": {"temperature": 0.2, "top_p": null, "top_k": null, "max_tokens": 256, "seed": 42}, "prompt_tokens": 91, "completion_tokens": 10, "total_tokens": 101, "token_count_source": "tokenizer", "diffusion_steps": null, "flops_estimate": null, "flops_arch": null, "flops_model_params": null, "flops_active_params": null, "tokens_non_final": 3, "tokens_reasoning": 0, "tokens_response": 3, "elapsed_seconds": 0.31997132301330566, "judgement": "Way off"}
{"id": "units_000147", "topic": "units", "subtopic": "kg_g", "prompt": "An item costs $9.68 per kg. You take 500 g. About how much is that?", "exact_value": 4.84, "model": "qwen/qwen2.5-3b-instruct", "provider": "transformers", "response": "Final answer: 9.68", "numeric_answer": 9.68, "relative_error": 1.0, "thinking_text": null, "has_tool_call": false, "tool_call": null, "usage": {"prompt_tokens": 90, "completion_tokens": 9, "total_tokens": 99, "token_count_source": "tokenizer"}, "decoding": {"temperature": 0.2, "top_p": null, "top_k": null, "max_tokens": 256, "seed": 42}, "prompt_tokens": 90, "completion_tokens": 9, "total_tokens": 99, "token_count_source": "tokenizer", "diffusion_steps": null, "flops_estimate": null, "flops_arch": null, "flops_model_params": null, "flops_active_params": null, "tokens_non_final": 3, "tokens_reasoning": 0, "tokens_response": 3, "elapsed_seconds": 0.2888946533203125, "judgement": "Way off"}
{"id": "units_000167", "topic": "units", "subtopic": "lb_oz", "prompt": "You buy 5.37 lb at $7.71 per lb. About how much is that total?", "exact_value": 41.4, "model": "qwen/qwen2.5-3b-instruct", "provider": "transformers", "response": "Final answer: 7.71", "numeric_answer": 7.71, "relative_error": 0.8137681159420289, "thinking_text": null, "has_tool_call": false, "tool_call": null, "usage": {"prompt_tokens": 89, "completion_tokens": 9, "total_tokens": 98, "token_count_source": "tokenizer"}, "decoding": {"temperature": 0.2, "top_p": null, "top_k": null, "max_tokens": 256, "seed": 42}, "prompt_tokens": 89, "completion_tokens": 9, "total_tokens": 98, "token_count_source": "tokenizer", "diffusion_steps": null, "flops_estimate": null, "flops_arch": null, "flops_model_params": null, "flops_active_params": null, "tokens_non_final": 3, "tokens_reasoning": 0, "tokens_response": 3, "elapsed_seconds": 0.2863430976867676, "judgement": "Way off"}
{"id": "units_000187", "topic": "units", "subtopic": "kg_g", "prompt": "An item costs $7.01 per kg. You take 300 g. About how much is that?", "exact_value": 2.1, "model": "qwen/qwen2.5-3b-instruct", "provider": "transformers", "response": "Final answer: 7.01", "numeric_answer": 7.01, "relative_error": 2.3380952380952382, "thinking_text": null, "has_tool_call": false, "tool_call": null, "usage": {"prompt_tokens": 90, "completion_tokens": 9, "total_tokens": 99, "token_count_source": "tokenizer"}, "decoding": {"temperature": 0.2, "top_p": null, "top_k": null, "max_tokens": 256, "seed": 42}, "prompt_tokens": 90, "completion_tokens": 9, "total_tokens": 99, "token_count_source": "tokenizer", "diffusion_steps": null, "flops_estimate": null, "flops_arch": null, "flops_model_params": null, "flops_active_params": null, "tokens_non_final": 3, "tokens_reasoning": 0, "tokens_response": 3, "elapsed_seconds": 0.28931713104248047, "judgement": "Way off"}
{"id": "units_000207", "topic": "units", "subtopic": "kg_g", "prompt": "An item costs $19.14 per kg. You take 350 g. About how much is that?", "exact_value": 6.7, "model": "qwen/qwen2.5-3b-instruct", "provider": "transformers", "response": "Final answer: 19.14", "numeric_answer": 19.14, "relative_error": 1.8567164179104478, "thinking_text": null, "has_tool_call": false, "tool_call": null, "usage": {"prompt_tokens": 91, "completion_tokens": 10, "total_tokens": 101, "token_count_source": "tokenizer"}, "decoding": {"temperature": 0.2, "top_p": null, "top_k": null, "max_tokens": 256, "seed": 42}, "prompt_tokens": 91, "completion_tokens": 10, "total_tokens": 101, "token_count_source": "tokenizer", "diffusion_steps": null, "flops_estimate": null, "flops_arch": null, "flops_model_params": null, "flops_active_params": null, "tokens_non_final": 3, "tokens_reasoning": 0, "tokens_response": 3, "elapsed_seconds": 0.33721280097961426, "judgement": "Way off"}
{"id": "units_000227", "topic": "units", "subtopic": "lb_oz", "prompt": "You buy 4.2 lb at $8.05 per lb. About how much is that total?", "exact_value": 33.81, "model": "qwen/qwen2.5-3b-instruct", "provider": "transformers", "response": "Final answer: 8.05", "numeric_answer": 8.05, "relative_error": 0.7619047619047619, "thinking_text": null, "has_tool_call": false, "tool_call": null, "usage": {"prompt_tokens": 88, "completion_tokens": 9, "total_tokens": 97, "token_count_source": "tokenizer"}, "decoding": {"temperature": 0.2, "top_p": null, "top_k": null, "max_tokens": 256, "seed": 42}, "prompt_tokens": 88, "completion_tokens": 9, "total_tokens": 97, "token_count_source": "tokenizer", "diffusion_steps": null, "flops_estimate": null, "flops_arch": null, "flops_model_params": null, "flops_active_params": null, "tokens_non_final": 3, "tokens_reasoning": 0, "tokens_response": 3, "elapsed_seconds": 0.28809666633605957, "judgement": "Way off"}
{"id": "units_000247", "topic": "units", "subtopic": "lb_oz", "prompt": "You buy 1.27 lb at $10.60 per lb. About how much is that total?", "exact_value": 13.46, "model": "qwen/qwen2.5-3b-instruct", "provider": "transformers", "response": "Final answer: 10.60", "numeric_answer": 10.6, "relative_error": 0.21248142644873708, "thinking_text": null, "has_tool_call": false, "tool_call": null, "usage": {"prompt_tokens": 90, "completion_tokens": 10, "total_tokens": 100, "token_count_source": "tokenizer"}, "decoding": {"temperature": 0.2, "top_p": null, "top_k": null, "max_tokens": 256, "seed": 42}, "prompt_tokens": 90, "completion_tokens": 10, "total_tokens": 100, "token_count_source": "tokenizer", "diffusion_steps": null, "flops_estimate": null, "flops_arch": null, "flops_model_params": null, "flops_active_params": null, "tokens_non_final": 3, "tokens_reasoning": 0, "tokens_response": 3, "elapsed_seconds": 0.32233238220214844, "judgement": "Mildly off"}
{"id": "units_000267", "topic": "units", "subtopic": "kg_g", "prompt": "An item costs $16.62 per kg. You take 250 g. About how much is that?", "exact_value": 4.16, "model": "qwen/qwen2.5-3b-instruct", "provider": "transformers", "response": "Final answer: 16.62", "numeric_answer": 16.62, "relative_error": 2.995192307692308, "thinking_text": null, "has_tool_call": false, "tool_call": null, "usage": {"prompt_tokens": 91, "completion_tokens": 10, "total_tokens": 101, "token_count_source": "tokenizer"}, "decoding": {"temperature": 0.2, "top_p": null, "top_k": null, "max_tokens": 256, "seed": 42}, "prompt_tokens": 91, "completion_tokens": 10, "total_tokens": 101, "token_count_source": "tokenizer", "diffusion_steps": null, "flops_estimate": null, "flops_arch": null, "flops_model_params": null, "flops_active_params": null, "tokens_non_final": 3, "tokens_reasoning": 0, "tokens_response": 3, "elapsed_seconds": 0.31969356536865234, "judgement": "Way off"}
{"id": "units_000287", "topic": "units", "subtopic": "kg_g", "prompt": "An item costs $4.52 per kg. You take 750 g. About how much is that?", "exact_value": 3.39, "model": "qwen/qwen2.5-3b-instruct", "provider": "transformers", "response": "Final answer: 4.52", "numeric_answer": 4.52, "relative_error": 0.33333333333333315, "thinking_text": null, "has_tool_call": false, "tool_call": null, "usage": {"prompt_tokens": 90, "completion_tokens": 9, "total_tokens": 99, "token_count_source": "tokenizer"}, "decoding": {"temperature": 0.2, "top_p": null, "top_k": null, "max_tokens": 256, "seed": 42}, "prompt_tokens": 90, "completion_tokens": 9, "total_tokens": 99, "token_count_source": "tokenizer", "diffusion_steps": null, "flops_estimate": null, "flops_arch": null, "flops_model_params": null, "flops_active_params": null, "tokens_non_final": 3, "tokens_reasoning": 0, "tokens_response": 3, "elapsed_seconds": 0.2865126132965088, "judgement": "Mildly off"}
{"id": "units_000307", "topic": "units", "subtopic": "lb_oz", "prompt": "You buy 4.54 lb at $6.92 per lb. About how much is that total?", "exact_value": 31.42, "model": "qwen/qwen2.5-3b-instruct", "provider": "transformers", "response": "Final answer: 6.92", "numeric_answer": 6.92, "relative_error": 0.7797581158497772, "thinking_text": null, "has_tool_call": false, "tool_call": null, "usage": {"prompt_tokens": 89, "completion_tokens": 9, "total_tokens": 98, "token_count_source": "tokenizer"}, "decoding": {"temperature": 0.2, "top_p": null, "top_k": null, "max_tokens": 256, "seed": 42}, "prompt_tokens": 89, "completion_tokens": 9, "total_tokens": 98, "token_count_source": "tokenizer", "diffusion_steps": null, "flops_estimate": null, "flops_arch": null, "flops_model_params": null, "flops_active_params": null, "tokens_non_final": 3, "tokens_reasoning": 0, "tokens_response": 3, "elapsed_seconds": 0.288041353225708, "judgement": "Way off"}
{"id": "units_000327", "topic": "units", "subtopic": "lb_oz", "prompt": "You buy 3.49 lb at $9.52 per lb. About how much is that total?", "exact_value": 33.22, "model": "qwen/qwen2.5-3b-instruct", "provider": "transformers", "response": "Final answer: 18.760000000000000", "numeric_answer": 18.76, "relative_error": 0.4352799518362432, "thinking_text": null, "has_tool_call": false, "tool_call": null, "usage": {"prompt_tokens": 89, "completion_tokens": 23, "total_tokens": 112, "token_count_source": "tokenizer"}, "decoding": {"temperature": 0.2, "top_p": null, "top_k": null, "max_tokens": 256, "seed": 42}, "prompt_tokens": 89, "completion_tokens": 23, "total_tokens": 112, "token_count_source": "tokenizer", "diffusion_steps": null, "flops_estimate": null, "flops_arch": null, "flops_model_params": null, "flops_active_params": null, "tokens_non_final": 3, "tokens_reasoning": 0, "tokens_response": 3, "elapsed_seconds": 0.7360029220581055, "judgement": "Mildly off"}
{"id": "units_000347", "topic": "units", "subtopic": "lb_oz", "prompt": "You buy 3.01 lb at $10.95 per lb. About how much is that total?", "exact_value": 32.96, "model": "qwen/qwen2.5-3b-instruct", "provider": "transformers", "response": "Final answer: 10.95", "numeric_answer": 10.95, "relative_error": 0.6677791262135923, "thinking_text": null, "has_tool_call": false, "tool_call": null, "usage": {"prompt_tokens": 90, "completion_tokens": 10, "total_tokens": 100, "token_count_source": "tokenizer"}, "decoding": {"temperature": 0.2, "top_p": null, "top_k": null, "max_tokens": 256, "seed": 42}, "prompt_tokens": 90, "completion_tokens": 10, "total_tokens": 100, "token_count_source": "tokenizer", "diffusion_steps": null, "flops_estimate": null, "flops_arch": null, "flops_model_params": null, "flops_active_params": null, "tokens_non_final": 3, "tokens_reasoning": 0, "tokens_response": 3, "elapsed_seconds": 0.3196735382080078, "judgement": "Way off"}
{"id": "units_000367", "topic": "units", "subtopic": "lb_oz", "prompt": "You buy 3.8 lb at $7.49 per lb. About how much is that total?", "exact_value": 28.46, "model": "qwen/qwen2.5-3b-instruct", "provider": "transformers", "response": "Final answer: 25.600000000000001", "numeric_answer": 25.6, "relative_error": 0.10049191848208008, "thinking_text": null, "has_tool_call": false, "tool_call": null, "usage": {"prompt_tokens": 88, "completion_tokens": 23, "total_tokens": 111, "token_count_source": "tokenizer"}, "decoding": {"temperature": 0.2, "top_p": null, "top_k": null, "max_tokens": 256, "seed": 42}, "prompt_tokens": 88, "completion_tokens": 23, "total_tokens": 111, "token_count_source": "tokenizer", "diffusion_steps": null, "flops_estimate": null, "flops_arch": null, "flops_model_params": null, "flops_active_params": null, "tokens_non_final": 3, "tokens_reasoning": 0, "tokens_response": 3, "elapsed_seconds": 0.7318503856658936, "judgement": "Good approximation"}
{"id": "units_000387", "topic": "units", "subtopic": "lb_oz", "prompt": "You buy 4.21 lb at $6.38 per lb. About how much is that total?", "exact_value": 26.86, "model": "qwen/qwen2.5-3b-instruct", "provider": "transformers", "response": "Final answer: 6.38", "numeric_answer": 6.38, "relative_error": 0.7624720774385704, "thinking_text": null, "has_tool_call": false, "tool_call": null, "usage": {"prompt_tokens": 89, "completion_tokens": 9, "total_tokens": 98, "token_count_source": "tokenizer"}, "decoding": {"temperature": 0.2, "top_p": null, "top_k": null, "max_tokens": 256, "seed": 42}, "prompt_tokens": 89, "completion_tokens": 9, "total_tokens": 98, "token_count_source": "tokenizer", "diffusion_steps": null, "flops_estimate": null, "flops_arch": null, "flops_model_params": null, "flops_active_params": null, "tokens_non_final": 3, "tokens_reasoning": 0, "tokens_response": 3, "elapsed_seconds": 0.2883598804473877, "judgement": "Way off"}
{"id": "units_000407", "topic": "units", "subtopic": "lb_oz", "prompt": "You buy 0.85 lb at $12.01 per lb. About how much is that total?", "exact_value": 10.21, "model": "qwen/qwen2.5-3b-instruct", "provider": "transformers", "response": "Final answer: 12.01", "numeric_answer": 12.01, "relative_error": 0.17629774730656209, "thinking_text": null, "has_tool_call": false, "tool_call": null, "usage": {"prompt_tokens": 90, "completion_tokens": 10, "total_tokens": 100, "token_count_source": "tokenizer"}, "decoding": {"temperature": 0.2, "top_p": null, "top_k": null, "max_tokens": 256, "seed": 42}, "prompt_tokens": 90, "completion_tokens": 10, "total_tokens": 100, "token_count_source": "tokenizer", "diffusion_steps": null, "flops_estimate": null, "flops_arch": null, "flops_model_params": null, "flops_active_params": null, "tokens_non_final": 3, "tokens_reasoning": 0, "tokens_response": 3, "elapsed_seconds": 0.3183577060699463, "judgement": "Good approximation"}
{"id": "units_000427", "topic": "units", "subtopic": "kg_g", "prompt": "An item costs $11.43 per kg. You take 400 g. About how much is that?", "exact_value": 4.57, "model": "qwen/qwen2.5-3b-instruct", "provider": "transformers", "response": "Final answer: 11.43", "numeric_answer": 11.43, "relative_error": 1.5010940919037197, "thinking_text": null, "has_tool_call": false, "tool_call": null, "usage": {"prompt_tokens": 91, "completion_tokens": 10, "total_tokens": 101, "token_count_source": "tokenizer"}, "decoding": {"temperature": 0.2, "top_p": null, "top_k": null, "max_tokens": 256, "seed": 42}, "prompt_tokens": 91, "completion_tokens": 10, "total_tokens": 101, "token_count_source": "tokenizer", "diffusion_steps": null, "flops_estimate": null, "flops_arch": null, "flops_model_params": null, "flops_active_params": null, "tokens_non_final": 3, "tokens_reasoning": 0, "tokens_response": 3, "elapsed_seconds": 0.32088184356689453, "judgement": "Way off"}
{"id": "units_000447", "topic": "units", "subtopic": "lb_oz", "prompt": "You buy 3.87 lb at $13.72 per lb. About how much is that total?", "exact_value": 53.1, "model": "qwen/qwen2.5-3b-instruct", "provider": "transformers", "response": "Final answer: 14.0598", "numeric_answer": 14.0598, "relative_error": 0.7352203389830508, "thinking_text": null, "has_tool_call": false, "tool_call": null, "usage": {"prompt_tokens": 90, "completion_tokens": 12, "total_tokens": 102, "token_count_source": "tokenizer"}, "decoding": {"temperature": 0.2, "top_p": null, "top_k": null, "max_tokens": 256, "seed": 42}, "prompt_tokens": 90, "completion_tokens": 12, "total_tokens": 102, "token_count_source": "tokenizer", "diffusion_steps": null, "flops_estimate": null, "flops_arch": null, "flops_model_params": null, "flops_active_params": null, "tokens_non_final": 3, "tokens_reasoning": 0, "tokens_response": 3, "elapsed_seconds": 0.3837299346923828, "judgement": "Way off"}
{"id": "units_000467", "topic": "units", "subtopic": "lb_oz", "prompt": "You buy 0.68 lb at $7.36 per lb. About how much is that total?", "exact_value": 5.0, "model": "qwen/qwen2.5-3b-instruct", "provider": "transformers", "response": "Final answer: 7.36", "numeric_answer": 7.36, "relative_error": 0.4720000000000001, "thinking_text": null, "has_tool_call": false, "tool_call": null, "usage": {"prompt_tokens": 89, "completion_tokens": 9, "total_tokens": 98, "token_count_source": "tokenizer"}, "decoding": {"temperature": 0.2, "top_p": null, "top_k": null, "max_tokens": 256, "seed": 42}, "prompt_tokens": 89, "completion_tokens": 9, "total_tokens": 98, "token_count_source": "tokenizer", "diffusion_steps": null, "flops_estimate": null, "flops_arch": null, "flops_model_params": null, "flops_active_params": null, "tokens_non_final": 3, "tokens_reasoning": 0, "tokens_response": 3, "elapsed_seconds": 0.28968000411987305, "judgement": "Mildly off"}
{"id": "units_000487", "topic": "units", "subtopic": "lb_oz", "prompt": "You buy 4.95 lb at $8.57 per lb. About how much is that total?", "exact_value": 42.42, "model": "qwen/qwen2.5-3b-instruct", "provider": "transformers", "response": "Final answer: 8.57", "numeric_answer": 8.57, "relative_error": 0.797972654408298, "thinking_text": null, "has_tool_call": false, "tool_call": null, "usage": {"prompt_tokens": 89, "completion_tokens": 9, "total_tokens": 98, "token_count_source": "tokenizer"}, "decoding": {"temperature": 0.2, "top_p": null, "top_k": null, "max_tokens": 256, "seed": 42}, "prompt_tokens": 89, "completion_tokens": 9, "total_tokens": 98, "token_count_source": "tokenizer", "diffusion_steps": null, "flops_estimate": null, "flops_arch": null, "flops_model_params": null, "flops_active_params": null, "tokens_non_final": 3, "tokens_reasoning": 0, "tokens_response": 3, "elapsed_seconds": 0.2870001792907715, "judgement": "Way off"}
{"id": "units_000507", "topic": "units", "subtopic": "lb_oz", "prompt": "You buy 0.55 lb at $7.62 per lb. About how much is that total?", "exact_value": 4.19, "model": "qwen/qwen2.5-3b-instruct", "provider": "transformers", "response": "Final answer: 7.62", "numeric_answer": 7.62, "relative_error": 0.818615751789976, "thinking_text": null, "has_tool_call": false, "tool_call": null, "usage": {"prompt_tokens": 89, "completion_tokens": 9, "total_tokens": 98, "token_count_source": "tokenizer"}, "decoding": {"temperature": 0.2, "top_p": null, "top_k": null, "max_tokens": 256, "seed": 42}, "prompt_tokens": 89, "completion_tokens": 9, "total_tokens": 98, "token_count_source": "tokenizer", "diffusion_steps": null, "flops_estimate": null, "flops_arch": null, "flops_model_params": null, "flops_active_params": null, "tokens_non_final": 3, "tokens_reasoning": 0, "tokens_response": 3, "elapsed_seconds": 0.287156343460083, "judgement": "Way off"}
{"id": "units_000527", "topic": "units", "subtopic": "kg_g", "prompt": "An item costs $6.70 per kg. You take 750 g. About how much is that?", "exact_value": 5.03, "model": "qwen/qwen2.5-3b-instruct", "provider": "transformers", "response": "Final answer: 6.70", "numeric_answer": 6.7, "relative_error": 0.33200795228628227, "thinking_text": null, "has_tool_call": false, "tool_call": null, "usage": {"prompt_tokens": 90, "completion_tokens": 9, "total_tokens": 99, "token_count_source": "tokenizer"}, "decoding": {"temperature": 0.2, "top_p": null, "top_k": null, "max_tokens": 256, "seed": 42}, "prompt_tokens": 90, "completion_tokens": 9, "total_tokens": 99, "token_count_source": "tokenizer", "diffusion_steps": null, "flops_estimate": null, "flops_arch": null, "flops_model_params": null, "flops_active_params": null, "tokens_non_final": 3, "tokens_reasoning": 0, "tokens_response": 3, "elapsed_seconds": 0.28783154487609863, "judgement": "Mildly off"}
{"id": "units_000547", "topic": "units", "subtopic": "kg_g", "prompt": "An item costs $7.37 per kg. You take 350 g. About how much is that?", "exact_value": 2.58, "model": "qwen/qwen2.5-3b-instruct", "provider": "transformers", "response": "Final answer: 7.37", "numeric_answer": 7.37, "relative_error": 1.8565891472868217, "thinking_text": null, "has_tool_call": false, "tool_call": null, "usage": {"prompt_tokens": 90, "completion_tokens": 9, "total_tokens": 99, "token_count_source": "tokenizer"}, "decoding": {"temperature": 0.2, "top_p": null, "top_k": null, "max_tokens": 256, "seed": 42}, "prompt_tokens": 90, "completion_tokens": 9, "total_tokens": 99, "token_count_source": "tokenizer", "diffusion_steps": null, "flops_estimate": null, "flops_arch": null, "flops_model_params": null, "flops_active_params": null, "tokens_non_final": 3, "tokens_reasoning": 0, "tokens_response": 3, "elapsed_seconds": 0.28769946098327637, "judgement": "Way off"}
{"id": "units_000567", "topic": "units", "subtopic": "kg_g", "prompt": "An item costs $10.70 per kg. You take 900 g. About how much is that?", "exact_value": 9.63, "model": "qwen/qwen2.5-3b-instruct", "provider": "transformers", "response": "Final answer: 10.70", "numeric_answer": 10.7, "relative_error": 0.11111111111111095, "thinking_text": null, "has_tool_call": false, "tool_call": null, "usage": {"prompt_tokens": 91, "completion_tokens": 10, "total_tokens": 101, "token_count_source": "tokenizer"}, "decoding": {"temperature": 0.2, "top_p": null, "top_k": null, "max_tokens": 256, "seed": 42}, "prompt_tokens": 91, "completion_tokens": 10, "total_tokens": 101, "token_count_source": "tokenizer", "diffusion_steps": null, "flops_estimate": null, "flops_arch": null, "flops_model_params": null, "flops_active_params": null, "tokens_non_final": 3, "tokens_reasoning": 0, "tokens_response": 3, "elapsed_seconds": 0.31734800338745117, "judgement": "Good approximation"}
{"id": "units_000587", "topic": "units", "subtopic": "kg_g", "prompt": "An item costs $4.94 per kg. You take 350 g. About how much is that?", "exact_value": 1.73, "model": "qwen/qwen2.5-3b-instruct", "provider": "transformers", "response": "Final answer: 4.94", "numeric_answer": 4.94, "relative_error": 1.855491329479769, "thinking_text": null, "has_tool_call": false, "tool_call": null, "usage": {"prompt_tokens": 90, "completion_tokens": 9, "total_tokens": 99, "token_count_source": "tokenizer"}, "decoding": {"temperature": 0.2, "top_p": null, "top_k": null, "max_tokens": 256, "seed": 42}, "prompt_tokens": 90, "completion_tokens": 9, "total_tokens": 99, "token_count_source": "tokenizer", "diffusion_steps": null, "flops_estimate": null, "flops_arch": null, "flops_model_params": null, "flops_active_params": null, "tokens_non_final": 3, "tokens_reasoning": 0, "tokens_response": 3, "elapsed_seconds": 0.28746724128723145, "judgement": "Way off"}
{"id": "units_000607", "topic": "units", "subtopic": "kg_g", "prompt": "An item costs $11.97 per kg. You take 400 g. About how much is that?", "exact_value": 4.79, "model": "qwen/qwen2.5-3b-instruct", "provider": "transformers", "response": "Final answer: 11.97", "numeric_answer": 11.97, "relative_error": 1.498956158663883, "thinking_text": null, "has_tool_call": false, "tool_call": null, "usage": {"prompt_tokens": 91, "completion_tokens": 10, "total_tokens": 101, "token_count_source": "tokenizer"}, "decoding": {"temperature": 0.2, "top_p": null, "top_k": null, "max_tokens": 256, "seed": 42}, "prompt_tokens": 91, "completion_tokens": 10, "total_tokens": 101, "token_count_source": "tokenizer", "diffusion_steps": null, "flops_estimate": null, "flops_arch": null, "flops_model_params": null, "flops_active_params": null, "tokens_non_final": 3, "tokens_reasoning": 0, "tokens_response": 3, "elapsed_seconds": 0.3191556930541992, "judgement": "Way off"}
{"id": "units_000627", "topic": "units", "subtopic": "lb_oz", "prompt": "You buy 2.13 lb at $11.95 per lb. About how much is that total?", "exact_value": 25.45, "model": "qwen/qwen2.5-3b-instruct", "provider": "transformers", "response": "Final answer: 11.95", "numeric_answer": 11.95, "relative_error": 0.5304518664047151, "thinking_text": null, "has_tool_call": false, "tool_call": null, "usage": {"prompt_tokens": 90, "completion_tokens": 10, "total_tokens": 100, "token_count_source": "tokenizer"}, "decoding": {"temperature": 0.2, "top_p": null, "top_k": null, "max_tokens": 256, "seed": 42}, "prompt_tokens": 90, "completion_tokens": 10, "total_tokens": 100, "token_count_source": "tokenizer", "diffusion_steps": null, "flops_estimate": null, "flops_arch": null, "flops_model_params": null, "flops_active_params": null, "tokens_non_final": 3, "tokens_reasoning": 0, "tokens_response": 3, "elapsed_seconds": 0.3189563751220703, "judgement": "Mildly off"}
{"id": "units_000647", "topic": "units", "subtopic": "kg_g", "prompt": "An item costs $10.91 per kg. You take 900 g. About how much is that?", "exact_value": 9.82, "model": "qwen/qwen2.5-3b-instruct", "provider": "transformers", "response": "Final answer: 10.91", "numeric_answer": 10.91, "relative_error": 0.11099796334012219, "thinking_text": null, "has_tool_call": false, "tool_call": null, "usage": {"prompt_tokens": 91, "completion_tokens": 10, "total_tokens": 101, "token_count_source": "tokenizer"}, "decoding": {"temperature": 0.2, "top_p": null, "top_k": null, "max_tokens": 256, "seed": 42}, "prompt_tokens": 91, "completion_tokens": 10, "total_tokens": 101, "token_count_source": "tokenizer", "diffusion_steps": null, "flops_estimate": null, "flops_arch": null, "flops_model_params": null, "flops_active_params": null, "tokens_non_final": 3, "tokens_reasoning": 0, "tokens_response": 3, "elapsed_seconds": 0.3190948963165283, "judgement": "Good approximation"}
{"id": "units_000667", "topic": "units", "subtopic": "kg_g", "prompt": "An item costs $13.39 per kg. You take 300 g. About how much is that?", "exact_value": 4.02, "model": "qwen/qwen2.5-3b-instruct", "provider": "transformers", "response": "Final answer: 13.39", "numeric_answer": 13.39, "relative_error": 2.330845771144279, "thinking_text": null, "has_tool_call": false, "tool_call": null, "usage": {"prompt_tokens": 91, "completion_tokens": 10, "total_tokens": 101, "token_count_source": "tokenizer"}, "decoding": {"temperature": 0.2, "top_p": null, "top_k": null, "max_tokens": 256, "seed": 42}, "prompt_tokens": 91, "completion_tokens": 10, "total_tokens": 101, "token_count_source": "tokenizer", "diffusion_steps": null, "flops_estimate": null, "flops_arch": null, "flops_model_params": null, "flops_active_params": null, "tokens_non_final": 3, "tokens_reasoning": 0, "tokens_response": 3, "elapsed_seconds": 0.3187897205352783, "judgement": "Way off"}
{"id": "units_000687", "topic": "units", "subtopic": "lb_oz", "prompt": "You buy 1.93 lb at $5.24 per lb. About how much is that total?", "exact_value": 10.11, "model": "qwen/qwen2.5-3b-instruct", "provider": "transformers", "response": "Final answer: 5.24", "numeric_answer": 5.24, "relative_error": 0.48170128585558847, "thinking_text": null, "has_tool_call": false, "tool_call": null, "usage": {"prompt_tokens": 89, "completion_tokens": 9, "total_tokens": 98, "token_count_source": "tokenizer"}, "decoding": {"temperature": 0.2, "top_p": null, "top_k": null, "max_tokens": 256, "seed": 42}, "prompt_tokens": 89, "completion_tokens": 9, "total_tokens": 98, "token_count_source": "tokenizer", "diffusion_steps": null, "flops_estimate": null, "flops_arch": null, "flops_model_params": null, "flops_active_params": null, "tokens_non_final": 3, "tokens_reasoning": 0, "tokens_response": 3, "elapsed_seconds": 0.2874433994293213, "judgement": "Mildly off"}
{"id": "units_000707", "topic": "units", "subtopic": "kg_g", "prompt": "An item costs $7.61 per kg. You take 400 g. About how much is that?", "exact_value": 3.04, "model": "qwen/qwen2.5-3b-instruct", "provider": "transformers", "response": "Final answer: 7.61", "numeric_answer": 7.61, "relative_error": 1.5032894736842106, "thinking_text": null, "has_tool_call": false, "tool_call": null, "usage": {"prompt_tokens": 90, "completion_tokens": 9, "total_tokens": 99, "token_count_source": "tokenizer"}, "decoding": {"temperature": 0.2, "top_p": null, "top_k": null, "max_tokens": 256, "seed": 42}, "prompt_tokens": 90, "completion_tokens": 9, "total_tokens": 99, "token_count_source": "tokenizer", "diffusion_steps": null, "flops_estimate": null, "flops_arch": null, "flops_model_params": null, "flops_active_params": null, "tokens_non_final": 3, "tokens_reasoning": 0, "tokens_response": 3, "elapsed_seconds": 0.2870769500732422, "judgement": "Way off"}
{"id": "units_000727", "topic": "units", "subtopic": "lb_oz", "prompt": "You buy 3.59 lb at $10.93 per lb. About how much is that total?", "exact_value": 39.24, "model": "qwen/qwen2.5-3b-instruct", "provider": "transformers", "response": "Final answer: 10.93", "numeric_answer": 10.93, "relative_error": 0.7214576962283384, "thinking_text": null, "has_tool_call": false, "tool_call": null, "usage": {"prompt_tokens": 90, "completion_tokens": 10, "total_tokens": 100, "token_count_source": "tokenizer"}, "decoding": {"temperature": 0.2, "top_p": null, "top_k": null, "max_tokens": 256, "seed": 42}, "prompt_tokens": 90, "completion_tokens": 10, "total_tokens": 100, "token_count_source": "tokenizer", "diffusion_steps": null, "flops_estimate": null, "flops_arch": null, "flops_model_params": null, "flops_active_params": null, "tokens_non_final": 3, "tokens_reasoning": 0, "tokens_response": 3, "elapsed_seconds": 0.32123684883117676, "judgement": "Way off"}
{"id": "units_000747", "topic": "units", "subtopic": "lb_oz", "prompt": "You buy 2.72 lb at $3.64 per lb. About how much is that total?", "exact_value": 9.9, "model": "qwen/qwen2.5-3b-instruct", "provider": "transformers", "response": "Final answer: 3.64", "numeric_answer": 3.64, "relative_error": 0.6323232323232323, "thinking_text": null, "has_tool_call": false, "tool_call": null, "usage": {"prompt_tokens": 89, "completion_tokens": 9, "total_tokens": 98, "token_count_source": "tokenizer"}, "decoding": {"temperature": 0.2, "top_p": null, "top_k": null, "max_tokens": 256, "seed": 42}, "prompt_tokens": 89, "completion_tokens": 9, "total_tokens": 98, "token_count_source": "tokenizer", "diffusion_steps": null, "flops_estimate": null, "flops_arch": null, "flops_model_params": null, "flops_active_params": null, "tokens_non_final": 3, "tokens_reasoning": 0, "tokens_response": 3, "elapsed_seconds": 0.2885749340057373, "judgement": "Way off"}
{"id": "units_000767", "topic": "units", "subtopic": "kg_g", "prompt": "An item costs $11.67 per kg. You take 900 g. About how much is that?", "exact_value": 10.5, "model": "qwen/qwen2.5-3b-instruct", "provider": "transformers", "response": "Final answer: 11.67", "numeric_answer": 11.67, "relative_error": 0.11142857142857142, "thinking_text": null, "has_tool_call": false, "tool_call": null, "usage": {"prompt_tokens": 91, "completion_tokens": 10, "total_tokens": 101, "token_count_source": "tokenizer"}, "decoding": {"temperature": 0.2, "top_p": null, "top_k": null, "max_tokens": 256, "seed": 42}, "prompt_tokens": 91, "completion_tokens": 10, "total_tokens": 101, "token_count_source": "tokenizer", "diffusion_steps": null, "flops_estimate": null, "flops_arch": null, "flops_model_params": null, "flops_active_params": null, "tokens_non_final": 3, "tokens_reasoning": 0, "tokens_response": 3, "elapsed_seconds": 0.32221126556396484, "judgement": "Good approximation"}
{"id": "units_000787", "topic": "units", "subtopic": "kg_g", "prompt": "An item costs $10.33 per kg. You take 400 g. About how much is that?", "exact_value": 4.13, "model": "qwen/qwen2.5-3b-instruct", "provider": "transformers", "response": "Final answer: 10.33", "numeric_answer": 10.33, "relative_error": 1.5012106537530268, "thinking_text": null, "has_tool_call": false, "tool_call": null, "usage": {"prompt_tokens": 91, "completion_tokens": 10, "total_tokens": 101, "token_count_source": "tokenizer"}, "decoding": {"temperature": 0.2, "top_p": null, "top_k": null, "max_tokens": 256, "seed": 42}, "prompt_tokens": 91, "completion_tokens": 10, "total_tokens": 101, "token_count_source": "tokenizer", "diffusion_steps": null, "flops_estimate": null, "flops_arch": null, "flops_model_params": null, "flops_active_params": null, "tokens_non_final": 3, "tokens_reasoning": 0, "tokens_response": 3, "elapsed_seconds": 0.32515501976013184, "judgement": "Way off"}
{"id": "units_000807", "topic": "units", "subtopic": "kg_g", "prompt": "An item costs $17.42 per kg. You take 400 g. About how much is that?", "exact_value": 6.97, "model": "qwen/qwen2.5-3b-instruct", "provider": "transformers", "response": "Final answer: 17.42", "numeric_answer": 17.42, "relative_error": 1.4992826398852228, "thinking_text": null, "has_tool_call": false, "tool_call": null, "usage": {"prompt_tokens": 91, "completion_tokens": 10, "total_tokens": 101, "token_count_source": "tokenizer"}, "decoding": {"temperature": 0.2, "top_p": null, "top_k": null, "max_tokens": 256, "seed": 42}, "prompt_tokens": 91, "completion_tokens": 10, "total_tokens": 101, "token_count_source": "tokenizer", "diffusion_steps": null, "flops_estimate": null, "flops_arch": null, "flops_model_params": null, "flops_active_params": null, "tokens_non_final": 3, "tokens_reasoning": 0, "tokens_response": 3, "elapsed_seconds": 0.31864452362060547, "judgement": "Way off"}
{"id": "units_000827", "topic": "units", "subtopic": "lb_oz", "prompt": "You buy 3.71 lb at $14.59 per lb. About how much is that total?", "exact_value": 54.13, "model": "qwen/qwen2.5-3b-instruct", "provider": "transformers", "response": "Final answer: 14.59", "numeric_answer": 14.59, "relative_error": 0.7304636985036025, "thinking_text": null, "has_tool_call": false, "tool_call": null, "usage": {"prompt_tokens": 90, "completion_tokens": 10, "total_tokens": 100, "token_count_source": "tokenizer"}, "decoding": {"temperature": 0.2, "top_p": null, "top_k": null, "max_tokens": 256, "seed": 42}, "prompt_tokens": 90, "completion_tokens": 10, "total_tokens": 100, "token_count_source": "tokenizer", "diffusion_steps": null, "flops_estimate": null, "flops_arch": null, "flops_model_params": null, "flops_active_params": null, "tokens_non_final": 3, "tokens_reasoning": 0, "tokens_response": 3, "elapsed_seconds": 0.32065510749816895, "judgement": "Way off"}
{"id": "units_000847", "topic": "units", "subtopic": "kg_g", "prompt": "An item costs $16.02 per kg. You take 300 g. About how much is that?", "exact_value": 4.81, "model": "qwen/qwen2.5-3b-instruct", "provider": "transformers", "response": "Final answer: 16.02", "numeric_answer": 16.02, "relative_error": 2.330561330561331, "thinking_text": null, "has_tool_call": false, "tool_call": null, "usage": {"prompt_tokens": 91, "completion_tokens": 10, "total_tokens": 101, "token_count_source": "tokenizer"}, "decoding": {"temperature": 0.2, "top_p": null, "top_k": null, "max_tokens": 256, "seed": 42}, "prompt_tokens": 91, "completion_tokens": 10, "total_tokens": 101, "token_count_source": "tokenizer", "diffusion_steps": null, "flops_estimate": null, "flops_arch": null, "flops_model_params": null, "flops_active_params": null, "tokens_non_final": 3, "tokens_reasoning": 0, "tokens_response": 3, "elapsed_seconds": 0.31832146644592285, "judgement": "Way off"}
{"id": "units_000867", "topic": "units", "subtopic": "kg_g", "prompt": "An item costs $19.16 per kg. You take 750 g. About how much is that?", "exact_value": 14.37, "model": "qwen/qwen2.5-3b-instruct", "provider": "transformers", "response": "Final answer: 19.16", "numeric_answer": 19.16, "relative_error": 0.3333333333333334, "thinking_text": null, "has_tool_call": false, "tool_call": null, "usage": {"prompt_tokens": 91, "completion_tokens": 10, "total_tokens": 101, "token_count_source": "tokenizer"}, "decoding": {"temperature": 0.2, "top_p": null, "top_k": null, "max_tokens": 256, "seed": 42}, "prompt_tokens": 91, "completion_tokens": 10, "total_tokens": 101, "token_count_source": "tokenizer", "diffusion_steps": null, "flops_estimate": null, "flops_arch": null, "flops_model_params": null, "flops_active_params": null, "tokens_non_final": 3, "tokens_reasoning": 0, "tokens_response": 3, "elapsed_seconds": 0.3193702697753906, "judgement": "Mildly off"}
{"id": "units_000887", "topic": "units", "subtopic": "kg_g", "prompt": "An item costs $4.82 per kg. You take 750 g. About how much is that?", "exact_value": 3.62, "model": "qwen/qwen2.5-3b-instruct", "provider": "transformers", "response": "Final answer: 4.82", "numeric_answer": 4.82, "relative_error": 0.33149171270718236, "thinking_text": null, "has_tool_call": false, "tool_call": null, "usage": {"prompt_tokens": 90, "completion_tokens": 9, "total_tokens": 99, "token_count_source": "tokenizer"}, "decoding": {"temperature": 0.2, "top_p": null, "top_k": null, "max_tokens": 256, "seed": 42}, "prompt_tokens": 90, "completion_tokens": 9, "total_tokens": 99, "token_count_source": "tokenizer", "diffusion_steps": null, "flops_estimate": null, "flops_arch": null, "flops_model_params": null, "flops_active_params": null, "tokens_non_final": 3, "tokens_reasoning": 0, "tokens_response": 3, "elapsed_seconds": 0.28826093673706055, "judgement": "Mildly off"}
{"id": "units_000907", "topic": "units", "subtopic": "lb_oz", "prompt": "You buy 1.03 lb at $7.95 per lb. About how much is that total?", "exact_value": 8.19, "model": "qwen/qwen2.5-3b-instruct", "provider": "transformers", "response": "Final answer: 7.95", "numeric_answer": 7.95, "relative_error": 0.029304029304029224, "thinking_text": null, "has_tool_call": false, "tool_call": null, "usage": {"prompt_tokens": 89, "completion_tokens": 9, "total_tokens": 98, "token_count_source": "tokenizer"}, "decoding": {"temperature": 0.2, "top_p": null, "top_k": null, "max_tokens": 256, "seed": 42}, "prompt_tokens": 89, "completion_tokens": 9, "total_tokens": 98, "token_count_source": "tokenizer", "diffusion_steps": null, "flops_estimate": null, "flops_arch": null, "flops_model_params": null, "flops_active_params": null, "tokens_non_final": 3, "tokens_reasoning": 0, "tokens_response": 3, "elapsed_seconds": 0.2890284061431885, "judgement": "Good approximation"}
{"id": "units_000927", "topic": "units", "subtopic": "lb_oz", "prompt": "You buy 4.57 lb at $4.76 per lb. About how much is that total?", "exact_value": 21.75, "model": "qwen/qwen2.5-3b-instruct", "provider": "transformers", "response": "Final answer: 4.57", "numeric_answer": 4.57, "relative_error": 0.7898850574712644, "thinking_text": null, "has_tool_call": false, "tool_call": null, "usage": {"prompt_tokens": 89, "completion_tokens": 9, "total_tokens": 98, "token_count_source": "tokenizer"}, "decoding": {"temperature": 0.2, "top_p": null, "top_k": null, "max_tokens": 256, "seed": 42}, "prompt_tokens": 89, "completion_tokens": 9, "total_tokens": 98, "token_count_source": "tokenizer", "diffusion_steps": null, "flops_estimate": null, "flops_arch": null, "flops_model_params": null, "flops_active_params": null, "tokens_non_final": 3, "tokens_reasoning": 0, "tokens_response": 3, "elapsed_seconds": 0.28902697563171387, "judgement": "Way off"}
{"id": "units_000947", "topic": "units", "subtopic": "lb_oz", "prompt": "You buy 1.79 lb at $7.65 per lb. About how much is that total?", "exact_value": 13.69, "model": "qwen/qwen2.5-3b-instruct", "provider": "transformers", "response": "Final answer: 8.025000000000000", "numeric_answer": 8.025, "relative_error": 0.4138056975894813, "thinking_text": null, "has_tool_call": false, "tool_call": null, "usage": {"prompt_tokens": 89, "completion_tokens": 22, "total_tokens": 111, "token_count_source": "tokenizer"}, "decoding": {"temperature": 0.2, "top_p": null, "top_k": null, "max_tokens": 256, "seed": 42}, "prompt_tokens": 89, "completion_tokens": 22, "total_tokens": 111, "token_count_source": "tokenizer", "diffusion_steps": null, "flops_estimate": null, "flops_arch": null, "flops_model_params": null, "flops_active_params": null, "tokens_non_final": 3, "tokens_reasoning": 0, "tokens_response": 3, "elapsed_seconds": 0.7093019485473633, "judgement": "Mildly off"}
{"id": "units_000967", "topic": "units", "subtopic": "lb_oz", "prompt": "You buy 2.01 lb at $13.92 per lb. About how much is that total?", "exact_value": 27.98, "model": "qwen/qwen2.5-3b-instruct", "provider": "transformers", "response": "Final answer: 13.92", "numeric_answer": 13.92, "relative_error": 0.5025017869907077, "thinking_text": null, "has_tool_call": false, "tool_call": null, "usage": {"prompt_tokens": 90, "completion_tokens": 10, "total_tokens": 100, "token_count_source": "tokenizer"}, "decoding": {"temperature": 0.2, "top_p": null, "top_k": null, "max_tokens": 256, "seed": 42}, "prompt_tokens": 90, "completion_tokens": 10, "total_tokens": 100, "token_count_source": "tokenizer", "diffusion_steps": null, "flops_estimate": null, "flops_arch": null, "flops_model_params": null, "flops_active_params": null, "tokens_non_final": 3, "tokens_reasoning": 0, "tokens_response": 3, "elapsed_seconds": 0.3201460838317871, "judgement": "Mildly off"}
{"id": "units_000987", "topic": "units", "subtopic": "kg_g", "prompt": "An item costs $17.96 per kg. You take 500 g. About how much is that?", "exact_value": 8.98, "model": "qwen/qwen2.5-3b-instruct", "provider": "transformers", "response": "Final answer: 17.96", "numeric_answer": 17.96, "relative_error": 1.0, "thinking_text": null, "has_tool_call": false, "tool_call": null, "usage": {"prompt_tokens": 91, "completion_tokens": 10, "total_tokens": 101, "token_count_source": "tokenizer"}, "decoding": {"temperature": 0.2, "top_p": null, "top_k": null, "max_tokens": 256, "seed": 42}, "prompt_tokens": 91, "completion_tokens": 10, "total_tokens": 101, "token_count_source": "tokenizer", "diffusion_steps": null, "flops_estimate": null, "flops_arch": null, "flops_model_params": null, "flops_active_params": null, "tokens_non_final": 3, "tokens_reasoning": 0, "tokens_response": 3, "elapsed_seconds": 0.3194148540496826, "judgement": "Way off"}
{"id": "units_001007", "topic": "units", "subtopic": "lb_oz", "prompt": "You buy 3.75 lb at $12.94 per lb. About how much is that total?", "exact_value": 48.53, "model": "qwen/qwen2.5-3b-instruct", "provider": "transformers", "response": "Final answer: 15.660000000000000", "numeric_answer": 15.66, "relative_error": 0.6773130022666393, "thinking_text": null, "has_tool_call": false, "tool_call": null, "usage": {"prompt_tokens": 90, "completion_tokens": 23, "total_tokens": 113, "token_count_source": "tokenizer"}, "decoding": {"temperature": 0.2, "top_p": null, "top_k": null, "max_tokens": 256, "seed": 42}, "prompt_tokens": 90, "completion_tokens": 23, "total_tokens": 113, "token_count_source": "tokenizer", "diffusion_steps": null, "flops_estimate": null, "flops_arch": null, "flops_model_params": null, "flops_active_params": null, "tokens_non_final": 3, "tokens_reasoning": 0, "tokens_response": 3, "elapsed_seconds": 0.7354013919830322, "judgement": "Way off"}
{"id": "units_001027", "topic": "units", "subtopic": "kg_g", "prompt": "An item costs $17.61 per kg. You take 900 g. About how much is that?", "exact_value": 15.85, "model": "qwen/qwen2.5-3b-instruct", "provider": "transformers", "response": "Final answer: 17.61", "numeric_answer": 17.61, "relative_error": 0.11104100946372239, "thinking_text": null, "has_tool_call": false, "tool_call": null, "usage": {"prompt_tokens": 91, "completion_tokens": 10, "total_tokens": 101, "token_count_source": "tokenizer"}, "decoding": {"temperature": 0.2, "top_p": null, "top_k": null, "max_tokens": 256, "seed": 42}, "prompt_tokens": 91, "completion_tokens": 10, "total_tokens": 101, "token_count_source": "tokenizer", "diffusion_steps": null, "flops_estimate": null, "flops_arch": null, "flops_model_params": null, "flops_active_params": null, "tokens_non_final": 3, "tokens_reasoning": 0, "tokens_response": 3, "elapsed_seconds": 0.3199329376220703, "judgement": "Good approximation"}
{"id": "units_001047", "topic": "units", "subtopic": "kg_g", "prompt": "An item costs $4.66 per kg. You take 750 g. About how much is that?", "exact_value": 3.5, "model": "qwen/qwen2.5-3b-instruct", "provider": "transformers", "response": "Final answer: 4.66", "numeric_answer": 4.66, "relative_error": 0.33142857142857146, "thinking_text": null, "has_tool_call": false, "tool_call": null, "usage": {"prompt_tokens": 90, "completion_tokens": 9, "total_tokens": 99, "token_count_source": "tokenizer"}, "decoding": {"temperature": 0.2, "top_p": null, "top_k": null, "max_tokens": 256, "seed": 42}, "prompt_tokens": 90, "completion_tokens": 9, "total_tokens": 99, "token_count_source": "tokenizer", "diffusion_steps": null, "flops_estimate": null, "flops_arch": null, "flops_model_params": null, "flops_active_params": null, "tokens_non_final": 3, "tokens_reasoning": 0, "tokens_response": 3, "elapsed_seconds": 0.2888197898864746, "judgement": "Mildly off"}
{"id": "units_001067", "topic": "units", "subtopic": "lb_oz", "prompt": "You buy 5.21 lb at $3.37 per lb. About how much is that total?", "exact_value": 17.56, "model": "qwen/qwen2.5-3b-instruct", "provider": "transformers", "response": "Final answer: 3.37", "numeric_answer": 3.37, "relative_error": 0.8080865603644646, "thinking_text": null, "has_tool_call": false, "tool_call": null, "usage": {"prompt_tokens": 89, "completion_tokens": 9, "total_tokens": 98, "token_count_source": "tokenizer"}, "decoding": {"temperature": 0.2, "top_p": null, "top_k": null, "max_tokens": 256, "seed": 42}, "prompt_tokens": 89, "completion_tokens": 9, "total_tokens": 98, "token_count_source": "tokenizer", "diffusion_steps": null, "flops_estimate": null, "flops_arch": null, "flops_model_params": null, "flops_active_params": null, "tokens_non_final": 3, "tokens_reasoning": 0, "tokens_response": 3, "elapsed_seconds": 0.2877941131591797, "judgement": "Way off"}
{"id": "units_001087", "topic": "units", "subtopic": "kg_g", "prompt": "An item costs $7.42 per kg. You take 400 g. About how much is that?", "exact_value": 2.97, "model": "qwen/qwen2.5-3b-instruct", "provider": "transformers", "response": "Final answer: 7.42", "numeric_answer": 7.42, "relative_error": 1.498316498316498, "thinking_text": null, "has_tool_call": false, "tool_call": null, "usage": {"prompt_tokens": 90, "completion_tokens": 9, "total_tokens": 99, "token_count_source": "tokenizer"}, "decoding": {"temperature": 0.2, "top_p": null, "top_k": null, "max_tokens": 256, "seed": 42}, "prompt_tokens": 90, "completion_tokens": 9, "total_tokens": 99, "token_count_source": "tokenizer", "diffusion_steps": null, "flops_estimate": null, "flops_arch": null, "flops_model_params": null, "flops_active_params": null, "tokens_non_final": 3, "tokens_reasoning": 0, "tokens_response": 3, "elapsed_seconds": 0.28877878189086914, "judgement": "Way off"}
{"id": "units_001107", "topic": "units", "subtopic": "kg_g", "prompt": "An item costs $19.86 per kg. You take 400 g. About how much is that?", "exact_value": 7.94, "model": "qwen/qwen2.5-3b-instruct", "provider": "transformers", "response": "Final answer: 19.86", "numeric_answer": 19.86, "relative_error": 1.5012594458438284, "thinking_text": null, "has_tool_call": false, "tool_call": null, "usage": {"prompt_tokens": 91, "completion_tokens": 10, "total_tokens": 101, "token_count_source": "tokenizer"}, "decoding": {"temperature": 0.2, "top_p": null, "top_k": null, "max_tokens": 256, "seed": 42}, "prompt_tokens": 91, "completion_tokens": 10, "total_tokens": 101, "token_count_source": "tokenizer", "diffusion_steps": null, "flops_estimate": null, "flops_arch": null, "flops_model_params": null, "flops_active_params": null, "tokens_non_final": 3, "tokens_reasoning": 0, "tokens_response": 3, "elapsed_seconds": 0.31884288787841797, "judgement": "Way off"}
{"id": "units_001127", "topic": "units", "subtopic": "kg_g", "prompt": "An item costs $5.63 per kg. You take 400 g. About how much is that?", "exact_value": 2.25, "model": "qwen/qwen2.5-3b-instruct", "provider": "transformers", "response": "Final answer: 5.63", "numeric_answer": 5.63, "relative_error": 1.5022222222222221, "thinking_text": null, "has_tool_call": false, "tool_call": null, "usage": {"prompt_tokens": 90, "completion_tokens": 9, "total_tokens": 99, "token_count_source": "tokenizer"}, "decoding": {"temperature": 0.2, "top_p": null, "top_k": null, "max_tokens": 256, "seed": 42}, "prompt_tokens": 90, "completion_tokens": 9, "total_tokens": 99, "token_count_source": "tokenizer", "diffusion_steps": null, "flops_estimate": null, "flops_arch": null, "flops_model_params": null, "flops_active_params": null, "tokens_non_final": 3, "tokens_reasoning": 0, "tokens_response": 3, "elapsed_seconds": 0.2864046096801758, "judgement": "Way off"}
{"id": "units_001147", "topic": "units", "subtopic": "lb_oz", "prompt": "You buy 0.86 lb at $7.70 per lb. About how much is that total?", "exact_value": 6.62, "model": "qwen/qwen2.5-3b-instruct", "provider": "transformers", "response": "Final answer: 7.70", "numeric_answer": 7.7, "relative_error": 0.16314199395770393, "thinking_text": null, "has_tool_call": false, "tool_call": null, "usage": {"prompt_tokens": 89, "completion_tokens": 9, "total_tokens": 98, "token_count_source": "tokenizer"}, "decoding": {"temperature": 0.2, "top_p": null, "top_k": null, "max_tokens": 256, "seed": 42}, "prompt_tokens": 89, "completion_tokens": 9, "total_tokens": 98, "token_count_source": "tokenizer", "diffusion_steps": null, "flops_estimate": null, "flops_arch": null, "flops_model_params": null, "flops_active_params": null, "tokens_non_final": 3, "tokens_reasoning": 0, "tokens_response": 3, "elapsed_seconds": 0.2879509925842285, "judgement": "Good approximation"}
{"id": "units_001167", "topic": "units", "subtopic": "kg_g", "prompt": "An item costs $5.90 per kg. You take 400 g. About how much is that?", "exact_value": 2.36, "model": "qwen/qwen2.5-3b-instruct", "provider": "transformers", "response": "Final answer: 5.90", "numeric_answer": 5.9, "relative_error": 1.5000000000000002, "thinking_text": null, "has_tool_call": false, "tool_call": null, "usage": {"prompt_tokens": 90, "completion_tokens": 9, "total_tokens": 99, "token_count_source": "tokenizer"}, "decoding": {"temperature": 0.2, "top_p": null, "top_k": null, "max_tokens": 256, "seed": 42}, "prompt_tokens": 90, "completion_tokens": 9, "total_tokens": 99, "token_count_source": "tokenizer", "diffusion_steps": null, "flops_estimate": null, "flops_arch": null, "flops_model_params": null, "flops_active_params": null, "tokens_non_final": 3, "tokens_reasoning": 0, "tokens_response": 3, "elapsed_seconds": 0.28780221939086914, "judgement": "Way off"}
{"id": "units_001187", "topic": "units", "subtopic": "lb_oz", "prompt": "You buy 3.21 lb at $10.48 per lb. About how much is that total?", "exact_value": 33.64, "model": "qwen/qwen2.5-3b-instruct", "provider": "transformers", "response": "Final answer: 10.48", "numeric_answer": 10.48, "relative_error": 0.6884661117717004, "thinking_text": null, "has_tool_call": false, "tool_call": null, "usage": {"prompt_tokens": 90, "completion_tokens": 10, "total_tokens": 100, "token_count_source": "tokenizer"}, "decoding": {"temperature": 0.2, "top_p": null, "top_k": null, "max_tokens": 256, "seed": 42}, "prompt_tokens": 90, "completion_tokens": 10, "total_tokens": 100, "token_count_source": "tokenizer", "diffusion_steps": null, "flops_estimate": null, "flops_arch": null, "flops_model_params": null, "flops_active_params": null, "tokens_non_final": 3, "tokens_reasoning": 0, "tokens_response": 3, "elapsed_seconds": 0.32015061378479004, "judgement": "Way off"}
{"id": "units_001207", "topic": "units", "subtopic": "lb_oz", "prompt": "You buy 1.97 lb at $9.55 per lb. About how much is that total?", "exact_value": 18.81, "model": "qwen/qwen2.5-3b-instruct", "provider": "transformers", "response": "Final answer: 9.55", "numeric_answer": 9.55, "relative_error": 0.4922913343965975, "thinking_text": null, "has_tool_call": false, "tool_call": null, "usage": {"prompt_tokens": 89, "completion_tokens": 9, "total_tokens": 98, "token_count_source": "tokenizer"}, "decoding": {"temperature": 0.2, "top_p": null, "top_k": null, "max_tokens": 256, "seed": 42}, "prompt_tokens": 89, "completion_tokens": 9, "total_tokens": 98, "token_count_source": "tokenizer", "diffusion_steps": null, "flops_estimate": null, "flops_arch": null, "flops_model_params": null, "flops_active_params": null, "tokens_non_final": 3, "tokens_reasoning": 0, "tokens_response": 3, "elapsed_seconds": 0.28722286224365234, "judgement": "Mildly off"}
{"id": "units_001227", "topic": "units", "subtopic": "lb_oz", "prompt": "You buy 5.24 lb at $7.66 per lb. About how much is that total?", "exact_value": 40.14, "model": "qwen/qwen2.5-3b-instruct", "provider": "transformers", "response": "Final answer: 7.66", "numeric_answer": 7.66, "relative_error": 0.8091679123069259, "thinking_text": null, "has_tool_call": false, "tool_call": null, "usage": {"prompt_tokens": 89, "completion_tokens": 9, "total_tokens": 98, "token_count_source": "tokenizer"}, "decoding": {"temperature": 0.2, "top_p": null, "top_k": null, "max_tokens": 256, "seed": 42}, "prompt_tokens": 89, "completion_tokens": 9, "total_tokens": 98, "token_count_source": "tokenizer", "diffusion_steps": null, "flops_estimate": null, "flops_arch": null, "flops_model_params": null, "flops_active_params": null, "tokens_non_final": 3, "tokens_reasoning": 0, "tokens_response": 3, "elapsed_seconds": 0.28703737258911133, "judgement": "Way off"}
{"id": "units_001247", "topic": "units", "subtopic": "kg_g", "prompt": "An item costs $5.89 per kg. You take 750 g. About how much is that?", "exact_value": 4.42, "model": "qwen/qwen2.5-3b-instruct", "provider": "transformers", "response": "Final answer: 5.89", "numeric_answer": 5.89, "relative_error": 0.3325791855203619, "thinking_text": null, "has_tool_call": false, "tool_call": null, "usage": {"prompt_tokens": 90, "completion_tokens": 9, "total_tokens": 99, "token_count_source": "tokenizer"}, "decoding": {"temperature": 0.2, "top_p": null, "top_k": null, "max_tokens": 256, "seed": 42}, "prompt_tokens": 90, "completion_tokens": 9, "total_tokens": 99, "token_count_source": "tokenizer", "diffusion_steps": null, "flops_estimate": null, "flops_arch": null, "flops_model_params": null, "flops_active_params": null, "tokens_non_final": 3, "tokens_reasoning": 0, "tokens_response": 3, "elapsed_seconds": 0.28743886947631836, "judgement": "Mildly off"}
{"id": "units_001267", "topic": "units", "subtopic": "kg_g", "prompt": "An item costs $17.87 per kg. You take 250 g. About how much is that?", "exact_value": 4.47, "model": "qwen/qwen2.5-3b-instruct", "provider": "transformers", "response": "Final answer: 17.87", "numeric_answer": 17.87, "relative_error": 2.9977628635346765, "thinking_text": null, "has_tool_call": false, "tool_call": null, "usage": {"prompt_tokens": 91, "completion_tokens": 10, "total_tokens": 101, "token_count_source": "tokenizer"}, "decoding": {"temperature": 0.2, "top_p": null, "top_k": null, "max_tokens": 256, "seed": 42}, "prompt_tokens": 91, "completion_tokens": 10, "total_tokens": 101, "token_count_source": "tokenizer", "diffusion_steps": null, "flops_estimate": null, "flops_arch": null, "flops_model_params": null, "flops_active_params": null, "tokens_non_final": 3, "tokens_reasoning": 0, "tokens_response": 3, "elapsed_seconds": 0.3223137855529785, "judgement": "Way off"}
{"id": "units_001287", "topic": "units", "subtopic": "kg_g", "prompt": "An item costs $6.27 per kg. You take 350 g. About how much is that?", "exact_value": 2.19, "model": "qwen/qwen2.5-3b-instruct", "provider": "transformers", "response": "Final answer: 6.27", "numeric_answer": 6.27, "relative_error": 1.863013698630137, "thinking_text": null, "has_tool_call": false, "tool_call": null, "usage": {"prompt_tokens": 90, "completion_tokens": 9, "total_tokens": 99, "token_count_source": "tokenizer"}, "decoding": {"temperature": 0.2, "top_p": null, "top_k": null, "max_tokens": 256, "seed": 42}, "prompt_tokens": 90, "completion_tokens": 9, "total_tokens": 99, "token_count_source": "tokenizer", "diffusion_steps": null, "flops_estimate": null, "flops_arch": null, "flops_model_params": null, "flops_active_params": null, "tokens_non_final": 3, "tokens_reasoning": 0, "tokens_response": 3, "elapsed_seconds": 0.2922236919403076, "judgement": "Way off"}
{"id": "units_001307", "topic": "units", "subtopic": "lb_oz", "prompt": "You buy 5.85 lb at $4.79 per lb. About how much is that total?", "exact_value": 28.02, "model": "qwen/qwen2.5-3b-instruct", "provider": "transformers", "response": "Final answer: 4.79", "numeric_answer": 4.79, "relative_error": 0.8290506780870807, "thinking_text": null, "has_tool_call": false, "tool_call": null, "usage": {"prompt_tokens": 89, "completion_tokens": 9, "total_tokens": 98, "token_count_source": "tokenizer"}, "decoding": {"temperature": 0.2, "top_p": null, "top_k": null, "max_tokens": 256, "seed": 42}, "prompt_tokens": 89, "completion_tokens": 9, "total_tokens": 98, "token_count_source": "tokenizer", "diffusion_steps": null, "flops_estimate": null, "flops_arch": null, "flops_model_params": null, "flops_active_params": null, "tokens_non_final": 3, "tokens_reasoning": 0, "tokens_response": 3, "elapsed_seconds": 0.28977537155151367, "judgement": "Way off"}
{"id": "units_001327", "topic": "units", "subtopic": "lb_oz", "prompt": "You buy 3.55 lb at $11.49 per lb. About how much is that total?", "exact_value": 40.79, "model": "qwen/qwen2.5-3b-instruct", "provider": "transformers", "response": "Final answer: 26.785000", "numeric_answer": 26.785, "relative_error": 0.3433439568521696, "thinking_text": null, "has_tool_call": false, "tool_call": null, "usage": {"prompt_tokens": 90, "completion_tokens": 14, "total_tokens": 104, "token_count_source": "tokenizer"}, "decoding": {"temperature": 0.2, "top_p": null, "top_k": null, "max_tokens": 256, "seed": 42}, "prompt_tokens": 90, "completion_tokens": 14, "total_tokens": 104, "token_count_source": "tokenizer", "diffusion_steps": null, "flops_estimate": null, "flops_arch": null, "flops_model_params": null, "flops_active_params": null, "tokens_non_final": 3, "tokens_reasoning": 0, "tokens_response": 3, "elapsed_seconds": 0.4451477527618408, "judgement": "Mildly off"}
{"id": "tips_000127", "topic": "tips", "subtopic": "tips_service", "prompt": "Bill is $61.32; service fee 0% and tip 22%. About how much do you pay in total?", "exact_value": 74.81, "model": "qwen/qwen2.5-3b-instruct", "provider": "transformers", "response": "Final answer: 61.32\nThe total payment for Bill's bill includes the original amount, which is $61.32, with no service fee and a tip percentage of 22%. Since there is no mention of any additional fees or taxes, the total payment remains the same as the original amount. The tip percentage does not affect the total payment directly; it only affects the distribution of the total amount among the bill components. Therefore, the total payment is simply $61.32.", "numeric_answer": 61.32, "relative_error": 0.18032348616495122, "thinking_text": null, "has_tool_call": false, "tool_call": null, "usage": {"prompt_tokens": 94, "completion_tokens": 107, "total_tokens": 201, "token_count_source": "tokenizer"}, "decoding": {"temperature": 0.2, "top_p": null, "top_k": null, "max_tokens": 256, "seed": 42}, "prompt_tokens": 94, "completion_tokens": 107, "total_tokens": 201, "token_count_source": "tokenizer", "diffusion_steps": null, "flops_estimate": null, "flops_arch": null, "flops_model_params": null, "flops_active_params": null, "tokens_non_final": 77, "tokens_reasoning": 0, "tokens_response": 77, "elapsed_seconds": 3.4347758293151855, "judgement": "Good approximation"}
{"id": "tips_000147", "topic": "tips", "subtopic": "tips_service", "prompt": "Bill is $28.37; service fee 3% and tip 15%. About how much do you pay in total?", "exact_value": 33.6, "model": "qwen/qwen2.5-3b-instruct", "provider": "transformers", "response": "Final answer: 29.00", "numeric_answer": 29.0, "relative_error": 0.13690476190476195, "thinking_text": null, "has_tool_call": false, "tool_call": null, "usage": {"prompt_tokens": 94, "completion_tokens": 10, "total_tokens": 104, "token_count_source": "tokenizer"}, "decoding": {"temperature": 0.2, "top_p": null, "top_k": null, "max_tokens": 256, "seed": 42}, "prompt_tokens": 94, "completion_tokens": 10, "total_tokens": 104, "token_count_source": "tokenizer", "diffusion_steps": null, "flops_estimate": null, "flops_arch": null, "flops_model_params": null, "flops_active_params": null, "tokens_non_final": 3, "tokens_reasoning": 0, "tokens_response": 3, "elapsed_seconds": 0.31952357292175293, "judgement": "Good approximation"}
{"id": "tips_000167", "topic": "tips", "subtopic": "tips_service", "prompt": "Bill is $104.95; service fee 3% and tip 22%. About how much do you pay in total?", "exact_value": 131.88, "model": "qwen/qwen2.5-3b-instruct", "provider": "transformers", "response": "Final answer: 104.95\nTo calculate the total amount Bill pays, we need to account for both the service fee and the tip. The service fee is 3% of the bill amount, and the tip is 22% of the bill amount.\n\nFirst, let's compute the service fee:\n\nService fee = 3%\nTotal amount = $104.95\n\nService fee calculation:\n$$\n\\text{Service Fee} = \\frac{3}{104.95}\n$$\n\nNext, the tip is calculated as follows:\n\nTip = 22%\nTotal amount = $104.95\n\nTip calculation:\n$$\n\\text{Tip} = \\frac{22}{104.95}\n$$\n\nThe total amount can be expressed as:\n$$\nTotal Amount = \\frac{3}{104.95} + \\frac{22}{104.95}\n$$\n\nCombining these fractions, we get:\n$$\nTotal Amount = \\frac{3 + 22}{104.95}\n$$\n\nThis simplifies to:\n$$\nTotal Amount = \\frac{3 + 22}{104", "numeric_answer": 104.95, "relative_error": 0.20420078859569302, "thinking_text": null, "has_tool_call": false, "tool_call": null, "usage": {"prompt_tokens": 95, "completion_tokens": 256, "total_tokens": 351, "token_count_source": "tokenizer"}, "decoding": {"temperature": 0.2, "top_p": null, "top_k": null, "max_tokens": 256, "seed": 42}, "prompt_tokens": 95, "completion_tokens": 256, "total_tokens": 351, "token_count_source": "tokenizer", "diffusion_steps": null, "flops_estimate": null, "flops_arch": null, "flops_model_params": null, "flops_active_params": null, "tokens_non_final": 122, "tokens_reasoning": 0, "tokens_response": 122, "elapsed_seconds": 8.179943799972534, "judgement": "Mildly off"}
{"id": "tips_000187", "topic": "tips", "subtopic": "tips_service", "prompt": "Bill is $21.63; service fee 5% and tip 18%. About how much do you pay in total?", "exact_value": 26.8, "model": "qwen/qwen2.5-3b-instruct", "provider": "transformers", "response": "Final answer: 24.70", "numeric_answer": 24.7, "relative_error": 0.07835820895522393, "thinking_text": null, "has_tool_call": false, "tool_call": null, "usage": {"prompt_tokens": 94, "completion_tokens": 10, "total_tokens": 104, "token_count_source": "tokenizer"}, "decoding": {"temperature": 0.2, "top_p": null, "top_k": null, "max_tokens": 256, "seed": 42}, "prompt_tokens": 94, "completion_tokens": 10, "total_tokens": 104, "token_count_source": "tokenizer", "diffusion_steps": null, "flops_estimate": null, "flops_arch": null, "flops_model_params": null, "flops_active_params": null, "tokens_non_final": 3, "tokens_reasoning": 0, "tokens_response": 3, "elapsed_seconds": 0.32204627990722656, "judgement": "Good approximation"}
{"id": "tips_000207", "topic": "tips", "subtopic": "tips_service", "prompt": "Bill is $33.06; service fee 0% and tip 18%. About how much do you pay in total?", "exact_value": 39.01, "model": "qwen/qwen2.5-3b-instruct", "provider": "transformers", "response": "Final answer: 33.06\nTo calculate the total payment, we need to consider both the bill amount and the tip amount, which are both percentages of the total amount. Since the service fee is zero percent, the total payment consists solely of the tip amount.\n\nThe total payment can be calculated as follows:\n\n1. Bill amount: $33.06\n2. Tip amount: 18%\n\nTotal payment = Bill amount + Tip amount\n\nTotal payment = $33.06 + $33.06\n\nTotal payment = $33.06 + $33.06\n\nTotal payment = $33.06 + $33.06\n\nTotal payment = $33.06 + $33.06\n\nTotal payment = $33.06 + $33.06\n\nTotal payment = $33.06 + $33.06\n\nTotal payment = $33.06 + $33.06\n\nTotal payment = $33.06 + $33.06\n\nTotal payment = $33.06 + $33.06\n\nTotal payment = $33.0", "numeric_answer": 33.06, "relative_error": 0.15252499359138671, "thinking_text": null, "has_tool_call": false, "tool_call": null, "usage": {"prompt_tokens": 94, "completion_tokens": 256, "total_tokens": 350, "token_count_source": "tokenizer"}, "decoding": {"temperature": 0.2, "top_p": null, "top_k": null, "max_tokens": 256, "seed": 42}, "prompt_tokens": 94, "completion_tokens": 256, "total_tokens": 350, "token_count_source": "tokenizer", "diffusion_steps": null, "flops_estimate": null, "flops_arch": null, "flops_model_params": null, "flops_active_params": null, "tokens_non_final": 126, "tokens_reasoning": 0, "tokens_response": 126, "elapsed_seconds": 8.19917631149292, "judgement": "Good approximation"}
{"id": "tips_000227", "topic": "tips", "subtopic": "tips_service", "prompt": "Bill is $72.70; service fee 3% and tip 22%. About how much do you pay in total?", "exact_value": 91.35, "model": "qwen/qwen2.5-3b-instruct", "provider": "transformers", "response": "Final answer: 74.5870", "numeric_answer": 74.587, "relative_error": 0.18350301039956204, "thinking_text": null, "has_tool_call": false, "tool_call": null, "usage": {"prompt_tokens": 94, "completion_tokens": 12, "total_tokens": 106, "token_count_source": "tokenizer"}, "decoding": {"temperature": 0.2, "top_p": null, "top_k": null, "max_tokens": 256, "seed": 42}, "prompt_tokens": 94, "completion_tokens": 12, "total_tokens": 106, "token_count_source": "tokenizer", "diffusion_steps": null, "flops_estimate": null, "flops_arch": null, "flops_model_params": null, "flops_active_params": null, "tokens_non_final": 3, "tokens_reasoning": 0, "tokens_response": 3, "elapsed_seconds": 0.38131093978881836, "judgement": "Good approximation"}
{"id": "tips_000247", "topic": "tips", "subtopic": "tips_service", "prompt": "Bill is $79.43; service fee 0% and tip 22%. About how much do you pay in total?", "exact_value": 96.9, "model": "qwen/qwen2.5-3b-instruct", "provider": "transformers", "response": "Final answer: 85.677", "numeric_answer": 85.677, "relative_error": 0.11582043343653249, "thinking_text": null, "has_tool_call": false, "tool_call": null, "usage": {"prompt_tokens": 94, "completion_tokens": 11, "total_tokens": 105, "token_count_source": "tokenizer"}, "decoding": {"temperature": 0.2, "top_p": null, "top_k": null, "max_tokens": 256, "seed": 42}, "prompt_tokens": 94, "completion_tokens": 11, "total_tokens": 105, "token_count_source": "tokenizer", "diffusion_steps": null, "flops_estimate": null, "flops_arch": null, "flops_model_params": null, "flops_active_params": null, "tokens_non_final": 3, "tokens_reasoning": 0, "tokens_response": 3, "elapsed_seconds": 0.35172104835510254, "judgement": "Good approximation"}
{"id": "tips_000267", "topic": "tips", "subtopic": "tips_service", "prompt": "Bill is $66.82; service fee 3% and tip 22%. About how much do you pay in total?", "exact_value": 83.97, "model": "qwen/qwen2.5-3b-instruct", "provider": "transformers", "response": "Final answer: 66.82\nTo solve the problem:\n\n1. **Calculate the Total Payment**:\n   - **Bill**: $66.82\n   - **Service Fee**: 3%\n   - **Tip**: 22%\n\n2. **Total Payment Calculation**:\n   - **Total Payment = Bill + Service Fee + Tip**\n\n3. **Step-by-step Solution**:\n   - **Total Payment = Bill + Service Fee + Tip**\n   - **Total Payment = Bill + Service Fee + Tip**\n   - **Total Payment = Bill + Service Fee + Tip**\n\n4. **Final Total Payment**:\n   - **Total Payment = Bill + Service Fee + Tip**\n\n5. **Final Total Payment**:\n   - **Total Payment = Bill + Service Fee + Tip**\n\n6. **Total Payment = Bill + Service Fee + Tip**\n\n7. **Total Payment = Bill + Service Fee + Tip**\n\n8. **Total Payment = Bill + Service Fee + Tip**\n\n9. **Total Payment = Bill + Service Fee + Tip**\n\n10. **Total Payment = Bill + Service Fee + Tip**\n\n11. **Total Payment = Bill + Service Fee + Tip**\n\n12. **Total Payment = Bill + Service Fee", "numeric_answer": 66.82, "relative_error": 0.204239609384304, "thinking_text": null, "has_tool_call": false, "tool_call": null, "usage": {"prompt_tokens": 94, "completion_tokens": 256, "total_tokens": 350, "token_count_source": "tokenizer"}, "decoding": {"temperature": 0.2, "top_p": null, "top_k": null, "max_tokens": 256, "seed": 42}, "prompt_tokens": 94, "completion_tokens": 256, "total_tokens": 350, "token_count_source": "tokenizer", "diffusion_steps": null, "flops_estimate": null, "flops_arch": null, "flops_model_params": null, "flops_active_params": null, "tokens_non_final": 165, "tokens_reasoning": 0, "tokens_response": 165, "elapsed_seconds": 8.205955028533936, "judgement": "Mildly off"}
{"id": "tips_000287", "topic": "tips", "subtopic": "tips_service", "prompt": "Bill is $54.76; service fee 5% and tip 18%. About how much do you pay in total?", "exact_value": 67.85, "model": "qwen/qwen2.5-3b-instruct", "provider": "transformers", "response": "Final answer: 63.09", "numeric_answer": 63.09, "relative_error": 0.0701547531319085, "thinking_text": null, "has_tool_call": false, "tool_call": null, "usage": {"prompt_tokens": 94, "completion_tokens": 10, "total_tokens": 104, "token_count_source": "tokenizer"}, "decoding": {"temperature": 0.2, "top_p": null, "top_k": null, "max_tokens": 256, "seed": 42}, "prompt_tokens": 94, "completion_tokens": 10, "total_tokens": 104, "token_count_source": "tokenizer", "diffusion_steps": null, "flops_estimate": null, "flops_arch": null, "flops_model_params": null, "flops_active_params": null, "tokens_non_final": 3, "tokens_reasoning": 0, "tokens_response": 3, "elapsed_seconds": 0.32120633125305176, "judgement": "Good approximation"}
{"id": "tips_000307", "topic": "tips", "subtopic": "tips_service", "prompt": "Bill is $114.55; service fee 3% and tip 22%. About how much do you pay in total?", "exact_value": 143.94, "model": "qwen/qwen2.5-3b-instruct", "provider": "transformers", "response": "Final answer: 114.55\nTo calculate the total amount Bill pays, we need to account for both the service fee and the tip. The service fee is 3% of the bill, and the tip is 22% of the bill.\n\nFirst, let's calculate the service fee:\n- Service fee = 3% of $114.55\n\nSecond, calculate the tip:\n- Tip = 22% of $114.55\n\nThe total amount can be calculated as follows:\n\n1. Calculate the service fee:\n   - Service fee = 3% of $114.55\n   - This means the service fee is $114.55 multiplied by 3%.\n\n2. Calculate the tip:\n   - Tip = 22% of $114.55\n   - This means the tip is $114.55 multiplied by 22%.\n\nSince both the service fee and the tip are percentages of the same base amount ($114.55), we sum these two components to get the total amount Bill pays.\n\nLet's compute the total amount:\n- Total amount = Service fee + Tip\n\nTotal amount calculation:\n- Total", "numeric_answer": 114.55, "relative_error": 0.20418229817979713, "thinking_text": null, "has_tool_call": false, "tool_call": null, "usage": {"prompt_tokens": 95, "completion_tokens": 256, "total_tokens": 351, "token_count_source": "tokenizer"}, "decoding": {"temperature": 0.2, "top_p": null, "top_k": null, "max_tokens": 256, "seed": 42}, "prompt_tokens": 95, "completion_tokens": 256, "total_tokens": 351, "token_count_source": "tokenizer", "diffusion_steps": null, "flops_estimate": null, "flops_arch": null, "flops_model_params": null, "flops_active_params": null, "tokens_non_final": 158, "tokens_reasoning": 0, "tokens_response": 158, "elapsed_seconds": 8.21669888496399, "judgement": "Mildly off"}
{"id": "tips_000327", "topic": "tips", "subtopic": "tips_service", "prompt": "Bill is $31.62; service fee 5% and tip 18%. About how much do you pay in total?", "exact_value": 39.18, "model": "qwen/qwen2.5-3b-instruct", "provider": "transformers", "response": "Final answer: 34.70", "numeric_answer": 34.7, "relative_error": 0.11434405308831028, "thinking_text": null, "has_tool_call": false, "tool_call": null, "usage": {"prompt_tokens": 94, "completion_tokens": 10, "total_tokens": 104, "token_count_source": "tokenizer"}, "decoding": {"temperature": 0.2, "top_p": null, "top_k": null, "max_tokens": 256, "seed": 42}, "prompt_tokens": 94, "completion_tokens": 10, "total_tokens": 104, "token_count_source": "tokenizer", "diffusion_steps": null, "flops_estimate": null, "flops_arch": null, "flops_model_params": null, "flops_active_params": null, "tokens_non_final": 3, "tokens_reasoning": 0, "tokens_response": 3, "elapsed_seconds": 0.3227858543395996, "judgement": "Good approximation"}
{"id": "tips_000347", "topic": "tips", "subtopic": "tips_service", "prompt": "Bill is $22.85; service fee 3% and tip 15%. About how much do you pay in total?", "exact_value": 27.07, "model": "qwen/qwen2.5-3b-instruct", "provider": "transformers", "response": "Final answer: 24.0755", "numeric_answer": 24.0755, "relative_error": 0.11062061322497224, "thinking_text": null, "has_tool_call": false, "tool_call": null, "usage": {"prompt_tokens": 94, "completion_tokens": 12, "total_tokens": 106, "token_count_source": "tokenizer"}, "decoding": {"temperature": 0.2, "top_p": null, "top_k": null, "max_tokens": 256, "seed": 42}, "prompt_tokens": 94, "completion_tokens": 12, "total_tokens": 106, "token_count_source": "tokenizer", "diffusion_steps": null, "flops_estimate": null, "flops_arch": null, "flops_model_params": null, "flops_active_params": null, "tokens_non_final": 3, "tokens_reasoning": 0, "tokens_response": 3, "elapsed_seconds": 0.3841071128845215, "judgement": "Good approximation"}
{"id": "tips_000367", "topic": "tips", "subtopic": "tips_service", "prompt": "Bill is $82.68; service fee 0% and tip 15%. About how much do you pay in total?", "exact_value": 95.08, "model": "qwen/qwen2.5-3b-instruct", "provider": "transformers", "response": "Final answer: 83.97", "numeric_answer": 83.97, "relative_error": 0.11684896928901976, "thinking_text": null, "has_tool_call": false, "tool_call": null, "usage": {"prompt_tokens": 94, "completion_tokens": 10, "total_tokens": 104, "token_count_source": "tokenizer"}, "decoding": {"temperature": 0.2, "top_p": null, "top_k": null, "max_tokens": 256, "seed": 42}, "prompt_tokens": 94, "completion_tokens": 10, "total_tokens": 104, "token_count_source": "tokenizer", "diffusion_steps": null, "flops_estimate": null, "flops_arch": null, "flops_model_params": null, "flops_active_params": null, "tokens_non_final": 3, "tokens_reasoning": 0, "tokens_response": 3, "elapsed_seconds": 0.3201413154602051, "judgement": "Good approximation"}
{"id": "tips_000387", "topic": "tips", "subtopic": "tips_service", "prompt": "Bill is $87.76; service fee 3% and tip 22%. About how much do you pay in total?", "exact_value": 110.28, "model": "qwen/qwen2.5-3b-instruct", "provider": "transformers", "response": "Final answer: 94.50", "numeric_answer": 94.5, "relative_error": 0.14309031556039173, "thinking_text": null, "has_tool_call": false, "tool_call": null, "usage": {"prompt_tokens": 94, "completion_tokens": 10, "total_tokens": 104, "token_count_source": "tokenizer"}, "decoding": {"temperature": 0.2, "top_p": null, "top_k": null, "max_tokens": 256, "seed": 42}, "prompt_tokens": 94, "completion_tokens": 10, "total_tokens": 104, "token_count_source": "tokenizer", "diffusion_steps": null, "flops_estimate": null, "flops_arch": null, "flops_model_params": null, "flops_active_params": null, "tokens_non_final": 3, "tokens_reasoning": 0, "tokens_response": 3, "elapsed_seconds": 0.3186025619506836, "judgement": "Good approximation"}
{"id": "tips_000407", "topic": "tips", "subtopic": "tips_service", "prompt": "Bill is $81.00; service fee 3% and tip 20%. About how much do you pay in total?", "exact_value": 100.12, "model": "qwen/qwen2.5-3b-instruct", "provider": "transformers", "response": "Final answer: 91.56", "numeric_answer": 91.56, "relative_error": 0.0854974031162605, "thinking_text": null, "has_tool_call": false, "tool_call": null, "usage": {"prompt_tokens": 94, "completion_tokens": 10, "total_tokens": 104, "token_count_source": "tokenizer"}, "decoding": {"temperature": 0.2, "top_p": null, "top_k": null, "max_tokens": 256, "seed": 42}, "prompt_tokens": 94, "completion_tokens": 10, "total_tokens": 104, "token_count_source": "tokenizer", "diffusion_steps": null, "flops_estimate": null, "flops_arch": null, "flops_model_params": null, "flops_active_params": null, "tokens_non_final": 3, "tokens_reasoning": 0, "tokens_response": 3, "elapsed_seconds": 0.31770849227905273, "judgement": "Good approximation"}
{"id": "tips_000427", "topic": "tips", "subtopic": "tips_service", "prompt": "Bill is $99.26; service fee 0% and tip 22%. About how much do you pay in total?", "exact_value": 121.1, "model": "qwen/qwen2.5-3b-instruct", "provider": "transformers", "response": "Final answer: 137.48", "numeric_answer": 137.48, "relative_error": 0.13526011560693638, "thinking_text": null, "has_tool_call": false, "tool_call": null, "usage": {"prompt_tokens": 94, "completion_tokens": 11, "total_tokens": 105, "token_count_source": "tokenizer"}, "decoding": {"temperature": 0.2, "top_p": null, "top_k": null, "max_tokens": 256, "seed": 42}, "prompt_tokens": 94, "completion_tokens": 11, "total_tokens": 105, "token_count_source": "tokenizer", "diffusion_steps": null, "flops_estimate": null, "flops_arch": null, "flops_model_params": null, "flops_active_params": null, "tokens_non_final": 3, "tokens_reasoning": 0, "tokens_response": 3, "elapsed_seconds": 0.34994029998779297, "judgement": "Good approximation"}
{"id": "tips_000447", "topic": "tips", "subtopic": "tips_service", "prompt": "Bill is $13.43; service fee 3% and tip 18%. About how much do you pay in total?", "exact_value": 16.32, "model": "qwen/qwen2.5-3b-instruct", "provider": "transformers", "response": "Final answer: 20.5677", "numeric_answer": 20.5677, "relative_error": 0.2602757352941175, "thinking_text": null, "has_tool_call": false, "tool_call": null, "usage": {"prompt_tokens": 94, "completion_tokens": 12, "total_tokens": 106, "token_count_source": "tokenizer"}, "decoding": {"temperature": 0.2, "top_p": null, "top_k": null, "max_tokens": 256, "seed": 42}, "prompt_tokens": 94, "completion_tokens": 12, "total_tokens": 106, "token_count_source": "tokenizer", "diffusion_steps": null, "flops_estimate": null, "flops_arch": null, "flops_model_params": null, "flops_active_params": null, "tokens_non_final": 3, "tokens_reasoning": 0, "tokens_response": 3, "elapsed_seconds": 0.38121914863586426, "judgement": "Mildly off"}
{"id": "tips_000467", "topic": "tips", "subtopic": "tips_service", "prompt": "Bill is $47.68; service fee 5% and tip 22%. About how much do you pay in total?", "exact_value": 61.08, "model": "qwen/qwen2.5-3b-instruct", "provider": "transformers", "response": "Final answer: 47.68\nLet's calculate the total payment:\n\n1. **Initial Bill:** $47.68\n2. **Service Fee:** 5%\n3. **Tip:** 22%\n\n**Step 1:** Calculate the service fee amount.\n- Service fee = 5% of $47.68.\n\n**Step 2:** Calculate the tip amount.\n- Tip = 22% of $47.68.\n\n**Step 3:** Total payment calculation:\n- Total payment = sum of service fee and tip amounts.\n\nTo find the total payment:\n- Service fee amount = 5% of $47.68.\n- Tip amount = 22% of $47.68.\n\nSince both percentages are applied to the same base amount, we can add them together directly because they are independent of each other. \n\nThe total payment is simply the sum of these two percentages applied to the original amount. \n\nThus, the total payment is $47.68 itself, as the percentages are already accounted for within the initial amount.\n\nFinal answer: 47.68.", "numeric_answer": 47.68, "relative_error": 0.21938441388343155, "thinking_text": null, "has_tool_call": false, "tool_call": null, "usage": {"prompt_tokens": 94, "completion_tokens": 239, "total_tokens": 333, "token_count_source": "tokenizer"}, "decoding": {"temperature": 0.2, "top_p": null, "top_k": null, "max_tokens": 256, "seed": 42}, "prompt_tokens": 94, "completion_tokens": 239, "total_tokens": 333, "token_count_source": "tokenizer", "diffusion_steps": null, "flops_estimate": null, "flops_arch": null, "flops_model_params": null, "flops_active_params": null, "tokens_non_final": 141, "tokens_reasoning": 0, "tokens_response": 141, "elapsed_seconds": 7.646470785140991, "judgement": "Mildly off"}
{"id": "tips_000487", "topic": "tips", "subtopic": "tips_service", "prompt": "Bill is $84.77; service fee 0% and tip 22%. About how much do you pay in total?", "exact_value": 103.42, "model": "qwen/qwen2.5-3b-instruct", "provider": "transformers", "response": "Final answer: 84.77\nTo solve the problem:\n\n1. **Bill**: The total amount Bill pays is $84.77.\n\n2. **Service Fee**: Since the service fee is 0%, there is no additional cost due to the service fee.\n\n3. **Tip**: The tip is 22% of the total amount.\n\nThe total amount Bill pays can be calculated as follows:\n- Total amount = $84.77\n- Tip = 22% of total amount\n\nSince the tip is 22% of the total amount, we calculate the total amount as follows:\n- Total amount = $84.77\n- Tip = 22% of total amount\n\nTo find the total amount paid, we need to add the tip to the total amount. The total amount is already given as $84.77, and the tip is 22% of this total amount.\n\nThus, the total amount Bill pays is $84.77, with the tip being 22% of this total amount.\n\nFinal answer: 84.77\nThis means that the total amount Bill pays is $84.77. No further calculations are needed since", "numeric_answer": 84.77, "relative_error": 0.18033262425062857, "thinking_text": null, "has_tool_call": false, "tool_call": null, "usage": {"prompt_tokens": 94, "completion_tokens": 256, "total_tokens": 350, "token_count_source": "tokenizer"}, "decoding": {"temperature": 0.2, "top_p": null, "top_k": null, "max_tokens": 256, "seed": 42}, "prompt_tokens": 94, "completion_tokens": 256, "total_tokens": 350, "token_count_source": "tokenizer", "diffusion_steps": null, "flops_estimate": null, "flops_arch": null, "flops_model_params": null, "flops_active_params": null, "tokens_non_final": 164, "tokens_reasoning": 0, "tokens_response": 164, "elapsed_seconds": 8.243658542633057, "judgement": "Good approximation"}
{"id": "tips_000507", "topic": "tips", "subtopic": "tips_service", "prompt": "Bill is $71.65; service fee 5% and tip 22%. About how much do you pay in total?", "exact_value": 91.78, "model": "qwen/qwen2.5-3b-instruct", "provider": "transformers", "response": "Final answer: 80.395000", "numeric_answer": 80.395, "relative_error": 0.12404663325343218, "thinking_text": null, "has_tool_call": false, "tool_call": null, "usage": {"prompt_tokens": 94, "completion_tokens": 14, "total_tokens": 108, "token_count_source": "tokenizer"}, "decoding": {"temperature": 0.2, "top_p": null, "top_k": null, "max_tokens": 256, "seed": 42}, "prompt_tokens": 94, "completion_tokens": 14, "total_tokens": 108, "token_count_source": "tokenizer", "diffusion_steps": null, "flops_estimate": null, "flops_arch": null, "flops_model_params": null, "flops_active_params": null, "tokens_non_final": 3, "tokens_reasoning": 0, "tokens_response": 3, "elapsed_seconds": 0.45164966583251953, "judgement": "Good approximation"}
{"id": "tips_000527", "topic": "tips", "subtopic": "tips_service", "prompt": "Bill is $84.44; service fee 5% and tip 18%. About how much do you pay in total?", "exact_value": 104.62, "model": "qwen/qwen2.5-3b-instruct", "provider": "transformers", "response": "Final answer: 90.00", "numeric_answer": 90.0, "relative_error": 0.13974383483081632, "thinking_text": null, "has_tool_call": false, "tool_call": null, "usage": {"prompt_tokens": 94, "completion_tokens": 10, "total_tokens": 104, "token_count_source": "tokenizer"}, "decoding": {"temperature": 0.2, "top_p": null, "top_k": null, "max_tokens": 256, "seed": 42}, "prompt_tokens": 94, "completion_tokens": 10, "total_tokens": 104, "token_count_source": "tokenizer", "diffusion_steps": null, "flops_estimate": null, "flops_arch": null, "flops_model_params": null, "flops_active_params": null, "tokens_non_final": 3, "tokens_reasoning": 0, "tokens_response": 3, "elapsed_seconds": 0.3244760036468506, "judgement": "Good approximation"}
{"id": "tips_000547", "topic": "tips", "subtopic": "tips_service", "prompt": "Bill is $32.84; service fee 0% and tip 18%. About how much do you pay in total?", "exact_value": 38.75, "model": "qwen/qwen2.5-3b-instruct", "provider": "transformers", "response": "Final answer: 35.67", "numeric_answer": 35.67, "relative_error": 0.07948387096774188, "thinking_text": null, "has_tool_call": false, "tool_call": null, "usage": {"prompt_tokens": 94, "completion_tokens": 10, "total_tokens": 104, "token_count_source": "tokenizer"}, "decoding": {"temperature": 0.2, "top_p": null, "top_k": null, "max_tokens": 256, "seed": 42}, "prompt_tokens": 94, "completion_tokens": 10, "total_tokens": 104, "token_count_source": "tokenizer", "diffusion_steps": null, "flops_estimate": null, "flops_arch": null, "flops_model_params": null, "flops_active_params": null, "tokens_non_final": 3, "tokens_reasoning": 0, "tokens_response": 3, "elapsed_seconds": 0.32384490966796875, "judgement": "Good approximation"}
{"id": "tips_000567", "topic": "tips", "subtopic": "tips_service", "prompt": "Bill is $102.88; service fee 3% and tip 20%. About how much do you pay in total?", "exact_value": 127.16, "model": "qwen/qwen2.5-3b-instruct", "provider": "transformers", "response": "Final answer: 104.96", "numeric_answer": 104.96, "relative_error": 0.17458320226486318, "thinking_text": null, "has_tool_call": false, "tool_call": null, "usage": {"prompt_tokens": 95, "completion_tokens": 11, "total_tokens": 106, "token_count_source": "tokenizer"}, "decoding": {"temperature": 0.2, "top_p": null, "top_k": null, "max_tokens": 256, "seed": 42}, "prompt_tokens": 95, "completion_tokens": 11, "total_tokens": 106, "token_count_source": "tokenizer", "diffusion_steps": null, "flops_estimate": null, "flops_arch": null, "flops_model_params": null, "flops_active_params": null, "tokens_non_final": 3, "tokens_reasoning": 0, "tokens_response": 3, "elapsed_seconds": 0.36262059211730957, "judgement": "Good approximation"}
{"id": "tips_000587", "topic": "tips", "subtopic": "tips_service", "prompt": "Bill is $100.09; service fee 0% and tip 18%. About how much do you pay in total?", "exact_value": 118.11, "model": "qwen/qwen2.5-3b-instruct", "provider": "transformers", "response": "Final answer: 100.09\nThe total payment amount is calculated as follows:\n\n- Bill: $100.09\n- Service fee: 0%\n- Tip: 18%\n\nSince the service fee is 0%, there is no additional charge for services. The tip is 18%, which means that the total payment amount remains unchanged by the tip.\n\nTherefore, the total payment amount is $100.09. No adjustments are needed based on the given rules.", "numeric_answer": 100.09, "relative_error": 0.15256963847261024, "thinking_text": null, "has_tool_call": false, "tool_call": null, "usage": {"prompt_tokens": 95, "completion_tokens": 107, "total_tokens": 202, "token_count_source": "tokenizer"}, "decoding": {"temperature": 0.2, "top_p": null, "top_k": null, "max_tokens": 256, "seed": 42}, "prompt_tokens": 95, "completion_tokens": 107, "total_tokens": 202, "token_count_source": "tokenizer", "diffusion_steps": null, "flops_estimate": null, "flops_arch": null, "flops_model_params": null, "flops_active_params": null, "tokens_non_final": 66, "tokens_reasoning": 0, "tokens_response": 66, "elapsed_seconds": 3.455923080444336, "judgement": "Good approximation"}
{"id": "tips_000607", "topic": "tips", "subtopic": "tips_service", "prompt": "Bill is $35.03; service fee 0% and tip 18%. About how much do you pay in total?", "exact_value": 41.34, "model": "qwen/qwen2.5-3b-instruct", "provider": "transformers", "response": "Final answer: 35.03\nTo calculate the total payment, we need to combine the bill amount with the tip amount, considering that the service fee is zero percent. Since the tip percentage is 18%, the total payment can be calculated as follows:\n\n1. Bill amount: $35.03\n2. Tip amount: $35.03 multiplied by the tip percentage (18%).\n\nTotal payment = Bill amount + Tip amount.\n\nTotal payment = $35.03 + $35.03 multiplied by 18%.\n\nTotal payment = $35.03 + $35.03 multiplied by 18% = $35.03 + $35.03 multiplied by 18% = $35.03 + $35.03 multiplied by 18% = $35.03 + $35.03 multiplied by 18% = $35.03 + $35.03 multiplied by 18% = $35.03 + $35.03 multiplied by 18% = $35.03 + $35.03 multiplied by", "numeric_answer": 35.03, "relative_error": 0.1526366715045961, "thinking_text": null, "has_tool_call": false, "tool_call": null, "usage": {"prompt_tokens": 94, "completion_tokens": 256, "total_tokens": 350, "token_count_source": "tokenizer"}, "decoding": {"temperature": 0.2, "top_p": null, "top_k": null, "max_tokens": 256, "seed": 42}, "prompt_tokens": 94, "completion_tokens": 256, "total_tokens": 350, "token_count_source": "tokenizer", "diffusion_steps": null, "flops_estimate": null, "flops_arch": null, "flops_model_params": null, "flops_active_params": null, "tokens_non_final": 122, "tokens_reasoning": 0, "tokens_response": 122, "elapsed_seconds": 8.298453569412231, "judgement": "Good approximation"}
{"id": "tips_000627", "topic": "tips", "subtopic": "tips_service", "prompt": "Bill is $17.92; service fee 0% and tip 20%. About how much do you pay in total?", "exact_value": 21.5, "model": "qwen/qwen2.5-3b-instruct", "provider": "transformers", "response": "Final answer: 17.92\nTo calculate the total payment, we need to consider both the bill amount and the tip amount. Since the service fee is zero percent, the total payment includes only the bill amount and the tip amount.\n\nThe total payment can be calculated as follows:\n\n1. Bill amount: $17.92\n2. Tip amount: $17.92 multiplied by the tip percentage (20%).\n\nSince the tip amount is directly proportional to the bill amount, the total payment remains the same as the bill amount.\n\nTherefore, the total payment is $17.92. \n\nFinal answer: 17.92", "numeric_answer": 17.92, "relative_error": 0.16651162790697666, "thinking_text": null, "has_tool_call": false, "tool_call": null, "usage": {"prompt_tokens": 94, "completion_tokens": 138, "total_tokens": 232, "token_count_source": "tokenizer"}, "decoding": {"temperature": 0.2, "top_p": null, "top_k": null, "max_tokens": 256, "seed": 42}, "prompt_tokens": 94, "completion_tokens": 138, "total_tokens": 232, "token_count_source": "tokenizer", "diffusion_steps": null, "flops_estimate": null, "flops_arch": null, "flops_model_params": null, "flops_active_params": null, "tokens_non_final": 91, "tokens_reasoning": 0, "tokens_response": 91, "elapsed_seconds": 4.458496332168579, "judgement": "Good approximation"}
{"id": "tips_000647", "topic": "tips", "subtopic": "tips_service", "prompt": "Bill is $72.20; service fee 0% and tip 18%. About how much do you pay in total?", "exact_value": 85.2, "model": "qwen/qwen2.5-3b-instruct", "provider": "transformers", "response": "Final answer: 72.20\nTo calculate the total payment amount, we need to consider both the base price of Bill ($72.20) and the tip ($18%). Since there is no service fee mentioned, we assume that the total payment includes only the tip.\n\nThe total payment can be calculated as follows:\n\n1. Tip amount: $18%\n2. Base price: $72.20\n\nTotal payment = Base price + Tip amount\n\nTotal payment = $72.20 + $18%\n\nTotal payment = $72.20 + $72.20\n\nTotal payment = $72.20 + $72.20 + $72.20 + $72.20 + $72.20 + $72.20 + $72.20 + $72.20 + $72.20 + $72.20 + $72.20 + $72.20 + $72.20 + $72.20 + $72.20 + $72.20 + $72.20 + $72.", "numeric_answer": 72.2, "relative_error": 0.15258215962441313, "thinking_text": null, "has_tool_call": false, "tool_call": null, "usage": {"prompt_tokens": 94, "completion_tokens": 256, "total_tokens": 350, "token_count_source": "tokenizer"}, "decoding": {"temperature": 0.2, "top_p": null, "top_k": null, "max_tokens": 256, "seed": 42}, "prompt_tokens": 94, "completion_tokens": 256, "total_tokens": 350, "token_count_source": "tokenizer", "diffusion_steps": null, "flops_estimate": null, "flops_arch": null, "flops_model_params": null, "flops_active_params": null, "tokens_non_final": 115, "tokens_reasoning": 0, "tokens_response": 115, "elapsed_seconds": 8.280153751373291, "judgement": "Good approximation"}
{"id": "tips_000667", "topic": "tips", "subtopic": "tips_service", "prompt": "Bill is $28.54; service fee 5% and tip 15%. About how much do you pay in total?", "exact_value": 34.46, "model": "qwen/qwen2.5-3b-instruct", "provider": "transformers", "response": "Final answer: 30.976", "numeric_answer": 30.976, "relative_error": 0.10110272780034828, "thinking_text": null, "has_tool_call": false, "tool_call": null, "usage": {"prompt_tokens": 94, "completion_tokens": 11, "total_tokens": 105, "token_count_source": "tokenizer"}, "decoding": {"temperature": 0.2, "top_p": null, "top_k": null, "max_tokens": 256, "seed": 42}, "prompt_tokens": 94, "completion_tokens": 11, "total_tokens": 105, "token_count_source": "tokenizer", "diffusion_steps": null, "flops_estimate": null, "flops_arch": null, "flops_model_params": null, "flops_active_params": null, "tokens_non_final": 3, "tokens_reasoning": 0, "tokens_response": 3, "elapsed_seconds": 0.3533053398132324, "judgement": "Good approximation"}
{"id": "tips_000687", "topic": "tips", "subtopic": "tips_service", "prompt": "Bill is $24.54; service fee 0% and tip 20%. About how much do you pay in total?", "exact_value": 29.45, "model": "qwen/qwen2.5-3b-instruct", "provider": "transformers", "response": "Final answer: 24.54\nThe total payment amount is calculated by summing the base price of $24.54 with the tip amount, which is 20% of the base price. Since the service fee is zero percent, the total payment remains the base price itself. Therefore, the total payment amount is $24.54. No additional numbers or units are needed as the output is straightforward.", "numeric_answer": 24.54, "relative_error": 0.166723259762309, "thinking_text": null, "has_tool_call": false, "tool_call": null, "usage": {"prompt_tokens": 94, "completion_tokens": 90, "total_tokens": 184, "token_count_source": "tokenizer"}, "decoding": {"temperature": 0.2, "top_p": null, "top_k": null, "max_tokens": 256, "seed": 42}, "prompt_tokens": 94, "completion_tokens": 90, "total_tokens": 184, "token_count_source": "tokenizer", "diffusion_steps": null, "flops_estimate": null, "flops_arch": null, "flops_model_params": null, "flops_active_params": null, "tokens_non_final": 61, "tokens_reasoning": 0, "tokens_response": 61, "elapsed_seconds": 2.908461809158325, "judgement": "Good approximation"}
{"id": "tips_000707", "topic": "tips", "subtopic": "tips_service", "prompt": "Bill is $115.78; service fee 0% and tip 15%. About how much do you pay in total?", "exact_value": 133.15, "model": "qwen/qwen2.5-3b-instruct", "provider": "transformers", "response": "Final answer: 115.78\nThe total payment amount would be the sum of Bill's base amount ($115.78) and the tip amount ($15%). Since the service fee is zero percent, there is no additional charge for the service fee. The total payment is simply the sum of these two amounts. Therefore, the total payment amount is $115.78. \n\nSince the question does not specify whether the total payment should include the tip or not, we assume that the total payment includes both the base amount and the tip amount. Thus, the total payment amount is $115.78. \n\nFinal answer: 115.78.", "numeric_answer": 115.78, "relative_error": 0.1304543747653023, "thinking_text": null, "has_tool_call": false, "tool_call": null, "usage": {"prompt_tokens": 95, "completion_tokens": 147, "total_tokens": 242, "token_count_source": "tokenizer"}, "decoding": {"temperature": 0.2, "top_p": null, "top_k": null, "max_tokens": 256, "seed": 42}, "prompt_tokens": 95, "completion_tokens": 147, "total_tokens": 242, "token_count_source": "tokenizer", "diffusion_steps": null, "flops_estimate": null, "flops_arch": null, "flops_model_params": null, "flops_active_params": null, "tokens_non_final": 96, "tokens_reasoning": 0, "tokens_response": 96, "elapsed_seconds": 4.7571258544921875, "judgement": "Good approximation"}
{"id": "tips_000727", "topic": "tips", "subtopic": "tips_service", "prompt": "Bill is $100.10; service fee 0% and tip 18%. About how much do you pay in total?", "exact_value": 118.12, "model": "qwen/qwen2.5-3b-instruct", "provider": "transformers", "response": "Final answer: 100.10\nThe total payment amount is calculated as follows:\n\n- Bill: $100.10\n- Tip: 18%\n- Service fee: 0%\n\nTo find the total payment amount, we need to add the bill amount with the tip percentage. Since the service fee is zero, there is no additional cost for the service fee.\n\nThe total payment amount can be calculated by multiplying the bill amount by the tip percentage (18%) and then adding the original bill amount. This results in:\n\n$$\nTotal Payment = \\text{Bill Amount} + \\text{Tip Percentage}\n$$\n\nGiven that the tip percentage is 18%, the total payment amount is:\n\n$$\nTotal Payment = 100.10 + 18%\n$$\n\nSince the service fee is zero, the total payment amount remains the same as the bill amount. Therefore, the total payment amount is $100.10. The final answer is:\n\nFinal answer: 100.10", "numeric_answer": 100.1, "relative_error": 0.15255672197764994, "thinking_text": null, "has_tool_call": false, "tool_call": null, "usage": {"prompt_tokens": 95, "completion_tokens": 218, "total_tokens": 313, "token_count_source": "tokenizer"}, "decoding": {"temperature": 0.2, "top_p": null, "top_k": null, "max_tokens": 256, "seed": 42}, "prompt_tokens": 95, "completion_tokens": 218, "total_tokens": 313, "token_count_source": "tokenizer", "diffusion_steps": null, "flops_estimate": null, "flops_arch": null, "flops_model_params": null, "flops_active_params": null, "tokens_non_final": 141, "tokens_reasoning": 0, "tokens_response": 141, "elapsed_seconds": 7.048654079437256, "judgement": "Good approximation"}
{"id": "tips_000747", "topic": "tips", "subtopic": "tips_service", "prompt": "Bill is $119.18; service fee 0% and tip 15%. About how much do you pay in total?", "exact_value": 137.06, "model": "qwen/qwen2.5-3b-instruct", "provider": "transformers", "response": "Final answer: 124.76", "numeric_answer": 124.76, "relative_error": 0.08974171895520208, "thinking_text": null, "has_tool_call": false, "tool_call": null, "usage": {"prompt_tokens": 95, "completion_tokens": 11, "total_tokens": 106, "token_count_source": "tokenizer"}, "decoding": {"temperature": 0.2, "top_p": null, "top_k": null, "max_tokens": 256, "seed": 42}, "prompt_tokens": 95, "completion_tokens": 11, "total_tokens": 106, "token_count_source": "tokenizer", "diffusion_steps": null, "flops_estimate": null, "flops_arch": null, "flops_model_params": null, "flops_active_params": null, "tokens_non_final": 3, "tokens_reasoning": 0, "tokens_response": 3, "elapsed_seconds": 0.3550291061401367, "judgement": "Good approximation"}
{"id": "tips_000767", "topic": "tips", "subtopic": "tips_service", "prompt": "Bill is $12.91; service fee 3% and tip 18%. About how much do you pay in total?", "exact_value": 15.69, "model": "qwen/qwen2.5-3b-instruct", "provider": "transformers", "response": "Final answer: 14.76", "numeric_answer": 14.76, "relative_error": 0.05927342256214148, "thinking_text": null, "has_tool_call": false, "tool_call": null, "usage": {"prompt_tokens": 94, "completion_tokens": 10, "total_tokens": 104, "token_count_source": "tokenizer"}, "decoding": {"temperature": 0.2, "top_p": null, "top_k": null, "max_tokens": 256, "seed": 42}, "prompt_tokens": 94, "completion_tokens": 10, "total_tokens": 104, "token_count_source": "tokenizer", "diffusion_steps": null, "flops_estimate": null, "flops_arch": null, "flops_model_params": null, "flops_active_params": null, "tokens_non_final": 3, "tokens_reasoning": 0, "tokens_response": 3, "elapsed_seconds": 0.3212423324584961, "judgement": "Good approximation"}
{"id": "tips_000787", "topic": "tips", "subtopic": "tips_service", "prompt": "Bill is $77.28; service fee 5% and tip 22%. About how much do you pay in total?", "exact_value": 99.0, "model": "qwen/qwen2.5-3b-instruct", "provider": "transformers", "response": "Final answer: 77.28\nTo solve the problem:\n\n1. **Initial Calculation:** \n   - Bill's total amount before applying the service fee and tip is $77.28.\n\n2. **Service Fee:**\n   - The service fee is 5%, meaning the total amount is increased by the service fee percentage.\n\n3. **Tip:**\n   - The tip is 22%, which means the total amount is increased by the tip percentage.\n\n4. **Total Amount Calculation:**\n   - To find the total amount, we need to add both the service fee and the tip percentages to the initial total amount.\n\n5. **Stepwise Calculation:**\n   - First, calculate the total amount after adding the service fee:\n   - Then, calculate the total amount after adding the tip.\n\n6. **Final Total Amount:**\n   - After applying both the service fee and the tip, the total amount becomes $77.28.\n\nGiven that the service fee and tip percentages are applied sequentially, the total amount remains unchanged because each percentage is applied independently to the total amount. Therefore, the total amount after applying both percentages is still $77.28.\n\nFinal answer: 77.28.", "numeric_answer": 77.28, "relative_error": 0.2193939393939394, "thinking_text": null, "has_tool_call": false, "tool_call": null, "usage": {"prompt_tokens": 94, "completion_tokens": 255, "total_tokens": 349, "token_count_source": "tokenizer"}, "decoding": {"temperature": 0.2, "top_p": null, "top_k": null, "max_tokens": 256, "seed": 42}, "prompt_tokens": 94, "completion_tokens": 255, "total_tokens": 349, "token_count_source": "tokenizer", "diffusion_steps": null, "flops_estimate": null, "flops_arch": null, "flops_model_params": null, "flops_active_params": null, "tokens_non_final": 171, "tokens_reasoning": 0, "tokens_response": 171, "elapsed_seconds": 8.226619005203247, "judgement": "Mildly off"}
{"id": "tips_000807", "topic": "tips", "subtopic": "tips_service", "prompt": "Bill is $114.97; service fee 3% and tip 20%. About how much do you pay in total?", "exact_value": 142.1, "model": "qwen/qwen2.5-3b-instruct", "provider": "transformers", "response": "Final answer: 158.97", "numeric_answer": 158.97, "relative_error": 0.11871921182266014, "thinking_text": null, "has_tool_call": false, "tool_call": null, "usage": {"prompt_tokens": 95, "completion_tokens": 11, "total_tokens": 106, "token_count_source": "tokenizer"}, "decoding": {"temperature": 0.2, "top_p": null, "top_k": null, "max_tokens": 256, "seed": 42}, "prompt_tokens": 95, "completion_tokens": 11, "total_tokens": 106, "token_count_source": "tokenizer", "diffusion_steps": null, "flops_estimate": null, "flops_arch": null, "flops_model_params": null, "flops_active_params": null, "tokens_non_final": 3, "tokens_reasoning": 0, "tokens_response": 3, "elapsed_seconds": 0.354339599609375, "judgement": "Good approximation"}
{"id": "tips_000827", "topic": "tips", "subtopic": "tips_service", "prompt": "Bill is $39.73; service fee 5% and tip 22%. About how much do you pay in total?", "exact_value": 50.89, "model": "qwen/qwen2.5-3b-instruct", "provider": "transformers", "response": "Final answer: 40.186780", "numeric_answer": 40.18678, "relative_error": 0.21032069168795445, "thinking_text": null, "has_tool_call": false, "tool_call": null, "usage": {"prompt_tokens": 94, "completion_tokens": 14, "total_tokens": 108, "token_count_source": "tokenizer"}, "decoding": {"temperature": 0.2, "top_p": null, "top_k": null, "max_tokens": 256, "seed": 42}, "prompt_tokens": 94, "completion_tokens": 14, "total_tokens": 108, "token_count_source": "tokenizer", "diffusion_steps": null, "flops_estimate": null, "flops_arch": null, "flops_model_params": null, "flops_active_params": null, "tokens_non_final": 3, "tokens_reasoning": 0, "tokens_response": 3, "elapsed_seconds": 0.44934773445129395, "judgement": "Mildly off"}
{"id": "tips_000847", "topic": "tips", "subtopic": "tips_service", "prompt": "Bill is $108.02; service fee 3% and tip 20%. About how much do you pay in total?", "exact_value": 133.51, "model": "qwen/qwen2.5-3b-instruct", "provider": "transformers", "response": "Final answer: 108.02", "numeric_answer": 108.02, "relative_error": 0.19092202831248592, "thinking_text": null, "has_tool_call": false, "tool_call": null, "usage": {"prompt_tokens": 95, "completion_tokens": 11, "total_tokens": 106, "token_count_source": "tokenizer"}, "decoding": {"temperature": 0.2, "top_p": null, "top_k": null, "max_tokens": 256, "seed": 42}, "prompt_tokens": 95, "completion_tokens": 11, "total_tokens": 106, "token_count_source": "tokenizer", "diffusion_steps": null, "flops_estimate": null, "flops_arch": null, "flops_model_params": null, "flops_active_params": null, "tokens_non_final": 3, "tokens_reasoning": 0, "tokens_response": 3, "elapsed_seconds": 0.35195183753967285, "judgement": "Good approximation"}
{"id": "tips_000867", "topic": "tips", "subtopic": "tips_service", "prompt": "Bill is $93.22; service fee 3% and tip 22%. About how much do you pay in total?", "exact_value": 117.14, "model": "qwen/qwen2.5-3b-instruct", "provider": "transformers", "response": "Final answer: 105.4687", "numeric_answer": 105.4687, "relative_error": 0.09963547891411988, "thinking_text": null, "has_tool_call": false, "tool_call": null, "usage": {"prompt_tokens": 94, "completion_tokens": 13, "total_tokens": 107, "token_count_source": "tokenizer"}, "decoding": {"temperature": 0.2, "top_p": null, "top_k": null, "max_tokens": 256, "seed": 42}, "prompt_tokens": 94, "completion_tokens": 13, "total_tokens": 107, "token_count_source": "tokenizer", "diffusion_steps": null, "flops_estimate": null, "flops_arch": null, "flops_model_params": null, "flops_active_params": null, "tokens_non_final": 3, "tokens_reasoning": 0, "tokens_response": 3, "elapsed_seconds": 0.4173860549926758, "judgement": "Good approximation"}
{"id": "tips_000887", "topic": "tips", "subtopic": "tips_service", "prompt": "Bill is $41.32; service fee 0% and tip 18%. About how much do you pay in total?", "exact_value": 48.76, "model": "qwen/qwen2.5-3b-instruct", "provider": "transformers", "response": "Final answer: 41.32\nTo calculate the total payment amount, we need to consider both the base price and the tip amount. Since the service fee is zero percent, the total payment is simply the sum of the base price and the tip amount.\n\nThe base price is Bill's value, which is $41.32. The tip amount is 18%, meaning that the total payment will be the base price plus the tip amount multiplied by the base price.\n\nLet's break down the calculation:\n\n1. Base Price: $41.32\n2. Tip Amount: 18%\n\nTotal Payment = Base Price + Tip Amount\n\nTotal Payment = $41.32 + 18% of $41.32\n\nTotal Payment = $41.32 + $41.32 (18%)\n\nTotal Payment = $41.32 + $41.32 (18%) = $41.32 + $41.32 (18%) = $41.32 + $41.32 (18%)\n\nTotal Payment = $41.32 + $41.32 (18%) = $", "numeric_answer": 41.32, "relative_error": 0.15258408531583262, "thinking_text": null, "has_tool_call": false, "tool_call": null, "usage": {"prompt_tokens": 94, "completion_tokens": 256, "total_tokens": 350, "token_count_source": "tokenizer"}, "decoding": {"temperature": 0.2, "top_p": null, "top_k": null, "max_tokens": 256, "seed": 42}, "prompt_tokens": 94, "completion_tokens": 256, "total_tokens": 350, "token_count_source": "tokenizer", "diffusion_steps": null, "flops_estimate": null, "flops_arch": null, "flops_model_params": null, "flops_active_params": null, "tokens_non_final": 138, "tokens_reasoning": 0, "tokens_response": 138, "elapsed_seconds": 8.265303134918213, "judgement": "Good approximation"}
{"id": "tips_000907", "topic": "tips", "subtopic": "tips_service", "prompt": "Bill is $65.03; service fee 3% and tip 22%. About how much do you pay in total?", "exact_value": 81.72, "model": "qwen/qwen2.5-3b-instruct", "provider": "transformers", "response": "Final answer: 65.03\nTo solve the problem:\n\n1. **Initial Calculation**: Bill is $65.03.\n\n2. **Service Fee**: The service fee is 3%, which means the total amount increases by 3% due to the service fee.\n\n3. **Tip**: The tip is 22%, meaning the total amount increases by 22% due to the tip.\n\n4. **Total Payment**: Since both the service fee and the tip increase the total amount, we need to calculate the total payment considering both percentages.\n\n5. **Calculation**:\n   - **Service Fee**: Increase the total amount by 3%.\n   - **Tip**: Increase the total amount by 22%.\n\n6. **Total Increase**: The total increase can be calculated as follows:\n   - **Total Increase**: \n   - Total Increase = 3% + 22%\n   - Total Increase = 3% + 22% = 3% + 22%\n\n7. **Final Total**: The total amount is increased by both percentages, resulting in a total payment of $65.03.\n\n8. **Final Total**: To find the total payment, we need to add both percentages together", "numeric_answer": 65.03, "relative_error": 0.20423396965247184, "thinking_text": null, "has_tool_call": false, "tool_call": null, "usage": {"prompt_tokens": 94, "completion_tokens": 256, "total_tokens": 350, "token_count_source": "tokenizer"}, "decoding": {"temperature": 0.2, "top_p": null, "top_k": null, "max_tokens": 256, "seed": 42}, "prompt_tokens": 94, "completion_tokens": 256, "total_tokens": 350, "token_count_source": "tokenizer", "diffusion_steps": null, "flops_estimate": null, "flops_arch": null, "flops_model_params": null, "flops_active_params": null, "tokens_non_final": 160, "tokens_reasoning": 0, "tokens_response": 160, "elapsed_seconds": 8.300326585769653, "judgement": "Mildly off"}
{"id": "tips_000927", "topic": "tips", "subtopic": "tips_service", "prompt": "Bill is $78.22; service fee 5% and tip 15%. About how much do you pay in total?", "exact_value": 94.45, "model": "qwen/qwen2.5-3b-instruct", "provider": "transformers", "response": "Final answer: 78.22\nTo calculate the total amount Bill pays, we need to account for both the service fee and the tip. The service fee is 5% of the bill, and the tip is 15% of the bill. \n\nFirst, let's compute the service fee:\n- Service fee = 5%\n- Service fee amount = 78.22 * 5%\n\nNext, the tip:\n- Tip = 15%\n- Tip amount = 78.22 * 15%\n\nSince these percentages are applied to the same base amount, we can sum them up as follows:\n\n1. Calculate the total amount by multiplying the original bill amount with the respective percentages:\n   - Total amount = 78.22 * (5% + 15%)\n\n2. Simplify the total amount calculation:\n   - Total amount = 78.22 * (5% + 15%) = 78.22 * (10%)\n   \n3. This simplifies to:\n   - Total amount = 78.22 * (10%)\n   \n4. Total amount = 78.22 * (10%)\n   \n5", "numeric_answer": 78.22, "relative_error": 0.17183695076760194, "thinking_text": null, "has_tool_call": false, "tool_call": null, "usage": {"prompt_tokens": 94, "completion_tokens": 256, "total_tokens": 350, "token_count_source": "tokenizer"}, "decoding": {"temperature": 0.2, "top_p": null, "top_k": null, "max_tokens": 256, "seed": 42}, "prompt_tokens": 94, "completion_tokens": 256, "total_tokens": 350, "token_count_source": "tokenizer", "diffusion_steps": null, "flops_estimate": null, "flops_arch": null, "flops_model_params": null, "flops_active_params": null, "tokens_non_final": 150, "tokens_reasoning": 0, "tokens_response": 150, "elapsed_seconds": 8.271947622299194, "judgement": "Good approximation"}
{"id": "tips_000947", "topic": "tips", "subtopic": "tips_service", "prompt": "Bill is $97.36; service fee 3% and tip 15%. About how much do you pay in total?", "exact_value": 115.32, "model": "qwen/qwen2.5-3b-instruct", "provider": "transformers", "response": "Final answer: 97.36\nTo calculate the total amount:\n\n1. **Initial Amount**: Bill's bill amount is $97.36.\n2. **Service Fee**: The service fee is 3% of the bill amount.\n3. **Tip**: The tip is 15% of the bill amount.\n\nFirst, calculate the service fee:\n- Service fee = 3% of $97.36\n\nNext, calculate the tip:\n- Tip = 15% of $97.36\n\nTotal amount calculation:\n- Total amount = sum of service fee and tip.\n\nLet's break down the calculations:\n\n1. **Service Fee**:\n   - Service fee = 3% of $97.36\n   - Service fee = $97.36 * 3%\n   - Service fee = $97.36 * 0.3\n\n2. **Tip**:\n   - Tip = 15% of $97.36\n   - Tip = $97.36 * 15%\n\nTotal amount = sum of service fee and tip.\n\nTotal amount = $97.36 * 3% + $97.36", "numeric_answer": 97.36, "relative_error": 0.15574054804023582, "thinking_text": null, "has_tool_call": false, "tool_call": null, "usage": {"prompt_tokens": 94, "completion_tokens": 256, "total_tokens": 350, "token_count_source": "tokenizer"}, "decoding": {"temperature": 0.2, "top_p": null, "top_k": null, "max_tokens": 256, "seed": 42}, "prompt_tokens": 94, "completion_tokens": 256, "total_tokens": 350, "token_count_source": "tokenizer", "diffusion_steps": null, "flops_estimate": null, "flops_arch": null, "flops_model_params": null, "flops_active_params": null, "tokens_non_final": 133, "tokens_reasoning": 0, "tokens_response": 133, "elapsed_seconds": 8.2966628074646, "judgement": "Good approximation"}
{"id": "tips_000967", "topic": "tips", "subtopic": "tips_service", "prompt": "Bill is $13.97; service fee 3% and tip 15%. About how much do you pay in total?", "exact_value": 16.55, "model": "qwen/qwen2.5-3b-instruct", "provider": "transformers", "response": "Final answer: 14.86", "numeric_answer": 14.86, "relative_error": 0.10211480362537771, "thinking_text": null, "has_tool_call": false, "tool_call": null, "usage": {"prompt_tokens": 94, "completion_tokens": 10, "total_tokens": 104, "token_count_source": "tokenizer"}, "decoding": {"temperature": 0.2, "top_p": null, "top_k": null, "max_tokens": 256, "seed": 42}, "prompt_tokens": 94, "completion_tokens": 10, "total_tokens": 104, "token_count_source": "tokenizer", "diffusion_steps": null, "flops_estimate": null, "flops_arch": null, "flops_model_params": null, "flops_active_params": null, "tokens_non_final": 3, "tokens_reasoning": 0, "tokens_response": 3, "elapsed_seconds": 0.32295966148376465, "judgement": "Good approximation"}
{"id": "tips_000987", "topic": "tips", "subtopic": "tips_service", "prompt": "Bill is $60.94; service fee 5% and tip 18%. About how much do you pay in total?", "exact_value": 75.5, "model": "qwen/qwen2.5-3b-instruct", "provider": "transformers", "response": "Final answer: 67.32", "numeric_answer": 67.32, "relative_error": 0.10834437086092724, "thinking_text": null, "has_tool_call": false, "tool_call": null, "usage": {"prompt_tokens": 94, "completion_tokens": 10, "total_tokens": 104, "token_count_source": "tokenizer"}, "decoding": {"temperature": 0.2, "top_p": null, "top_k": null, "max_tokens": 256, "seed": 42}, "prompt_tokens": 94, "completion_tokens": 10, "total_tokens": 104, "token_count_source": "tokenizer", "diffusion_steps": null, "flops_estimate": null, "flops_arch": null, "flops_model_params": null, "flops_active_params": null, "tokens_non_final": 3, "tokens_reasoning": 0, "tokens_response": 3, "elapsed_seconds": 0.3214437961578369, "judgement": "Good approximation"}
{"id": "tips_001007", "topic": "tips", "subtopic": "tips_service", "prompt": "Bill is $101.70; service fee 3% and tip 18%. About how much do you pay in total?", "exact_value": 123.61, "model": "qwen/qwen2.5-3b-instruct", "provider": "transformers", "response": "Final answer: 129.46", "numeric_answer": 129.46, "relative_error": 0.04732626810128637, "thinking_text": null, "has_tool_call": false, "tool_call": null, "usage": {"prompt_tokens": 95, "completion_tokens": 11, "total_tokens": 106, "token_count_source": "tokenizer"}, "decoding": {"temperature": 0.2, "top_p": null, "top_k": null, "max_tokens": 256, "seed": 42}, "prompt_tokens": 95, "completion_tokens": 11, "total_tokens": 106, "token_count_source": "tokenizer", "diffusion_steps": null, "flops_estimate": null, "flops_arch": null, "flops_model_params": null, "flops_active_params": null, "tokens_non_final": 3, "tokens_reasoning": 0, "tokens_response": 3, "elapsed_seconds": 0.3527252674102783, "judgement": "Good approximation"}
{"id": "tips_001027", "topic": "tips", "subtopic": "tips_service", "prompt": "Bill is $71.23; service fee 0% and tip 20%. About how much do you pay in total?", "exact_value": 85.48, "model": "qwen/qwen2.5-3b-instruct", "provider": "transformers", "response": "Final answer: 71.23\nThe total payment amount is calculated by summing the base price of Bill ($71.23) with the tip amount ($71.23 multiplied by 20%). Since the service fee is zero percent, the total payment remains solely the base price of Bill. Thus, the total payment amount is $71.23. No additional numbers or calculations are needed as the total payment is directly the base price of Bill.", "numeric_answer": 71.23, "relative_error": 0.16670566214319138, "thinking_text": null, "has_tool_call": false, "tool_call": null, "usage": {"prompt_tokens": 94, "completion_tokens": 100, "total_tokens": 194, "token_count_source": "tokenizer"}, "decoding": {"temperature": 0.2, "top_p": null, "top_k": null, "max_tokens": 256, "seed": 42}, "prompt_tokens": 94, "completion_tokens": 100, "total_tokens": 194, "token_count_source": "tokenizer", "diffusion_steps": null, "flops_estimate": null, "flops_arch": null, "flops_model_params": null, "flops_active_params": null, "tokens_non_final": 67, "tokens_reasoning": 0, "tokens_response": 67, "elapsed_seconds": 3.229715347290039, "judgement": "Good approximation"}
{"id": "tips_001047", "topic": "tips", "subtopic": "tips_service", "prompt": "Bill is $56.40; service fee 5% and tip 15%. About how much do you pay in total?", "exact_value": 68.1, "model": "qwen/qwen2.5-3b-instruct", "provider": "transformers", "response": "Final answer: 62.98", "numeric_answer": 62.98, "relative_error": 0.07518355359765048, "thinking_text": null, "has_tool_call": false, "tool_call": null, "usage": {"prompt_tokens": 94, "completion_tokens": 10, "total_tokens": 104, "token_count_source": "tokenizer"}, "decoding": {"temperature": 0.2, "top_p": null, "top_k": null, "max_tokens": 256, "seed": 42}, "prompt_tokens": 94, "completion_tokens": 10, "total_tokens": 104, "token_count_source": "tokenizer", "diffusion_steps": null, "flops_estimate": null, "flops_arch": null, "flops_model_params": null, "flops_active_params": null, "tokens_non_final": 3, "tokens_reasoning": 0, "tokens_response": 3, "elapsed_seconds": 0.3226466178894043, "judgement": "Good approximation"}
{"id": "tips_001067", "topic": "tips", "subtopic": "tips_service", "prompt": "Bill is $110.45; service fee 5% and tip 20%. About how much do you pay in total?", "exact_value": 139.17, "model": "qwen/qwen2.5-3b-instruct", "provider": "transformers", "response": "Final answer: 123.78956", "numeric_answer": 123.78956, "relative_error": 0.11051548465905005, "thinking_text": null, "has_tool_call": false, "tool_call": null, "usage": {"prompt_tokens": 95, "completion_tokens": 14, "total_tokens": 109, "token_count_source": "tokenizer"}, "decoding": {"temperature": 0.2, "top_p": null, "top_k": null, "max_tokens": 256, "seed": 42}, "prompt_tokens": 95, "completion_tokens": 14, "total_tokens": 109, "token_count_source": "tokenizer", "diffusion_steps": null, "flops_estimate": null, "flops_arch": null, "flops_model_params": null, "flops_active_params": null, "tokens_non_final": 3, "tokens_reasoning": 0, "tokens_response": 3, "elapsed_seconds": 0.4493377208709717, "judgement": "Good approximation"}
{"id": "tips_001087", "topic": "tips", "subtopic": "tips_service", "prompt": "Bill is $32.83; service fee 0% and tip 15%. About how much do you pay in total?", "exact_value": 37.75, "model": "qwen/qwen2.5-3b-instruct", "provider": "transformers", "response": "Final answer: 32.83\nHere's the reasoning:\n\n1. Bill's total payment is influenced by the service fee and tip percentages. Since the service fee is 0%, there is no additional charge for services.\n\n2. The tip percentage is 15%, meaning that the total amount paid includes both the bill amount and the tip amount.\n\n3. Given that the bill amount is $32.83, and since there is no additional service fee, the total payment remains the same as the bill amount.\n\n4. Therefore, the total payment is $32.83. No other factors like taxes or discounts affect this calculation.\n\nFinal answer: 32.83.", "numeric_answer": 32.83, "relative_error": 0.13033112582781461, "thinking_text": null, "has_tool_call": false, "tool_call": null, "usage": {"prompt_tokens": 94, "completion_tokens": 145, "total_tokens": 239, "token_count_source": "tokenizer"}, "decoding": {"temperature": 0.2, "top_p": null, "top_k": null, "max_tokens": 256, "seed": 42}, "prompt_tokens": 94, "completion_tokens": 145, "total_tokens": 239, "token_count_source": "tokenizer", "diffusion_steps": null, "flops_estimate": null, "flops_arch": null, "flops_model_params": null, "flops_active_params": null, "tokens_non_final": 99, "tokens_reasoning": 0, "tokens_response": 99, "elapsed_seconds": 4.678713083267212, "judgement": "Good approximation"}
{"id": "tips_001107", "topic": "tips", "subtopic": "tips_service", "prompt": "Bill is $52.28; service fee 3% and tip 15%. About how much do you pay in total?", "exact_value": 61.93, "model": "qwen/qwen2.5-3b-instruct", "provider": "transformers", "response": "Final answer: 60.79", "numeric_answer": 60.79, "relative_error": 0.018407879864363, "thinking_text": null, "has_tool_call": false, "tool_call": null, "usage": {"prompt_tokens": 94, "completion_tokens": 10, "total_tokens": 104, "token_count_source": "tokenizer"}, "decoding": {"temperature": 0.2, "top_p": null, "top_k": null, "max_tokens": 256, "seed": 42}, "prompt_tokens": 94, "completion_tokens": 10, "total_tokens": 104, "token_count_source": "tokenizer", "diffusion_steps": null, "flops_estimate": null, "flops_arch": null, "flops_model_params": null, "flops_active_params": null, "tokens_non_final": 3, "tokens_reasoning": 0, "tokens_response": 3, "elapsed_seconds": 0.32240724563598633, "judgement": "Good approximation"}
{"id": "tips_001127", "topic": "tips", "subtopic": "tips_service", "prompt": "Bill is $24.64; service fee 0% and tip 20%. About how much do you pay in total?", "exact_value": 29.57, "model": "qwen/qwen2.5-3b-instruct", "provider": "transformers", "response": "Final answer: 25.876", "numeric_answer": 25.876, "relative_error": 0.12492390936760227, "thinking_text": null, "has_tool_call": false, "tool_call": null, "usage": {"prompt_tokens": 94, "completion_tokens": 11, "total_tokens": 105, "token_count_source": "tokenizer"}, "decoding": {"temperature": 0.2, "top_p": null, "top_k": null, "max_tokens": 256, "seed": 42}, "prompt_tokens": 94, "completion_tokens": 11, "total_tokens": 105, "token_count_source": "tokenizer", "diffusion_steps": null, "flops_estimate": null, "flops_arch": null, "flops_model_params": null, "flops_active_params": null, "tokens_non_final": 3, "tokens_reasoning": 0, "tokens_response": 3, "elapsed_seconds": 0.3529198169708252, "judgement": "Good approximation"}
{"id": "tips_001147", "topic": "tips", "subtopic": "tips_service", "prompt": "Bill is $56.58; service fee 0% and tip 22%. About how much do you pay in total?", "exact_value": 69.03, "model": "qwen/qwen2.5-3b-instruct", "provider": "transformers", "response": "Final answer: 56.58\nTo calculate the total payment amount:\n\n1. Bill: $56.58\n2. Service fee: 0%\n3. Tip: 22%\n\nSince there is no service fee, we can ignore it. The total payment is solely based on the bill and the tip percentage.\n\nThe total payment amount is calculated as follows:\n- The bill amount remains unchanged.\n- The tip amount is the bill amount multiplied by the tip percentage (22%).\n\nFor example, if the bill amount is $56.58, the total payment would be $56.58 multiplied by 22% (which is 22% of the bill amount).\n\nLet's compute the total payment amount:\n- Total payment = Bill amount multiplied by tip percentage\n\nTotal payment = $56.58 multiplied by 22% of $56.58\n\nTotal payment = $56.58 multiplied by 22% of $56.58\n\nTotal payment = $56.58 multiplied by 22% of $56.58\n\nTotal payment = $56.58 multiplied by 22% of $56.5", "numeric_answer": 56.58, "relative_error": 0.1803563667970448, "thinking_text": null, "has_tool_call": false, "tool_call": null, "usage": {"prompt_tokens": 94, "completion_tokens": 256, "total_tokens": 350, "token_count_source": "tokenizer"}, "decoding": {"temperature": 0.2, "top_p": null, "top_k": null, "max_tokens": 256, "seed": 42}, "prompt_tokens": 94, "completion_tokens": 256, "total_tokens": 350, "token_count_source": "tokenizer", "diffusion_steps": null, "flops_estimate": null, "flops_arch": null, "flops_model_params": null, "flops_active_params": null, "tokens_non_final": 146, "tokens_reasoning": 0, "tokens_response": 146, "elapsed_seconds": 8.056817293167114, "judgement": "Good approximation"}
{"id": "tips_001167", "topic": "tips", "subtopic": "tips_service", "prompt": "Bill is $37.99; service fee 5% and tip 18%. About how much do you pay in total?", "exact_value": 47.07, "model": "qwen/qwen2.5-3b-instruct", "provider": "transformers", "response": "Final answer: 40.675000", "numeric_answer": 40.675, "relative_error": 0.13586148289781183, "thinking_text": null, "has_tool_call": false, "tool_call": null, "usage": {"prompt_tokens": 94, "completion_tokens": 14, "total_tokens": 108, "token_count_source": "tokenizer"}, "decoding": {"temperature": 0.2, "top_p": null, "top_k": null, "max_tokens": 256, "seed": 42}, "prompt_tokens": 94, "completion_tokens": 14, "total_tokens": 108, "token_count_source": "tokenizer", "diffusion_steps": null, "flops_estimate": null, "flops_arch": null, "flops_model_params": null, "flops_active_params": null, "tokens_non_final": 3, "tokens_reasoning": 0, "tokens_response": 3, "elapsed_seconds": 0.438173770904541, "judgement": "Good approximation"}
{"id": "tips_001187", "topic": "tips", "subtopic": "tips_service", "prompt": "Bill is $68.55; service fee 0% and tip 22%. About how much do you pay in total?", "exact_value": 83.63, "model": "qwen/qwen2.5-3b-instruct", "provider": "transformers", "response": "Final answer: 68.55\nTo calculate the total payment based on the given information:\n\n1. Bill amount: $68.55\n2. Service fee: 0%\n3. Tip percentage: 22%\n\nSince there is no service fee, we can assume that the total payment will be the bill amount itself. The tip percentage does not affect the total payment as it applies to the tip amount, not the bill amount.\n\nThus, the total payment is $68.55. No additional calculations are needed for this scenario. \n\nFinal answer: 68.55", "numeric_answer": 68.55, "relative_error": 0.18031806767906253, "thinking_text": null, "has_tool_call": false, "tool_call": null, "usage": {"prompt_tokens": 94, "completion_tokens": 126, "total_tokens": 220, "token_count_source": "tokenizer"}, "decoding": {"temperature": 0.2, "top_p": null, "top_k": null, "max_tokens": 256, "seed": 42}, "prompt_tokens": 94, "completion_tokens": 126, "total_tokens": 220, "token_count_source": "tokenizer", "diffusion_steps": null, "flops_estimate": null, "flops_arch": null, "flops_model_params": null, "flops_active_params": null, "tokens_non_final": 81, "tokens_reasoning": 0, "tokens_response": 81, "elapsed_seconds": 3.958596706390381, "judgement": "Good approximation"}
{"id": "tips_001207", "topic": "tips", "subtopic": "tips_service", "prompt": "Bill is $73.94; service fee 5% and tip 20%. About how much do you pay in total?", "exact_value": 93.16, "model": "qwen/qwen2.5-3b-instruct", "provider": "transformers", "response": "Final answer: 87.16", "numeric_answer": 87.16, "relative_error": 0.064405324173465, "thinking_text": null, "has_tool_call": false, "tool_call": null, "usage": {"prompt_tokens": 94, "completion_tokens": 10, "total_tokens": 104, "token_count_source": "tokenizer"}, "decoding": {"temperature": 0.2, "top_p": null, "top_k": null, "max_tokens": 256, "seed": 42}, "prompt_tokens": 94, "completion_tokens": 10, "total_tokens": 104, "token_count_source": "tokenizer", "diffusion_steps": null, "flops_estimate": null, "flops_arch": null, "flops_model_params": null, "flops_active_params": null, "tokens_non_final": 3, "tokens_reasoning": 0, "tokens_response": 3, "elapsed_seconds": 0.3138768672943115, "judgement": "Good approximation"}
{"id": "tips_001227", "topic": "tips", "subtopic": "tips_service", "prompt": "Bill is $89.16; service fee 0% and tip 20%. About how much do you pay in total?", "exact_value": 106.99, "model": "qwen/qwen2.5-3b-instruct", "provider": "transformers", "response": "Final answer: 89.16\nTo calculate the total payment, we need to consider both the bill amount and the tip amount, but since there is no service fee mentioned, we assume that the tip is the only additional charge.\n\nThe total payment can be calculated as follows:\n\n1. Bill amount: $89.16\n2. Tip amount: $89.16\n\nSince the tip amount is equal to the bill amount, the total payment would be the sum of these two amounts.\n\nFinal answer: 89.16\nThis number represents the total payment amount without any additional fees or charges. The tip amount is included in the total payment, making the total payment exactly the same as the bill amount. Thus, the total payment is $89.16.", "numeric_answer": 89.16, "relative_error": 0.16665108888681185, "thinking_text": null, "has_tool_call": false, "tool_call": null, "usage": {"prompt_tokens": 94, "completion_tokens": 165, "total_tokens": 259, "token_count_source": "tokenizer"}, "decoding": {"temperature": 0.2, "top_p": null, "top_k": null, "max_tokens": 256, "seed": 42}, "prompt_tokens": 94, "completion_tokens": 165, "total_tokens": 259, "token_count_source": "tokenizer", "diffusion_steps": null, "flops_estimate": null, "flops_arch": null, "flops_model_params": null, "flops_active_params": null, "tokens_non_final": 117, "tokens_reasoning": 0, "tokens_response": 117, "elapsed_seconds": 5.182750701904297, "judgement": "Good approximation"}
{"id": "tips_001247", "topic": "tips", "subtopic": "tips_service", "prompt": "Bill is $77.57; service fee 0% and tip 22%. About how much do you pay in total?", "exact_value": 94.64, "model": "qwen/qwen2.5-3b-instruct", "provider": "transformers", "response": "Final answer: 77.57\nTo calculate the total payment, we need to consider both the base amount ($77.57) and the tip amount (22%). Since the service fee is zero percent, the total payment includes only the tip amount.\n\nThe total payment can be calculated as follows:\n\n1. Bill amount: $77.57\n2. Tip amount: 22%\n3. Total payment = Bill amount + Tip amount\n\nSince the service fee is zero percent, the total payment is simply the tip amount itself, which is 22%.\n\nTherefore, the total payment is $77.57 + 22%, which results in the same value because the service fee is zero percent. The total payment remains $77.57.\n\nFinal answer: 77.57\nThis number represents the total payment amount considering the tip without any additional fees or adjustments.", "numeric_answer": 77.57, "relative_error": 0.18036770921386314, "thinking_text": null, "has_tool_call": false, "tool_call": null, "usage": {"prompt_tokens": 94, "completion_tokens": 191, "total_tokens": 285, "token_count_source": "tokenizer"}, "decoding": {"temperature": 0.2, "top_p": null, "top_k": null, "max_tokens": 256, "seed": 42}, "prompt_tokens": 94, "completion_tokens": 191, "total_tokens": 285, "token_count_source": "tokenizer", "diffusion_steps": null, "flops_estimate": null, "flops_arch": null, "flops_model_params": null, "flops_active_params": null, "tokens_non_final": 126, "tokens_reasoning": 0, "tokens_response": 126, "elapsed_seconds": 6.008395433425903, "judgement": "Good approximation"}
{"id": "tips_001267", "topic": "tips", "subtopic": "tips_service", "prompt": "Bill is $17.65; service fee 0% and tip 15%. About how much do you pay in total?", "exact_value": 20.3, "model": "qwen/qwen2.5-3b-instruct", "provider": "transformers", "response": "Final answer: 23.85", "numeric_answer": 23.85, "relative_error": 0.17487684729064043, "thinking_text": null, "has_tool_call": false, "tool_call": null, "usage": {"prompt_tokens": 94, "completion_tokens": 10, "total_tokens": 104, "token_count_source": "tokenizer"}, "decoding": {"temperature": 0.2, "top_p": null, "top_k": null, "max_tokens": 256, "seed": 42}, "prompt_tokens": 94, "completion_tokens": 10, "total_tokens": 104, "token_count_source": "tokenizer", "diffusion_steps": null, "flops_estimate": null, "flops_arch": null, "flops_model_params": null, "flops_active_params": null, "tokens_non_final": 3, "tokens_reasoning": 0, "tokens_response": 3, "elapsed_seconds": 0.31463170051574707, "judgement": "Good approximation"}
{"id": "tips_001287", "topic": "tips", "subtopic": "tips_service", "prompt": "Bill is $107.76; service fee 5% and tip 15%. About how much do you pay in total?", "exact_value": 130.12, "model": "qwen/qwen2.5-3b-instruct", "provider": "transformers", "response": "Final answer: 123.48", "numeric_answer": 123.48, "relative_error": 0.05102981862895789, "thinking_text": null, "has_tool_call": false, "tool_call": null, "usage": {"prompt_tokens": 95, "completion_tokens": 11, "total_tokens": 106, "token_count_source": "tokenizer"}, "decoding": {"temperature": 0.2, "top_p": null, "top_k": null, "max_tokens": 256, "seed": 42}, "prompt_tokens": 95, "completion_tokens": 11, "total_tokens": 106, "token_count_source": "tokenizer", "diffusion_steps": null, "flops_estimate": null, "flops_arch": null, "flops_model_params": null, "flops_active_params": null, "tokens_non_final": 3, "tokens_reasoning": 0, "tokens_response": 3, "elapsed_seconds": 0.34549808502197266, "judgement": "Good approximation"}
{"id": "tips_001307", "topic": "tips", "subtopic": "tips_service", "prompt": "Bill is $49.18; service fee 0% and tip 20%. About how much do you pay in total?", "exact_value": 59.02, "model": "qwen/qwen2.5-3b-instruct", "provider": "transformers", "response": "Final answer: 49.18\nThe total payment amount is calculated by combining the base bill with the tip amount, considering the service fee remains zero. Since the tip percentage does not affect the base bill amount, the total payment remains the same as the base bill. Therefore, the total payment amount is $49.18. No adjustments are made for the tip or service fee. The final answer is 49.18.", "numeric_answer": 49.18, "relative_error": 0.16672314469671304, "thinking_text": null, "has_tool_call": false, "tool_call": null, "usage": {"prompt_tokens": 94, "completion_tokens": 93, "total_tokens": 187, "token_count_source": "tokenizer"}, "decoding": {"temperature": 0.2, "top_p": null, "top_k": null, "max_tokens": 256, "seed": 42}, "prompt_tokens": 94, "completion_tokens": 93, "total_tokens": 187, "token_count_source": "tokenizer", "diffusion_steps": null, "flops_estimate": null, "flops_arch": null, "flops_model_params": null, "flops_active_params": null, "tokens_non_final": 67, "tokens_reasoning": 0, "tokens_response": 67, "elapsed_seconds": 2.9162826538085938, "judgement": "Good approximation"}
{"id": "tips_001327", "topic": "tips", "subtopic": "tips_service", "prompt": "Bill is $43.49; service fee 5% and tip 18%. About how much do you pay in total?", "exact_value": 53.88, "model": "qwen/qwen2.5-3b-instruct", "provider": "transformers", "response": "Final answer: 47.00", "numeric_answer": 47.0, "relative_error": 0.12769116555308097, "thinking_text": null, "has_tool_call": false, "tool_call": null, "usage": {"prompt_tokens": 94, "completion_tokens": 10, "total_tokens": 104, "token_count_source": "tokenizer"}, "decoding": {"temperature": 0.2, "top_p": null, "top_k": null, "max_tokens": 256, "seed": 42}, "prompt_tokens": 94, "completion_tokens": 10, "total_tokens": 104, "token_count_source": "tokenizer", "diffusion_steps": null, "flops_estimate": null, "flops_arch": null, "flops_model_params": null, "flops_active_params": null, "tokens_non_final": 3, "tokens_reasoning": 0, "tokens_response": 3, "elapsed_seconds": 0.31725597381591797, "judgement": "Good approximation"}
{"id": "fermi_000103", "topic": "fermi", "subtopic": "crowd_density", "prompt": "A plaza is about 70 m by 20 m, with roughly 4 people per square meter. About how many people are there?", "exact_value": 5600, "model": "qwen/qwen2.5-3b-instruct", "provider": "transformers", "response": "Final answer: 400000000000000000000000000000000000000000000000000000000000000000000000000000000000000000000000000000000000000000000000000000000000000000000000000000000000000000000000000000000000000000000000000000000000000000000000000000000000000000000000000000000000", "numeric_answer": 4e+251, "relative_error": 7.142857142857143e+247, "thinking_text": null, "has_tool_call": false, "tool_call": null, "usage": {"prompt_tokens": 95, "completion_tokens": 256, "total_tokens": 351, "token_count_source": "tokenizer"}, "decoding": {"temperature": 0.2, "top_p": null, "top_k": null, "max_tokens": 256, "seed": 42}, "prompt_tokens": 95, "completion_tokens": 256, "total_tokens": 351, "token_count_source": "tokenizer", "diffusion_steps": null, "flops_estimate": null, "flops_arch": null, "flops_model_params": null, "flops_active_params": null, "tokens_non_final": 3, "tokens_reasoning": 0, "tokens_response": 3, "elapsed_seconds": 8.079493045806885, "judgement": "Way off"}
{"id": "fermi_000123", "topic": "fermi", "subtopic": "crowd_density", "prompt": "A plaza is about 70 m by 35 m, with roughly 4 people per square meter. About how many people are there?", "exact_value": 9800, "model": "qwen/qwen2.5-3b-instruct", "provider": "transformers", "response": "Final answer: 28.5", "numeric_answer": 28.5, "relative_error": 0.9970918367346939, "thinking_text": null, "has_tool_call": false, "tool_call": null, "usage": {"prompt_tokens": 95, "completion_tokens": 9, "total_tokens": 104, "token_count_source": "tokenizer"}, "decoding": {"temperature": 0.2, "top_p": null, "top_k": null, "max_tokens": 256, "seed": 42}, "prompt_tokens": 95, "completion_tokens": 9, "total_tokens": 104, "token_count_source": "tokenizer", "diffusion_steps": null, "flops_estimate": null, "flops_arch": null, "flops_model_params": null, "flops_active_params": null, "tokens_non_final": 3, "tokens_reasoning": 0, "tokens_response": 3, "elapsed_seconds": 0.28429436683654785, "judgement": "Way off"}
{"id": "fermi_000143", "topic": "fermi", "subtopic": "crowd_density", "prompt": "A plaza is about 30 m by 20 m, with roughly 1 people per square meter. About how many people are there?", "exact_value": 600, "model": "qwen/qwen2.5-3b-instruct", "provider": "transformers", "response": "Final answer: 6000", "numeric_answer": 6000.0, "relative_error": 9.0, "thinking_text": null, "has_tool_call": false, "tool_call": null, "usage": {"prompt_tokens": 95, "completion_tokens": 9, "total_tokens": 104, "token_count_source": "tokenizer"}, "decoding": {"temperature": 0.2, "top_p": null, "top_k": null, "max_tokens": 256, "seed": 42}, "prompt_tokens": 95, "completion_tokens": 9, "total_tokens": 104, "token_count_source": "tokenizer", "diffusion_steps": null, "flops_estimate": null, "flops_arch": null, "flops_model_params": null, "flops_active_params": null, "tokens_non_final": 3, "tokens_reasoning": 0, "tokens_response": 3, "elapsed_seconds": 0.2832019329071045, "judgement": "Way off"}
{"id": "fermi_000163", "topic": "fermi", "subtopic": "crowd_density", "prompt": "A plaza is about 70 m by 35 m, with roughly 3 people per square meter. About how many people are there?", "exact_value": 7350, "model": "qwen/qwen2.5-3b-instruct", "provider": "transformers", "response": "Final answer: 215.5", "numeric_answer": 215.5, "relative_error": 0.9706802721088436, "thinking_text": null, "has_tool_call": false, "tool_call": null, "usage": {"prompt_tokens": 95, "completion_tokens": 10, "total_tokens": 105, "token_count_source": "tokenizer"}, "decoding": {"temperature": 0.2, "top_p": null, "top_k": null, "max_tokens": 256, "seed": 42}, "prompt_tokens": 95, "completion_tokens": 10, "total_tokens": 105, "token_count_source": "tokenizer", "diffusion_steps": null, "flops_estimate": null, "flops_arch": null, "flops_model_params": null, "flops_active_params": null, "tokens_non_final": 3, "tokens_reasoning": 0, "tokens_response": 3, "elapsed_seconds": 0.31374430656433105, "judgement": "Way off"}
{"id": "fermi_000183", "topic": "fermi", "subtopic": "crowd_density", "prompt": "A plaza is about 40 m by 35 m, with roughly 3 people per square meter. About how many people are there?", "exact_value": 4200, "model": "qwen/qwen2.5-3b-instruct", "provider": "transformers", "response": "Final answer: 15000", "numeric_answer": 15000.0, "relative_error": 2.5714285714285716, "thinking_text": null, "has_tool_call": false, "tool_call": null, "usage": {"prompt_tokens": 95, "completion_tokens": 10, "total_tokens": 105, "token_count_source": "tokenizer"}, "decoding": {"temperature": 0.2, "top_p": null, "top_k": null, "max_tokens": 256, "seed": 42}, "prompt_tokens": 95, "completion_tokens": 10, "total_tokens": 105, "token_count_source": "tokenizer", "diffusion_steps": null, "flops_estimate": null, "flops_arch": null, "flops_model_params": null, "flops_active_params": null, "tokens_non_final": 3, "tokens_reasoning": 0, "tokens_response": 3, "elapsed_seconds": 0.31223440170288086, "judgement": "Way off"}
{"id": "fermi_000203", "topic": "fermi", "subtopic": "crowd_density", "prompt": "A plaza is about 50 m by 20 m, with roughly 4 people per square meter. About how many people are there?", "exact_value": 4000, "model": "qwen/qwen2.5-3b-instruct", "provider": "transformers", "response": "Final answer: 400000000000000000000000000000000000000000000000000000000000000000000000000000000000000000000000000000000000000000000000000000000000000000000000000000000000000000000000000000000000000000000000000000000000000000000000000000000000000000000000000000000000", "numeric_answer": 4e+251, "relative_error": 1e+248, "thinking_text": null, "has_tool_call": false, "tool_call": null, "usage": {"prompt_tokens": 95, "completion_tokens": 256, "total_tokens": 351, "token_count_source": "tokenizer"}, "decoding": {"temperature": 0.2, "top_p": null, "top_k": null, "max_tokens": 256, "seed": 42}, "prompt_tokens": 95, "completion_tokens": 256, "total_tokens": 351, "token_count_source": "tokenizer", "diffusion_steps": null, "flops_estimate": null, "flops_arch": null, "flops_model_params": null, "flops_active_params": null, "tokens_non_final": 3, "tokens_reasoning": 0, "tokens_response": 3, "elapsed_seconds": 8.055260181427002, "judgement": "Way off"}
{"id": "fermi_000223", "topic": "fermi", "subtopic": "crowd_density", "prompt": "A plaza is about 40 m by 20 m, with roughly 1 people per square meter. About how many people are there?", "exact_value": 800, "model": "qwen/qwen2.5-3b-instruct", "provider": "transformers", "response": "Final answer: 8000", "numeric_answer": 8000.0, "relative_error": 9.0, "thinking_text": null, "has_tool_call": false, "tool_call": null, "usage": {"prompt_tokens": 95, "completion_tokens": 9, "total_tokens": 104, "token_count_source": "tokenizer"}, "decoding": {"temperature": 0.2, "top_p": null, "top_k": null, "max_tokens": 256, "seed": 42}, "prompt_tokens": 95, "completion_tokens": 9, "total_tokens": 104, "token_count_source": "tokenizer", "diffusion_steps": null, "flops_estimate": null, "flops_arch": null, "flops_model_params": null, "flops_active_params": null, "tokens_non_final": 3, "tokens_reasoning": 0, "tokens_response": 3, "elapsed_seconds": 0.28259992599487305, "judgement": "Way off"}
{"id": "fermi_000243", "topic": "fermi", "subtopic": "crowd_density", "prompt": "A plaza is about 50 m by 35 m, with roughly 1 people per square meter. About how many people are there?", "exact_value": 1750, "model": "qwen/qwen2.5-3b-instruct", "provider": "transformers", "response": "Final answer: 250000", "numeric_answer": 250000.0, "relative_error": 141.85714285714286, "thinking_text": null, "has_tool_call": false, "tool_call": null, "usage": {"prompt_tokens": 95, "completion_tokens": 11, "total_tokens": 106, "token_count_source": "tokenizer"}, "decoding": {"temperature": 0.2, "top_p": null, "top_k": null, "max_tokens": 256, "seed": 42}, "prompt_tokens": 95, "completion_tokens": 11, "total_tokens": 106, "token_count_source": "tokenizer", "diffusion_steps": null, "flops_estimate": null, "flops_arch": null, "flops_model_params": null, "flops_active_params": null, "tokens_non_final": 3, "tokens_reasoning": 0, "tokens_response": 3, "elapsed_seconds": 0.3455233573913574, "judgement": "Way off"}
{"id": "fermi_000263", "topic": "fermi", "subtopic": "crowd_density", "prompt": "A plaza is about 40 m by 30 m, with roughly 1 people per square meter. About how many people are there?", "exact_value": 1200, "model": "qwen/qwen2.5-3b-instruct", "provider": "transformers", "response": "Final answer: 6000", "numeric_answer": 6000.0, "relative_error": 4.0, "thinking_text": null, "has_tool_call": false, "tool_call": null, "usage": {"prompt_tokens": 95, "completion_tokens": 9, "total_tokens": 104, "token_count_source": "tokenizer"}, "decoding": {"temperature": 0.2, "top_p": null, "top_k": null, "max_tokens": 256, "seed": 42}, "prompt_tokens": 95, "completion_tokens": 9, "total_tokens": 104, "token_count_source": "tokenizer", "diffusion_steps": null, "flops_estimate": null, "flops_arch": null, "flops_model_params": null, "flops_active_params": null, "tokens_non_final": 3, "tokens_reasoning": 0, "tokens_response": 3, "elapsed_seconds": 0.2821519374847412, "judgement": "Way off"}
{"id": "fermi_000283", "topic": "fermi", "subtopic": "crowd_density", "prompt": "A plaza is about 40 m by 20 m, with roughly 1 people per square meter. About how many people are there?", "exact_value": 800, "model": "qwen/qwen2.5-3b-instruct", "provider": "transformers", "response": "Final answer: 80000", "numeric_answer": 80000.0, "relative_error": 99.0, "thinking_text": null, "has_tool_call": false, "tool_call": null, "usage": {"prompt_tokens": 95, "completion_tokens": 10, "total_tokens": 105, "token_count_source": "tokenizer"}, "decoding": {"temperature": 0.2, "top_p": null, "top_k": null, "max_tokens": 256, "seed": 42}, "prompt_tokens": 95, "completion_tokens": 10, "total_tokens": 105, "token_count_source": "tokenizer", "diffusion_steps": null, "flops_estimate": null, "flops_arch": null, "flops_model_params": null, "flops_active_params": null, "tokens_non_final": 3, "tokens_reasoning": 0, "tokens_response": 3, "elapsed_seconds": 0.31328344345092773, "judgement": "Way off"}
{"id": "fermi_000303", "topic": "fermi", "subtopic": "crowd_density", "prompt": "A plaza is about 70 m by 25 m, with roughly 3 people per square meter. About how many people are there?", "exact_value": 5250, "model": "qwen/qwen2.5-3b-instruct", "provider": "transformers", "response": "Final answer: 3000", "numeric_answer": 3000.0, "relative_error": 0.42857142857142855, "thinking_text": null, "has_tool_call": false, "tool_call": null, "usage": {"prompt_tokens": 95, "completion_tokens": 9, "total_tokens": 104, "token_count_source": "tokenizer"}, "decoding": {"temperature": 0.2, "top_p": null, "top_k": null, "max_tokens": 256, "seed": 42}, "prompt_tokens": 95, "completion_tokens": 9, "total_tokens": 104, "token_count_source": "tokenizer", "diffusion_steps": null, "flops_estimate": null, "flops_arch": null, "flops_model_params": null, "flops_active_params": null, "tokens_non_final": 3, "tokens_reasoning": 0, "tokens_response": 3, "elapsed_seconds": 0.28273439407348633, "judgement": "Mildly off"}
{"id": "fermi_000323", "topic": "fermi", "subtopic": "crowd_density", "prompt": "A plaza is about 70 m by 20 m, with roughly 3 people per square meter. About how many people are there?", "exact_value": 4200, "model": "qwen/qwen2.5-3b-instruct", "provider": "transformers", "response": "Final answer: 6000", "numeric_answer": 6000.0, "relative_error": 0.42857142857142855, "thinking_text": null, "has_tool_call": false, "tool_call": null, "usage": {"prompt_tokens": 95, "completion_tokens": 9, "total_tokens": 104, "token_count_source": "tokenizer"}, "decoding": {"temperature": 0.2, "top_p": null, "top_k": null, "max_tokens": 256, "seed": 42}, "prompt_tokens": 95, "completion_tokens": 9, "total_tokens": 104, "token_count_source": "tokenizer", "diffusion_steps": null, "flops_estimate": null, "flops_arch": null, "flops_model_params": null, "flops_active_params": null, "tokens_non_final": 3, "tokens_reasoning": 0, "tokens_response": 3, "elapsed_seconds": 0.2818474769592285, "judgement": "Mildly off"}
{"id": "fermi_000343", "topic": "fermi", "subtopic": "crowd_density", "prompt": "A plaza is about 60 m by 30 m, with roughly 4 people per square meter. About how many people are there?", "exact_value": 7200, "model": "qwen/qwen2.5-3b-instruct", "provider": "transformers", "response": "Final answer: 6000", "numeric_answer": 6000.0, "relative_error": 0.16666666666666666, "thinking_text": null, "has_tool_call": false, "tool_call": null, "usage": {"prompt_tokens": 95, "completion_tokens": 9, "total_tokens": 104, "token_count_source": "tokenizer"}, "decoding": {"temperature": 0.2, "top_p": null, "top_k": null, "max_tokens": 256, "seed": 42}, "prompt_tokens": 95, "completion_tokens": 9, "total_tokens": 104, "token_count_source": "tokenizer", "diffusion_steps": null, "flops_estimate": null, "flops_arch": null, "flops_model_params": null, "flops_active_params": null, "tokens_non_final": 3, "tokens_reasoning": 0, "tokens_response": 3, "elapsed_seconds": 0.28333163261413574, "judgement": "Good approximation"}
{"id": "fermi_000363", "topic": "fermi", "subtopic": "crowd_density", "prompt": "A plaza is about 70 m by 20 m, with roughly 1 people per square meter. About how many people are there?", "exact_value": 1400, "model": "qwen/qwen2.5-3b-instruct", "provider": "transformers", "response": "Final answer: 600000000000000000000000000000000000000000000000000000000000000000000000000000000000000000000000000000000000000000000000000000000000000000000000000000000000000000000000000000000000000000000000000000000000000000000000000000000000000000000000000000000000", "numeric_answer": 6e+251, "relative_error": 4.2857142857142855e+248, "thinking_text": null, "has_tool_call": false, "tool_call": null, "usage": {"prompt_tokens": 95, "completion_tokens": 256, "total_tokens": 351, "token_count_source": "tokenizer"}, "decoding": {"temperature": 0.2, "top_p": null, "top_k": null, "max_tokens": 256, "seed": 42}, "prompt_tokens": 95, "completion_tokens": 256, "total_tokens": 351, "token_count_source": "tokenizer", "diffusion_steps": null, "flops_estimate": null, "flops_arch": null, "flops_model_params": null, "flops_active_params": null, "tokens_non_final": 3, "tokens_reasoning": 0, "tokens_response": 3, "elapsed_seconds": 8.05898404121399, "judgement": "Way off"}
{"id": "fermi_000383", "topic": "fermi", "subtopic": "crowd_density", "prompt": "A plaza is about 30 m by 30 m, with roughly 1 people per square meter. About how many people are there?", "exact_value": 900, "model": "qwen/qwen2.5-3b-instruct", "provider": "transformers", "response": "Final answer: 300000", "numeric_answer": 300000.0, "relative_error": 332.3333333333333, "thinking_text": null, "has_tool_call": false, "tool_call": null, "usage": {"prompt_tokens": 95, "completion_tokens": 11, "total_tokens": 106, "token_count_source": "tokenizer"}, "decoding": {"temperature": 0.2, "top_p": null, "top_k": null, "max_tokens": 256, "seed": 42}, "prompt_tokens": 95, "completion_tokens": 11, "total_tokens": 106, "token_count_source": "tokenizer", "diffusion_steps": null, "flops_estimate": null, "flops_arch": null, "flops_model_params": null, "flops_active_params": null, "tokens_non_final": 3, "tokens_reasoning": 0, "tokens_response": 3, "elapsed_seconds": 0.34422755241394043, "judgement": "Way off"}
{"id": "fermi_000403", "topic": "fermi", "subtopic": "crowd_density", "prompt": "A plaza is about 40 m by 30 m, with roughly 2 people per square meter. About how many people are there?", "exact_value": 2400, "model": "qwen/qwen2.5-3b-instruct", "provider": "transformers", "response": "Final answer: 1600", "numeric_answer": 1600.0, "relative_error": 0.3333333333333333, "thinking_text": null, "has_tool_call": false, "tool_call": null, "usage": {"prompt_tokens": 95, "completion_tokens": 9, "total_tokens": 104, "token_count_source": "tokenizer"}, "decoding": {"temperature": 0.2, "top_p": null, "top_k": null, "max_tokens": 256, "seed": 42}, "prompt_tokens": 95, "completion_tokens": 9, "total_tokens": 104, "token_count_source": "tokenizer", "diffusion_steps": null, "flops_estimate": null, "flops_arch": null, "flops_model_params": null, "flops_active_params": null, "tokens_non_final": 3, "tokens_reasoning": 0, "tokens_response": 3, "elapsed_seconds": 0.28229641914367676, "judgement": "Mildly off"}
{"id": "fermi_000423", "topic": "fermi", "subtopic": "crowd_density", "prompt": "A plaza is about 70 m by 20 m, with roughly 1 people per square meter. About how many people are there?", "exact_value": 1400, "model": "qwen/qwen2.5-3b-instruct", "provider": "transformers", "response": "Final answer: 70000", "numeric_answer": 70000.0, "relative_error": 49.0, "thinking_text": null, "has_tool_call": false, "tool_call": null, "usage": {"prompt_tokens": 95, "completion_tokens": 10, "total_tokens": 105, "token_count_source": "tokenizer"}, "decoding": {"temperature": 0.2, "top_p": null, "top_k": null, "max_tokens": 256, "seed": 42}, "prompt_tokens": 95, "completion_tokens": 10, "total_tokens": 105, "token_count_source": "tokenizer", "diffusion_steps": null, "flops_estimate": null, "flops_arch": null, "flops_model_params": null, "flops_active_params": null, "tokens_non_final": 3, "tokens_reasoning": 0, "tokens_response": 3, "elapsed_seconds": 0.3124091625213623, "judgement": "Way off"}
{"id": "fermi_000443", "topic": "fermi", "subtopic": "crowd_density", "prompt": "A plaza is about 30 m by 30 m, with roughly 4 people per square meter. About how many people are there?", "exact_value": 3600, "model": "qwen/qwen2.5-3b-instruct", "provider": "transformers", "response": "Final answer: 12000", "numeric_answer": 12000.0, "relative_error": 2.3333333333333335, "thinking_text": null, "has_tool_call": false, "tool_call": null, "usage": {"prompt_tokens": 95, "completion_tokens": 10, "total_tokens": 105, "token_count_source": "tokenizer"}, "decoding": {"temperature": 0.2, "top_p": null, "top_k": null, "max_tokens": 256, "seed": 42}, "prompt_tokens": 95, "completion_tokens": 10, "total_tokens": 105, "token_count_source": "tokenizer", "diffusion_steps": null, "flops_estimate": null, "flops_arch": null, "flops_model_params": null, "flops_active_params": null, "tokens_non_final": 3, "tokens_reasoning": 0, "tokens_response": 3, "elapsed_seconds": 0.31406259536743164, "judgement": "Way off"}
{"id": "fermi_000463", "topic": "fermi", "subtopic": "crowd_density", "prompt": "A plaza is about 60 m by 25 m, with roughly 3 people per square meter. About how many people are there?", "exact_value": 4500, "model": "qwen/qwen2.5-3b-instruct", "provider": "transformers", "response": "Final answer: 15000", "numeric_answer": 15000.0, "relative_error": 2.3333333333333335, "thinking_text": null, "has_tool_call": false, "tool_call": null, "usage": {"prompt_tokens": 95, "completion_tokens": 10, "total_tokens": 105, "token_count_source": "tokenizer"}, "decoding": {"temperature": 0.2, "top_p": null, "top_k": null, "max_tokens": 256, "seed": 42}, "prompt_tokens": 95, "completion_tokens": 10, "total_tokens": 105, "token_count_source": "tokenizer", "diffusion_steps": null, "flops_estimate": null, "flops_arch": null, "flops_model_params": null, "flops_active_params": null, "tokens_non_final": 3, "tokens_reasoning": 0, "tokens_response": 3, "elapsed_seconds": 0.3137519359588623, "judgement": "Way off"}
{"id": "fermi_000483", "topic": "fermi", "subtopic": "crowd_density", "prompt": "A plaza is about 70 m by 30 m, with roughly 2 people per square meter. About how many people are there?", "exact_value": 4200, "model": "qwen/qwen2.5-3b-instruct", "provider": "transformers", "response": "Final answer: 6000", "numeric_answer": 6000.0, "relative_error": 0.42857142857142855, "thinking_text": null, "has_tool_call": false, "tool_call": null, "usage": {"prompt_tokens": 95, "completion_tokens": 9, "total_tokens": 104, "token_count_source": "tokenizer"}, "decoding": {"temperature": 0.2, "top_p": null, "top_k": null, "max_tokens": 256, "seed": 42}, "prompt_tokens": 95, "completion_tokens": 9, "total_tokens": 104, "token_count_source": "tokenizer", "diffusion_steps": null, "flops_estimate": null, "flops_arch": null, "flops_model_params": null, "flops_active_params": null, "tokens_non_final": 3, "tokens_reasoning": 0, "tokens_response": 3, "elapsed_seconds": 0.28273892402648926, "judgement": "Mildly off"}
{"id": "fermi_000503", "topic": "fermi", "subtopic": "crowd_density", "prompt": "A plaza is about 40 m by 25 m, with roughly 4 people per square meter. About how many people are there?", "exact_value": 4000, "model": "qwen/qwen2.5-3b-instruct", "provider": "transformers", "response": "Final answer: 400000000000000000000000000000000000000000000000000000000000000000000000000000000000000000000000000000000000000000000000000000000000000000000000000000000000000000000000000000000000000000000000000000000000000000000000000000000000000000000000000000000000", "numeric_answer": 4e+251, "relative_error": 1e+248, "thinking_text": null, "has_tool_call": false, "tool_call": null, "usage": {"prompt_tokens": 95, "completion_tokens": 256, "total_tokens": 351, "token_count_source": "tokenizer"}, "decoding": {"temperature": 0.2, "top_p": null, "top_k": null, "max_tokens": 256, "seed": 42}, "prompt_tokens": 95, "completion_tokens": 256, "total_tokens": 351, "token_count_source": "tokenizer", "diffusion_steps": null, "flops_estimate": null, "flops_arch": null, "flops_model_params": null, "flops_active_params": null, "tokens_non_final": 3, "tokens_reasoning": 0, "tokens_response": 3, "elapsed_seconds": 8.03866720199585, "judgement": "Way off"}
{"id": "fermi_000523", "topic": "fermi", "subtopic": "crowd_density", "prompt": "A plaza is about 50 m by 35 m, with roughly 4 people per square meter. About how many people are there?", "exact_value": 7000, "model": "qwen/qwen2.5-3b-instruct", "provider": "transformers", "response": "Final answer: 25000", "numeric_answer": 25000.0, "relative_error": 2.5714285714285716, "thinking_text": null, "has_tool_call": false, "tool_call": null, "usage": {"prompt_tokens": 95, "completion_tokens": 10, "total_tokens": 105, "token_count_source": "tokenizer"}, "decoding": {"temperature": 0.2, "top_p": null, "top_k": null, "max_tokens": 256, "seed": 42}, "prompt_tokens": 95, "completion_tokens": 10, "total_tokens": 105, "token_count_source": "tokenizer", "diffusion_steps": null, "flops_estimate": null, "flops_arch": null, "flops_model_params": null, "flops_active_params": null, "tokens_non_final": 3, "tokens_reasoning": 0, "tokens_response": 3, "elapsed_seconds": 0.3128504753112793, "judgement": "Way off"}
{"id": "fermi_000543", "topic": "fermi", "subtopic": "crowd_density", "prompt": "A plaza is about 40 m by 35 m, with roughly 2 people per square meter. About how many people are there?", "exact_value": 2800, "model": "qwen/qwen2.5-3b-instruct", "provider": "transformers", "response": "Final answer: 15000", "numeric_answer": 15000.0, "relative_error": 4.357142857142857, "thinking_text": null, "has_tool_call": false, "tool_call": null, "usage": {"prompt_tokens": 95, "completion_tokens": 10, "total_tokens": 105, "token_count_source": "tokenizer"}, "decoding": {"temperature": 0.2, "top_p": null, "top_k": null, "max_tokens": 256, "seed": 42}, "prompt_tokens": 95, "completion_tokens": 10, "total_tokens": 105, "token_count_source": "tokenizer", "diffusion_steps": null, "flops_estimate": null, "flops_arch": null, "flops_model_params": null, "flops_active_params": null, "tokens_non_final": 3, "tokens_reasoning": 0, "tokens_response": 3, "elapsed_seconds": 0.31366467475891113, "judgement": "Way off"}
{"id": "fermi_000563", "topic": "fermi", "subtopic": "crowd_density", "prompt": "A plaza is about 30 m by 30 m, with roughly 3 people per square meter. About how many people are there?", "exact_value": 2700, "model": "qwen/qwen2.5-3b-instruct", "provider": "transformers", "response": "Final answer: 9000", "numeric_answer": 9000.0, "relative_error": 2.3333333333333335, "thinking_text": null, "has_tool_call": false, "tool_call": null, "usage": {"prompt_tokens": 95, "completion_tokens": 9, "total_tokens": 104, "token_count_source": "tokenizer"}, "decoding": {"temperature": 0.2, "top_p": null, "top_k": null, "max_tokens": 256, "seed": 42}, "prompt_tokens": 95, "completion_tokens": 9, "total_tokens": 104, "token_count_source": "tokenizer", "diffusion_steps": null, "flops_estimate": null, "flops_arch": null, "flops_model_params": null, "flops_active_params": null, "tokens_non_final": 3, "tokens_reasoning": 0, "tokens_response": 3, "elapsed_seconds": 0.2827110290527344, "judgement": "Way off"}
{"id": "fermi_000583", "topic": "fermi", "subtopic": "crowd_density", "prompt": "A plaza is about 60 m by 25 m, with roughly 4 people per square meter. About how many people are there?", "exact_value": 6000, "model": "qwen/qwen2.5-3b-instruct", "provider": "transformers", "response": "Final answer: 400000000000000000000000000000000000000000000000000000000000000000000000000000000000000000000000000000000000000000000000000000000000000000000000000000000000000000000000000000000000000000000000000000000000000000000000000000000000000000000000000000000000", "numeric_answer": 4e+251, "relative_error": 6.666666666666667e+247, "thinking_text": null, "has_tool_call": false, "tool_call": null, "usage": {"prompt_tokens": 95, "completion_tokens": 256, "total_tokens": 351, "token_count_source": "tokenizer"}, "decoding": {"temperature": 0.2, "top_p": null, "top_k": null, "max_tokens": 256, "seed": 42}, "prompt_tokens": 95, "completion_tokens": 256, "total_tokens": 351, "token_count_source": "tokenizer", "diffusion_steps": null, "flops_estimate": null, "flops_arch": null, "flops_model_params": null, "flops_active_params": null, "tokens_non_final": 3, "tokens_reasoning": 0, "tokens_response": 3, "elapsed_seconds": 8.063668727874756, "judgement": "Way off"}
{"id": "fermi_000603", "topic": "fermi", "subtopic": "crowd_density", "prompt": "A plaza is about 70 m by 25 m, with roughly 3 people per square meter. About how many people are there?", "exact_value": 5250, "model": "qwen/qwen2.5-3b-instruct", "provider": "transformers", "response": "Final answer: 1500", "numeric_answer": 1500.0, "relative_error": 0.7142857142857143, "thinking_text": null, "has_tool_call": false, "tool_call": null, "usage": {"prompt_tokens": 95, "completion_tokens": 9, "total_tokens": 104, "token_count_source": "tokenizer"}, "decoding": {"temperature": 0.2, "top_p": null, "top_k": null, "max_tokens": 256, "seed": 42}, "prompt_tokens": 95, "completion_tokens": 9, "total_tokens": 104, "token_count_source": "tokenizer", "diffusion_steps": null, "flops_estimate": null, "flops_arch": null, "flops_model_params": null, "flops_active_params": null, "tokens_non_final": 3, "tokens_reasoning": 0, "tokens_response": 3, "elapsed_seconds": 0.282515287399292, "judgement": "Way off"}
{"id": "fermi_000623", "topic": "fermi", "subtopic": "crowd_density", "prompt": "A plaza is about 70 m by 35 m, with roughly 3 people per square meter. About how many people are there?", "exact_value": 7350, "model": "qwen/qwen2.5-3b-instruct", "provider": "transformers", "response": "Final answer: 215.5", "numeric_answer": 215.5, "relative_error": 0.9706802721088436, "thinking_text": null, "has_tool_call": false, "tool_call": null, "usage": {"prompt_tokens": 95, "completion_tokens": 10, "total_tokens": 105, "token_count_source": "tokenizer"}, "decoding": {"temperature": 0.2, "top_p": null, "top_k": null, "max_tokens": 256, "seed": 42}, "prompt_tokens": 95, "completion_tokens": 10, "total_tokens": 105, "token_count_source": "tokenizer", "diffusion_steps": null, "flops_estimate": null, "flops_arch": null, "flops_model_params": null, "flops_active_params": null, "tokens_non_final": 3, "tokens_reasoning": 0, "tokens_response": 3, "elapsed_seconds": 0.31303930282592773, "judgement": "Way off"}
{"id": "fermi_000643", "topic": "fermi", "subtopic": "crowd_density", "prompt": "A plaza is about 30 m by 25 m, with roughly 4 people per square meter. About how many people are there?", "exact_value": 3000, "model": "qwen/qwen2.5-3b-instruct", "provider": "transformers", "response": "Final answer: 1500", "numeric_answer": 1500.0, "relative_error": 0.5, "thinking_text": null, "has_tool_call": false, "tool_call": null, "usage": {"prompt_tokens": 95, "completion_tokens": 9, "total_tokens": 104, "token_count_source": "tokenizer"}, "decoding": {"temperature": 0.2, "top_p": null, "top_k": null, "max_tokens": 256, "seed": 42}, "prompt_tokens": 95, "completion_tokens": 9, "total_tokens": 104, "token_count_source": "tokenizer", "diffusion_steps": null, "flops_estimate": null, "flops_arch": null, "flops_model_params": null, "flops_active_params": null, "tokens_non_final": 3, "tokens_reasoning": 0, "tokens_response": 3, "elapsed_seconds": 0.28177905082702637, "judgement": "Mildly off"}
{"id": "fermi_000663", "topic": "fermi", "subtopic": "crowd_density", "prompt": "A plaza is about 30 m by 25 m, with roughly 2 people per square meter. About how many people are there?", "exact_value": 1500, "model": "qwen/qwen2.5-3b-instruct", "provider": "transformers", "response": "Final answer: 15000", "numeric_answer": 15000.0, "relative_error": 9.0, "thinking_text": null, "has_tool_call": false, "tool_call": null, "usage": {"prompt_tokens": 95, "completion_tokens": 10, "total_tokens": 105, "token_count_source": "tokenizer"}, "decoding": {"temperature": 0.2, "top_p": null, "top_k": null, "max_tokens": 256, "seed": 42}, "prompt_tokens": 95, "completion_tokens": 10, "total_tokens": 105, "token_count_source": "tokenizer", "diffusion_steps": null, "flops_estimate": null, "flops_arch": null, "flops_model_params": null, "flops_active_params": null, "tokens_non_final": 3, "tokens_reasoning": 0, "tokens_response": 3, "elapsed_seconds": 0.31395888328552246, "judgement": "Way off"}
{"id": "fermi_000683", "topic": "fermi", "subtopic": "crowd_density", "prompt": "A plaza is about 70 m by 35 m, with roughly 1 people per square meter. About how many people are there?", "exact_value": 2450, "model": "qwen/qwen2.5-3b-instruct", "provider": "transformers", "response": "Final answer: 700", "numeric_answer": 700.0, "relative_error": 0.7142857142857143, "thinking_text": null, "has_tool_call": false, "tool_call": null, "usage": {"prompt_tokens": 95, "completion_tokens": 8, "total_tokens": 103, "token_count_source": "tokenizer"}, "decoding": {"temperature": 0.2, "top_p": null, "top_k": null, "max_tokens": 256, "seed": 42}, "prompt_tokens": 95, "completion_tokens": 8, "total_tokens": 103, "token_count_source": "tokenizer", "diffusion_steps": null, "flops_estimate": null, "flops_arch": null, "flops_model_params": null, "flops_active_params": null, "tokens_non_final": 3, "tokens_reasoning": 0, "tokens_response": 3, "elapsed_seconds": 0.2501499652862549, "judgement": "Way off"}
{"id": "fermi_000703", "topic": "fermi", "subtopic": "crowd_density", "prompt": "A plaza is about 40 m by 25 m, with roughly 1 people per square meter. About how many people are there?", "exact_value": 1000, "model": "qwen/qwen2.5-3b-instruct", "provider": "transformers", "response": "Final answer: 4000", "numeric_answer": 4000.0, "relative_error": 3.0, "thinking_text": null, "has_tool_call": false, "tool_call": null, "usage": {"prompt_tokens": 95, "completion_tokens": 9, "total_tokens": 104, "token_count_source": "tokenizer"}, "decoding": {"temperature": 0.2, "top_p": null, "top_k": null, "max_tokens": 256, "seed": 42}, "prompt_tokens": 95, "completion_tokens": 9, "total_tokens": 104, "token_count_source": "tokenizer", "diffusion_steps": null, "flops_estimate": null, "flops_arch": null, "flops_model_params": null, "flops_active_params": null, "tokens_non_final": 3, "tokens_reasoning": 0, "tokens_response": 3, "elapsed_seconds": 0.28180956840515137, "judgement": "Way off"}
{"id": "fermi_000723", "topic": "fermi", "subtopic": "crowd_density", "prompt": "A plaza is about 50 m by 30 m, with roughly 4 people per square meter. About how many people are there?", "exact_value": 6000, "model": "qwen/qwen2.5-3b-instruct", "provider": "transformers", "response": "Final answer: 2000", "numeric_answer": 2000.0, "relative_error": 0.6666666666666666, "thinking_text": null, "has_tool_call": false, "tool_call": null, "usage": {"prompt_tokens": 95, "completion_tokens": 9, "total_tokens": 104, "token_count_source": "tokenizer"}, "decoding": {"temperature": 0.2, "top_p": null, "top_k": null, "max_tokens": 256, "seed": 42}, "prompt_tokens": 95, "completion_tokens": 9, "total_tokens": 104, "token_count_source": "tokenizer", "diffusion_steps": null, "flops_estimate": null, "flops_arch": null, "flops_model_params": null, "flops_active_params": null, "tokens_non_final": 3, "tokens_reasoning": 0, "tokens_response": 3, "elapsed_seconds": 0.2827925682067871, "judgement": "Way off"}
{"id": "fermi_000743", "topic": "fermi", "subtopic": "crowd_density", "prompt": "A plaza is about 50 m by 25 m, with roughly 4 people per square meter. About how many people are there?", "exact_value": 5000, "model": "qwen/qwen2.5-3b-instruct", "provider": "transformers", "response": "Final answer: 100000000000000000000000000000000000000000000000000000000000000000000000000000000000000000000000000000000000000000000000000000000000000000000000000000000000000000000000000000000000000000000000000000000000000000000000000000000000000000000000000000000000", "numeric_answer": 1e+251, "relative_error": 2.0000000000000002e+247, "thinking_text": null, "has_tool_call": false, "tool_call": null, "usage": {"prompt_tokens": 95, "completion_tokens": 256, "total_tokens": 351, "token_count_source": "tokenizer"}, "decoding": {"temperature": 0.2, "top_p": null, "top_k": null, "max_tokens": 256, "seed": 42}, "prompt_tokens": 95, "completion_tokens": 256, "total_tokens": 351, "token_count_source": "tokenizer", "diffusion_steps": null, "flops_estimate": null, "flops_arch": null, "flops_model_params": null, "flops_active_params": null, "tokens_non_final": 3, "tokens_reasoning": 0, "tokens_response": 3, "elapsed_seconds": 8.054239988327026, "judgement": "Way off"}
{"id": "fermi_000763", "topic": "fermi", "subtopic": "crowd_density", "prompt": "A plaza is about 60 m by 35 m, with roughly 4 people per square meter. About how many people are there?", "exact_value": 8400, "model": "qwen/qwen2.5-3b-instruct", "provider": "transformers", "response": "Final answer: 120000000000000000000000000000000000000000000000000000000000000000000000000000000000000000000000000000000000000000000000000000000000000000000000000000000000000000000000000000000000000000000000000000000000000000000000000000000000000000000000000000000000", "numeric_answer": 1.2e+251, "relative_error": 1.4285714285714285e+247, "thinking_text": null, "has_tool_call": false, "tool_call": null, "usage": {"prompt_tokens": 95, "completion_tokens": 256, "total_tokens": 351, "token_count_source": "tokenizer"}, "decoding": {"temperature": 0.2, "top_p": null, "top_k": null, "max_tokens": 256, "seed": 42}, "prompt_tokens": 95, "completion_tokens": 256, "total_tokens": 351, "token_count_source": "tokenizer", "diffusion_steps": null, "flops_estimate": null, "flops_arch": null, "flops_model_params": null, "flops_active_params": null, "tokens_non_final": 3, "tokens_reasoning": 0, "tokens_response": 3, "elapsed_seconds": 8.064281702041626, "judgement": "Way off"}
{"id": "fermi_000783", "topic": "fermi", "subtopic": "crowd_density", "prompt": "A plaza is about 50 m by 25 m, with roughly 4 people per square meter. About how many people are there?", "exact_value": 5000, "model": "qwen/qwen2.5-3b-instruct", "provider": "transformers", "response": "Final answer: 100000000000000000000000000000000000000000000000000000000000000000000000000000000000000000000000000000000000000000000000000000000000000000000000000000000000000000000000000000000000000000000000000000000000000000000000000000000000000000000000000000000000", "numeric_answer": 1e+251, "relative_error": 2.0000000000000002e+247, "thinking_text": null, "has_tool_call": false, "tool_call": null, "usage": {"prompt_tokens": 95, "completion_tokens": 256, "total_tokens": 351, "token_count_source": "tokenizer"}, "decoding": {"temperature": 0.2, "top_p": null, "top_k": null, "max_tokens": 256, "seed": 42}, "prompt_tokens": 95, "completion_tokens": 256, "total_tokens": 351, "token_count_source": "tokenizer", "diffusion_steps": null, "flops_estimate": null, "flops_arch": null, "flops_model_params": null, "flops_active_params": null, "tokens_non_final": 3, "tokens_reasoning": 0, "tokens_response": 3, "elapsed_seconds": 8.076557874679565, "judgement": "Way off"}
{"id": "fermi_000803", "topic": "fermi", "subtopic": "crowd_density", "prompt": "A plaza is about 30 m by 20 m, with roughly 2 people per square meter. About how many people are there?", "exact_value": 1200, "model": "qwen/qwen2.5-3b-instruct", "provider": "transformers", "response": "Final answer: 6000", "numeric_answer": 6000.0, "relative_error": 4.0, "thinking_text": null, "has_tool_call": false, "tool_call": null, "usage": {"prompt_tokens": 95, "completion_tokens": 9, "total_tokens": 104, "token_count_source": "tokenizer"}, "decoding": {"temperature": 0.2, "top_p": null, "top_k": null, "max_tokens": 256, "seed": 42}, "prompt_tokens": 95, "completion_tokens": 9, "total_tokens": 104, "token_count_source": "tokenizer", "diffusion_steps": null, "flops_estimate": null, "flops_arch": null, "flops_model_params": null, "flops_active_params": null, "tokens_non_final": 3, "tokens_reasoning": 0, "tokens_response": 3, "elapsed_seconds": 0.28554725646972656, "judgement": "Way off"}
{"id": "fermi_000823", "topic": "fermi", "subtopic": "crowd_density", "prompt": "A plaza is about 50 m by 20 m, with roughly 3 people per square meter. About how many people are there?", "exact_value": 3000, "model": "qwen/qwen2.5-3b-instruct", "provider": "transformers", "response": "Final answer: 150000", "numeric_answer": 150000.0, "relative_error": 49.0, "thinking_text": null, "has_tool_call": false, "tool_call": null, "usage": {"prompt_tokens": 95, "completion_tokens": 11, "total_tokens": 106, "token_count_source": "tokenizer"}, "decoding": {"temperature": 0.2, "top_p": null, "top_k": null, "max_tokens": 256, "seed": 42}, "prompt_tokens": 95, "completion_tokens": 11, "total_tokens": 106, "token_count_source": "tokenizer", "diffusion_steps": null, "flops_estimate": null, "flops_arch": null, "flops_model_params": null, "flops_active_params": null, "tokens_non_final": 3, "tokens_reasoning": 0, "tokens_response": 3, "elapsed_seconds": 0.3447744846343994, "judgement": "Way off"}
{"id": "fermi_000843", "topic": "fermi", "subtopic": "crowd_density", "prompt": "A plaza is about 40 m by 30 m, with roughly 2 people per square meter. About how many people are there?", "exact_value": 2400, "model": "qwen/qwen2.5-3b-instruct", "provider": "transformers", "response": "Final answer: 6000", "numeric_answer": 6000.0, "relative_error": 1.5, "thinking_text": null, "has_tool_call": false, "tool_call": null, "usage": {"prompt_tokens": 95, "completion_tokens": 9, "total_tokens": 104, "token_count_source": "tokenizer"}, "decoding": {"temperature": 0.2, "top_p": null, "top_k": null, "max_tokens": 256, "seed": 42}, "prompt_tokens": 95, "completion_tokens": 9, "total_tokens": 104, "token_count_source": "tokenizer", "diffusion_steps": null, "flops_estimate": null, "flops_arch": null, "flops_model_params": null, "flops_active_params": null, "tokens_non_final": 3, "tokens_reasoning": 0, "tokens_response": 3, "elapsed_seconds": 0.2828688621520996, "judgement": "Way off"}
{"id": "fermi_000863", "topic": "fermi", "subtopic": "crowd_density", "prompt": "A plaza is about 50 m by 35 m, with roughly 4 people per square meter. About how many people are there?", "exact_value": 7000, "model": "qwen/qwen2.5-3b-instruct", "provider": "transformers", "response": "Final answer: 2500", "numeric_answer": 2500.0, "relative_error": 0.6428571428571429, "thinking_text": null, "has_tool_call": false, "tool_call": null, "usage": {"prompt_tokens": 95, "completion_tokens": 9, "total_tokens": 104, "token_count_source": "tokenizer"}, "decoding": {"temperature": 0.2, "top_p": null, "top_k": null, "max_tokens": 256, "seed": 42}, "prompt_tokens": 95, "completion_tokens": 9, "total_tokens": 104, "token_count_source": "tokenizer", "diffusion_steps": null, "flops_estimate": null, "flops_arch": null, "flops_model_params": null, "flops_active_params": null, "tokens_non_final": 3, "tokens_reasoning": 0, "tokens_response": 3, "elapsed_seconds": 0.2827720642089844, "judgement": "Way off"}
{"id": "fermi_000883", "topic": "fermi", "subtopic": "crowd_density", "prompt": "A plaza is about 60 m by 20 m, with roughly 4 people per square meter. About how many people are there?", "exact_value": 4800, "model": "qwen/qwen2.5-3b-instruct", "provider": "transformers", "response": "Final answer: 6000", "numeric_answer": 6000.0, "relative_error": 0.25, "thinking_text": null, "has_tool_call": false, "tool_call": null, "usage": {"prompt_tokens": 95, "completion_tokens": 9, "total_tokens": 104, "token_count_source": "tokenizer"}, "decoding": {"temperature": 0.2, "top_p": null, "top_k": null, "max_tokens": 256, "seed": 42}, "prompt_tokens": 95, "completion_tokens": 9, "total_tokens": 104, "token_count_source": "tokenizer", "diffusion_steps": null, "flops_estimate": null, "flops_arch": null, "flops_model_params": null, "flops_active_params": null, "tokens_non_final": 3, "tokens_reasoning": 0, "tokens_response": 3, "elapsed_seconds": 0.2815089225769043, "judgement": "Mildly off"}
{"id": "fermi_000903", "topic": "fermi", "subtopic": "crowd_density", "prompt": "A plaza is about 60 m by 20 m, with roughly 1 people per square meter. About how many people are there?", "exact_value": 1200, "model": "qwen/qwen2.5-3b-instruct", "provider": "transformers", "response": "Final answer: 6000", "numeric_answer": 6000.0, "relative_error": 4.0, "thinking_text": null, "has_tool_call": false, "tool_call": null, "usage": {"prompt_tokens": 95, "completion_tokens": 9, "total_tokens": 104, "token_count_source": "tokenizer"}, "decoding": {"temperature": 0.2, "top_p": null, "top_k": null, "max_tokens": 256, "seed": 42}, "prompt_tokens": 95, "completion_tokens": 9, "total_tokens": 104, "token_count_source": "tokenizer", "diffusion_steps": null, "flops_estimate": null, "flops_arch": null, "flops_model_params": null, "flops_active_params": null, "tokens_non_final": 3, "tokens_reasoning": 0, "tokens_response": 3, "elapsed_seconds": 0.2824234962463379, "judgement": "Way off"}
{"id": "fermi_000923", "topic": "fermi", "subtopic": "crowd_density", "prompt": "A plaza is about 30 m by 20 m, with roughly 3 people per square meter. About how many people are there?", "exact_value": 1800, "model": "qwen/qwen2.5-3b-instruct", "provider": "transformers", "response": "Final answer: 6000", "numeric_answer": 6000.0, "relative_error": 2.3333333333333335, "thinking_text": null, "has_tool_call": false, "tool_call": null, "usage": {"prompt_tokens": 95, "completion_tokens": 9, "total_tokens": 104, "token_count_source": "tokenizer"}, "decoding": {"temperature": 0.2, "top_p": null, "top_k": null, "max_tokens": 256, "seed": 42}, "prompt_tokens": 95, "completion_tokens": 9, "total_tokens": 104, "token_count_source": "tokenizer", "diffusion_steps": null, "flops_estimate": null, "flops_arch": null, "flops_model_params": null, "flops_active_params": null, "tokens_non_final": 3, "tokens_reasoning": 0, "tokens_response": 3, "elapsed_seconds": 0.2834477424621582, "judgement": "Way off"}
{"id": "fermi_000943", "topic": "fermi", "subtopic": "crowd_density", "prompt": "A plaza is about 50 m by 25 m, with roughly 1 people per square meter. About how many people are there?", "exact_value": 1250, "model": "qwen/qwen2.5-3b-instruct", "provider": "transformers", "response": "Final answer: 2500", "numeric_answer": 2500.0, "relative_error": 1.0, "thinking_text": null, "has_tool_call": false, "tool_call": null, "usage": {"prompt_tokens": 95, "completion_tokens": 9, "total_tokens": 104, "token_count_source": "tokenizer"}, "decoding": {"temperature": 0.2, "top_p": null, "top_k": null, "max_tokens": 256, "seed": 42}, "prompt_tokens": 95, "completion_tokens": 9, "total_tokens": 104, "token_count_source": "tokenizer", "diffusion_steps": null, "flops_estimate": null, "flops_arch": null, "flops_model_params": null, "flops_active_params": null, "tokens_non_final": 3, "tokens_reasoning": 0, "tokens_response": 3, "elapsed_seconds": 0.2818427085876465, "judgement": "Way off"}
{"id": "fermi_000963", "topic": "fermi", "subtopic": "crowd_density", "prompt": "A plaza is about 70 m by 35 m, with roughly 4 people per square meter. About how many people are there?", "exact_value": 9800, "model": "qwen/qwen2.5-3b-instruct", "provider": "transformers", "response": "Final answer: 16.5", "numeric_answer": 16.5, "relative_error": 0.9983163265306122, "thinking_text": null, "has_tool_call": false, "tool_call": null, "usage": {"prompt_tokens": 95, "completion_tokens": 9, "total_tokens": 104, "token_count_source": "tokenizer"}, "decoding": {"temperature": 0.2, "top_p": null, "top_k": null, "max_tokens": 256, "seed": 42}, "prompt_tokens": 95, "completion_tokens": 9, "total_tokens": 104, "token_count_source": "tokenizer", "diffusion_steps": null, "flops_estimate": null, "flops_arch": null, "flops_model_params": null, "flops_active_params": null, "tokens_non_final": 3, "tokens_reasoning": 0, "tokens_response": 3, "elapsed_seconds": 0.28104639053344727, "judgement": "Way off"}
{"id": "fermi_000983", "topic": "fermi", "subtopic": "crowd_density", "prompt": "A plaza is about 50 m by 25 m, with roughly 3 people per square meter. About how many people are there?", "exact_value": 3750, "model": "qwen/qwen2.5-3b-instruct", "provider": "transformers", "response": "Final answer: 15000", "numeric_answer": 15000.0, "relative_error": 3.0, "thinking_text": null, "has_tool_call": false, "tool_call": null, "usage": {"prompt_tokens": 95, "completion_tokens": 10, "total_tokens": 105, "token_count_source": "tokenizer"}, "decoding": {"temperature": 0.2, "top_p": null, "top_k": null, "max_tokens": 256, "seed": 42}, "prompt_tokens": 95, "completion_tokens": 10, "total_tokens": 105, "token_count_source": "tokenizer", "diffusion_steps": null, "flops_estimate": null, "flops_arch": null, "flops_model_params": null, "flops_active_params": null, "tokens_non_final": 3, "tokens_reasoning": 0, "tokens_response": 3, "elapsed_seconds": 0.3132143020629883, "judgement": "Way off"}
{"id": "fermi_001003", "topic": "fermi", "subtopic": "crowd_density", "prompt": "A plaza is about 30 m by 25 m, with roughly 3 people per square meter. About how many people are there?", "exact_value": 2250, "model": "qwen/qwen2.5-3b-instruct", "provider": "transformers", "response": "Final answer: 1500", "numeric_answer": 1500.0, "relative_error": 0.3333333333333333, "thinking_text": null, "has_tool_call": false, "tool_call": null, "usage": {"prompt_tokens": 95, "completion_tokens": 9, "total_tokens": 104, "token_count_source": "tokenizer"}, "decoding": {"temperature": 0.2, "top_p": null, "top_k": null, "max_tokens": 256, "seed": 42}, "prompt_tokens": 95, "completion_tokens": 9, "total_tokens": 104, "token_count_source": "tokenizer", "diffusion_steps": null, "flops_estimate": null, "flops_arch": null, "flops_model_params": null, "flops_active_params": null, "tokens_non_final": 3, "tokens_reasoning": 0, "tokens_response": 3, "elapsed_seconds": 0.28226184844970703, "judgement": "Mildly off"}
{"id": "fermi_001023", "topic": "fermi", "subtopic": "crowd_density", "prompt": "A plaza is about 30 m by 25 m, with roughly 2 people per square meter. About how many people are there?", "exact_value": 1500, "model": "qwen/qwen2.5-3b-instruct", "provider": "transformers", "response": "Final answer: 15000", "numeric_answer": 15000.0, "relative_error": 9.0, "thinking_text": null, "has_tool_call": false, "tool_call": null, "usage": {"prompt_tokens": 95, "completion_tokens": 10, "total_tokens": 105, "token_count_source": "tokenizer"}, "decoding": {"temperature": 0.2, "top_p": null, "top_k": null, "max_tokens": 256, "seed": 42}, "prompt_tokens": 95, "completion_tokens": 10, "total_tokens": 105, "token_count_source": "tokenizer", "diffusion_steps": null, "flops_estimate": null, "flops_arch": null, "flops_model_params": null, "flops_active_params": null, "tokens_non_final": 3, "tokens_reasoning": 0, "tokens_response": 3, "elapsed_seconds": 0.31267881393432617, "judgement": "Way off"}
{"id": "fermi_001043", "topic": "fermi", "subtopic": "crowd_density", "prompt": "A plaza is about 60 m by 20 m, with roughly 3 people per square meter. About how many people are there?", "exact_value": 3600, "model": "qwen/qwen2.5-3b-instruct", "provider": "transformers", "response": "Final answer: 6000", "numeric_answer": 6000.0, "relative_error": 0.6666666666666666, "thinking_text": null, "has_tool_call": false, "tool_call": null, "usage": {"prompt_tokens": 95, "completion_tokens": 9, "total_tokens": 104, "token_count_source": "tokenizer"}, "decoding": {"temperature": 0.2, "top_p": null, "top_k": null, "max_tokens": 256, "seed": 42}, "prompt_tokens": 95, "completion_tokens": 9, "total_tokens": 104, "token_count_source": "tokenizer", "diffusion_steps": null, "flops_estimate": null, "flops_arch": null, "flops_model_params": null, "flops_active_params": null, "tokens_non_final": 3, "tokens_reasoning": 0, "tokens_response": 3, "elapsed_seconds": 0.28658628463745117, "judgement": "Way off"}
{"id": "fermi_001063", "topic": "fermi", "subtopic": "crowd_density", "prompt": "A plaza is about 40 m by 20 m, with roughly 1 people per square meter. About how many people are there?", "exact_value": 800, "model": "qwen/qwen2.5-3b-instruct", "provider": "transformers", "response": "Final answer: 4000000", "numeric_answer": 4000000.0, "relative_error": 4999.0, "thinking_text": null, "has_tool_call": false, "tool_call": null, "usage": {"prompt_tokens": 95, "completion_tokens": 12, "total_tokens": 107, "token_count_source": "tokenizer"}, "decoding": {"temperature": 0.2, "top_p": null, "top_k": null, "max_tokens": 256, "seed": 42}, "prompt_tokens": 95, "completion_tokens": 12, "total_tokens": 107, "token_count_source": "tokenizer", "diffusion_steps": null, "flops_estimate": null, "flops_arch": null, "flops_model_params": null, "flops_active_params": null, "tokens_non_final": 3, "tokens_reasoning": 0, "tokens_response": 3, "elapsed_seconds": 0.3754689693450928, "judgement": "Way off"}
{"id": "travel_time_000108", "topic": "travel_time", "subtopic": "drive_time", "prompt": "You need to travel about 161 miles at around 55 mph. About how many hours will it take?", "exact_value": 2.92, "model": "qwen/qwen2.5-3b-instruct", "provider": "transformers", "response": "Final answer: 2.8", "numeric_answer": 2.8, "relative_error": 0.04109589041095894, "thinking_text": null, "has_tool_call": false, "tool_call": null, "usage": {"prompt_tokens": 90, "completion_tokens": 8, "total_tokens": 98, "token_count_source": "tokenizer"}, "decoding": {"temperature": 0.2, "top_p": null, "top_k": null, "max_tokens": 256, "seed": 42}, "prompt_tokens": 90, "completion_tokens": 8, "total_tokens": 98, "token_count_source": "tokenizer", "diffusion_steps": null, "flops_estimate": null, "flops_arch": null, "flops_model_params": null, "flops_active_params": null, "tokens_non_final": 3, "tokens_reasoning": 0, "tokens_response": 3, "elapsed_seconds": 0.2520415782928467, "judgement": "Good approximation"}
{"id": "travel_time_000128", "topic": "travel_time", "subtopic": "drive_time", "prompt": "You need to travel about 11 miles at around 45 mph. About how many hours will it take?", "exact_value": 0.2511111111111111, "model": "qwen/qwen2.5-3b-instruct", "provider": "transformers", "response": "Final answer: 2.5", "numeric_answer": 2.5, "relative_error": 8.95575221238938, "thinking_text": null, "has_tool_call": false, "tool_call": null, "usage": {"prompt_tokens": 89, "completion_tokens": 8, "total_tokens": 97, "token_count_source": "tokenizer"}, "decoding": {"temperature": 0.2, "top_p": null, "top_k": null, "max_tokens": 256, "seed": 42}, "prompt_tokens": 89, "completion_tokens": 8, "total_tokens": 97, "token_count_source": "tokenizer", "diffusion_steps": null, "flops_estimate": null, "flops_arch": null, "flops_model_params": null, "flops_active_params": null, "tokens_non_final": 3, "tokens_reasoning": 0, "tokens_response": 3, "elapsed_seconds": 0.25058650970458984, "judgement": "Way off"}
{"id": "travel_time_000148", "topic": "travel_time", "subtopic": "drive_time", "prompt": "You need to travel about 189 miles at around 45 mph. About how many hours will it take?", "exact_value": 4.202222222222222, "model": "qwen/qwen2.5-3b-instruct", "provider": "transformers", "response": "Final answer: 2.5", "numeric_answer": 2.5, "relative_error": 0.40507667900581695, "thinking_text": null, "has_tool_call": false, "tool_call": null, "usage": {"prompt_tokens": 90, "completion_tokens": 8, "total_tokens": 98, "token_count_source": "tokenizer"}, "decoding": {"temperature": 0.2, "top_p": null, "top_k": null, "max_tokens": 256, "seed": 42}, "prompt_tokens": 90, "completion_tokens": 8, "total_tokens": 98, "token_count_source": "tokenizer", "diffusion_steps": null, "flops_estimate": null, "flops_arch": null, "flops_model_params": null, "flops_active_params": null, "tokens_non_final": 3, "tokens_reasoning": 0, "tokens_response": 3, "elapsed_seconds": 0.25102949142456055, "judgement": "Mildly off"}
{"id": "travel_time_000168", "topic": "travel_time", "subtopic": "drive_time", "prompt": "You need to travel about 239 miles at around 45 mph. About how many hours will it take?", "exact_value": 5.304444444444444, "model": "qwen/qwen2.5-3b-instruct", "provider": "transformers", "response": "Final answer: 10.8", "numeric_answer": 10.8, "relative_error": 1.0360284876413912, "thinking_text": null, "has_tool_call": false, "tool_call": null, "usage": {"prompt_tokens": 90, "completion_tokens": 9, "total_tokens": 99, "token_count_source": "tokenizer"}, "decoding": {"temperature": 0.2, "top_p": null, "top_k": null, "max_tokens": 256, "seed": 42}, "prompt_tokens": 90, "completion_tokens": 9, "total_tokens": 99, "token_count_source": "tokenizer", "diffusion_steps": null, "flops_estimate": null, "flops_arch": null, "flops_model_params": null, "flops_active_params": null, "tokens_non_final": 3, "tokens_reasoning": 0, "tokens_response": 3, "elapsed_seconds": 0.2823619842529297, "judgement": "Way off"}
{"id": "travel_time_000188", "topic": "travel_time", "subtopic": "drive_time", "prompt": "You need to travel about 118 miles at around 45 mph. About how many hours will it take?", "exact_value": 2.6133333333333333, "model": "qwen/qwen2.5-3b-instruct", "provider": "transformers", "response": "Final answer: 2.5", "numeric_answer": 2.5, "relative_error": 0.043367346938775496, "thinking_text": null, "has_tool_call": false, "tool_call": null, "usage": {"prompt_tokens": 90, "completion_tokens": 8, "total_tokens": 98, "token_count_source": "tokenizer"}, "decoding": {"temperature": 0.2, "top_p": null, "top_k": null, "max_tokens": 256, "seed": 42}, "prompt_tokens": 90, "completion_tokens": 8, "total_tokens": 98, "token_count_source": "tokenizer", "diffusion_steps": null, "flops_estimate": null, "flops_arch": null, "flops_model_params": null, "flops_active_params": null, "tokens_non_final": 3, "tokens_reasoning": 0, "tokens_response": 3, "elapsed_seconds": 0.2510371208190918, "judgement": "Good approximation"}
{"id": "travel_time_000208", "topic": "travel_time", "subtopic": "drive_time", "prompt": "You need to travel about 224 miles at around 55 mph. About how many hours will it take?", "exact_value": 4.067272727272727, "model": "qwen/qwen2.5-3b-instruct", "provider": "transformers", "response": "Final answer: 10.8", "numeric_answer": 10.8, "relative_error": 1.6553419758605277, "thinking_text": null, "has_tool_call": false, "tool_call": null, "usage": {"prompt_tokens": 90, "completion_tokens": 9, "total_tokens": 99, "token_count_source": "tokenizer"}, "decoding": {"temperature": 0.2, "top_p": null, "top_k": null, "max_tokens": 256, "seed": 42}, "prompt_tokens": 90, "completion_tokens": 9, "total_tokens": 99, "token_count_source": "tokenizer", "diffusion_steps": null, "flops_estimate": null, "flops_arch": null, "flops_model_params": null, "flops_active_params": null, "tokens_non_final": 3, "tokens_reasoning": 0, "tokens_response": 3, "elapsed_seconds": 0.28325772285461426, "judgement": "Way off"}
{"id": "travel_time_000228", "topic": "travel_time", "subtopic": "drive_time", "prompt": "You need to travel about 37 miles at around 45 mph. About how many hours will it take?", "exact_value": 0.8222222222222222, "model": "qwen/qwen2.5-3b-instruct", "provider": "transformers", "response": "Final answer: 1.6", "numeric_answer": 1.6, "relative_error": 0.9459459459459462, "thinking_text": null, "has_tool_call": false, "tool_call": null, "usage": {"prompt_tokens": 89, "completion_tokens": 8, "total_tokens": 97, "token_count_source": "tokenizer"}, "decoding": {"temperature": 0.2, "top_p": null, "top_k": null, "max_tokens": 256, "seed": 42}, "prompt_tokens": 89, "completion_tokens": 8, "total_tokens": 97, "token_count_source": "tokenizer", "diffusion_steps": null, "flops_estimate": null, "flops_arch": null, "flops_model_params": null, "flops_active_params": null, "tokens_non_final": 3, "tokens_reasoning": 0, "tokens_response": 3, "elapsed_seconds": 0.2508842945098877, "judgement": "Way off"}
{"id": "travel_time_000248", "topic": "travel_time", "subtopic": "drive_time", "prompt": "You need to travel about 213 miles at around 35 mph. About how many hours will it take?", "exact_value": 6.082857142857143, "model": "qwen/qwen2.5-3b-instruct", "provider": "transformers", "response": "Final answer: 2.76", "numeric_answer": 2.76, "relative_error": 0.5462658525129169, "thinking_text": null, "has_tool_call": false, "tool_call": null, "usage": {"prompt_tokens": 90, "completion_tokens": 9, "total_tokens": 99, "token_count_source": "tokenizer"}, "decoding": {"temperature": 0.2, "top_p": null, "top_k": null, "max_tokens": 256, "seed": 42}, "prompt_tokens": 90, "completion_tokens": 9, "total_tokens": 99, "token_count_source": "tokenizer", "diffusion_steps": null, "flops_estimate": null, "flops_arch": null, "flops_model_params": null, "flops_active_params": null, "tokens_non_final": 3, "tokens_reasoning": 0, "tokens_response": 3, "elapsed_seconds": 0.2826564311981201, "judgement": "Mildly off"}
{"id": "travel_time_000268", "topic": "travel_time", "subtopic": "drive_time", "prompt": "You need to travel about 130 miles at around 35 mph. About how many hours will it take?", "exact_value": 3.7228571428571433, "model": "qwen/qwen2.5-3b-instruct", "provider": "transformers", "response": "Final answer: 2.8", "numeric_answer": 2.8, "relative_error": 0.24788948580199555, "thinking_text": null, "has_tool_call": false, "tool_call": null, "usage": {"prompt_tokens": 90, "completion_tokens": 8, "total_tokens": 98, "token_count_source": "tokenizer"}, "decoding": {"temperature": 0.2, "top_p": null, "top_k": null, "max_tokens": 256, "seed": 42}, "prompt_tokens": 90, "completion_tokens": 8, "total_tokens": 98, "token_count_source": "tokenizer", "diffusion_steps": null, "flops_estimate": null, "flops_arch": null, "flops_model_params": null, "flops_active_params": null, "tokens_non_final": 3, "tokens_reasoning": 0, "tokens_response": 3, "elapsed_seconds": 0.2598998546600342, "judgement": "Mildly off"}
{"id": "travel_time_000288", "topic": "travel_time", "subtopic": "drive_time", "prompt": "You need to travel about 182 miles at around 45 mph. About how many hours will it take?", "exact_value": 4.04, "model": "qwen/qwen2.5-3b-instruct", "provider": "transformers", "response": "Final answer: 3.6", "numeric_answer": 3.6, "relative_error": 0.1089108910891089, "thinking_text": null, "has_tool_call": false, "tool_call": null, "usage": {"prompt_tokens": 90, "completion_tokens": 8, "total_tokens": 98, "token_count_source": "tokenizer"}, "decoding": {"temperature": 0.2, "top_p": null, "top_k": null, "max_tokens": 256, "seed": 42}, "prompt_tokens": 90, "completion_tokens": 8, "total_tokens": 98, "token_count_source": "tokenizer", "diffusion_steps": null, "flops_estimate": null, "flops_arch": null, "flops_model_params": null, "flops_active_params": null, "tokens_non_final": 3, "tokens_reasoning": 0, "tokens_response": 3, "elapsed_seconds": 0.2516148090362549, "judgement": "Good approximation"}
{"id": "travel_time_000308", "topic": "travel_time", "subtopic": "drive_time", "prompt": "You need to travel about 220 miles at around 55 mph. About how many hours will it take?", "exact_value": 4.009090909090909, "model": "qwen/qwen2.5-3b-instruct", "provider": "transformers", "response": "Final answer: 1.6", "numeric_answer": 1.6, "relative_error": 0.600907029478458, "thinking_text": null, "has_tool_call": false, "tool_call": null, "usage": {"prompt_tokens": 90, "completion_tokens": 8, "total_tokens": 98, "token_count_source": "tokenizer"}, "decoding": {"temperature": 0.2, "top_p": null, "top_k": null, "max_tokens": 256, "seed": 42}, "prompt_tokens": 90, "completion_tokens": 8, "total_tokens": 98, "token_count_source": "tokenizer", "diffusion_steps": null, "flops_estimate": null, "flops_arch": null, "flops_model_params": null, "flops_active_params": null, "tokens_non_final": 3, "tokens_reasoning": 0, "tokens_response": 3, "elapsed_seconds": 0.2508077621459961, "judgement": "Way off"}
{"id": "travel_time_000328", "topic": "travel_time", "subtopic": "drive_time", "prompt": "You need to travel about 144 miles at around 65 mph. About how many hours will it take?", "exact_value": 2.2184615384615385, "model": "qwen/qwen2.5-3b-instruct", "provider": "transformers", "response": "Final answer: 20.8", "numeric_answer": 20.8, "relative_error": 8.375866851595006, "thinking_text": null, "has_tool_call": false, "tool_call": null, "usage": {"prompt_tokens": 90, "completion_tokens": 9, "total_tokens": 99, "token_count_source": "tokenizer"}, "decoding": {"temperature": 0.2, "top_p": null, "top_k": null, "max_tokens": 256, "seed": 42}, "prompt_tokens": 90, "completion_tokens": 9, "total_tokens": 99, "token_count_source": "tokenizer", "diffusion_steps": null, "flops_estimate": null, "flops_arch": null, "flops_model_params": null, "flops_active_params": null, "tokens_non_final": 3, "tokens_reasoning": 0, "tokens_response": 3, "elapsed_seconds": 0.281635046005249, "judgement": "Way off"}
{"id": "travel_time_000348", "topic": "travel_time", "subtopic": "drive_time", "prompt": "You need to travel about 215 miles at around 25 mph. About how many hours will it take?", "exact_value": 8.612, "model": "qwen/qwen2.5-3b-instruct", "provider": "transformers", "response": "Final answer: 2.8", "numeric_answer": 2.8, "relative_error": 0.6748722712494194, "thinking_text": null, "has_tool_call": false, "tool_call": null, "usage": {"prompt_tokens": 90, "completion_tokens": 8, "total_tokens": 98, "token_count_source": "tokenizer"}, "decoding": {"temperature": 0.2, "top_p": null, "top_k": null, "max_tokens": 256, "seed": 42}, "prompt_tokens": 90, "completion_tokens": 8, "total_tokens": 98, "token_count_source": "tokenizer", "diffusion_steps": null, "flops_estimate": null, "flops_arch": null, "flops_model_params": null, "flops_active_params": null, "tokens_non_final": 3, "tokens_reasoning": 0, "tokens_response": 3, "elapsed_seconds": 0.25086355209350586, "judgement": "Way off"}
{"id": "travel_time_000368", "topic": "travel_time", "subtopic": "drive_time", "prompt": "You need to travel about 173 miles at around 55 mph. About how many hours will it take?", "exact_value": 3.152727272727273, "model": "qwen/qwen2.5-3b-instruct", "provider": "transformers", "response": "Final answer: 2.4", "numeric_answer": 2.4, "relative_error": 0.23875432525951562, "thinking_text": null, "has_tool_call": false, "tool_call": null, "usage": {"prompt_tokens": 90, "completion_tokens": 8, "total_tokens": 98, "token_count_source": "tokenizer"}, "decoding": {"temperature": 0.2, "top_p": null, "top_k": null, "max_tokens": 256, "seed": 42}, "prompt_tokens": 90, "completion_tokens": 8, "total_tokens": 98, "token_count_source": "tokenizer", "diffusion_steps": null, "flops_estimate": null, "flops_arch": null, "flops_model_params": null, "flops_active_params": null, "tokens_non_final": 3, "tokens_reasoning": 0, "tokens_response": 3, "elapsed_seconds": 0.2504756450653076, "judgement": "Mildly off"}
{"id": "travel_time_000388", "topic": "travel_time", "subtopic": "drive_time", "prompt": "You need to travel about 73 miles at around 25 mph. About how many hours will it take?", "exact_value": 2.92, "model": "qwen/qwen2.5-3b-instruct", "provider": "transformers", "response": "Final answer: 100", "numeric_answer": 100.0, "relative_error": 33.24657534246575, "thinking_text": null, "has_tool_call": false, "tool_call": null, "usage": {"prompt_tokens": 89, "completion_tokens": 8, "total_tokens": 97, "token_count_source": "tokenizer"}, "decoding": {"temperature": 0.2, "top_p": null, "top_k": null, "max_tokens": 256, "seed": 42}, "prompt_tokens": 89, "completion_tokens": 8, "total_tokens": 97, "token_count_source": "tokenizer", "diffusion_steps": null, "flops_estimate": null, "flops_arch": null, "flops_model_params": null, "flops_active_params": null, "tokens_non_final": 3, "tokens_reasoning": 0, "tokens_response": 3, "elapsed_seconds": 0.25295281410217285, "judgement": "Way off"}
{"id": "travel_time_000408", "topic": "travel_time", "subtopic": "drive_time", "prompt": "You need to travel about 66 miles at around 65 mph. About how many hours will it take?", "exact_value": 1.0215384615384617, "model": "qwen/qwen2.5-3b-instruct", "provider": "transformers", "response": "66 miles at 65 mph implies that the trip duration can be calculated using the formula for distance over time:\n\n\\[ \\text{Distance} = \\text{Speed} \\times \\text{Time} \\]\n\nGiven that the speed is constant, we can rearrange the formula to find the time:\n\n\\[ \\text{Time} = \\text{Distance} / \\text{Speed} \\]\n\nHere, the distance is 66 miles and the speed is 65 mph (miles per hour). The time required to travel this distance is:\n\n\\[ \\text{Time} = \\frac{66}{65} \\text{ hours} \\]\n\nThis simplifies to:\n\n\\[ \\text{Time} = \\frac{66}{65} \\text{ hours} \\]\n\nTherefore, the final answer is:\n\n66 / 65 hours. \n\nTo simplify further, we can calculate the exact time:\n\n\\[ \\text{Time} = \\frac{66}{65} \\text{ hours} \\]\n\nThe simplified form of the expression is:\n\n\\[ \\text{Time} = \\frac{66}{65} \\text{ hours} \\]\n\nThe exact value is:\n\n\\[ \\text{", "numeric_answer": 66.0, "relative_error": 63.60843373493975, "thinking_text": null, "has_tool_call": false, "tool_call": null, "usage": {"prompt_tokens": 89, "completion_tokens": 256, "total_tokens": 345, "token_count_source": "tokenizer"}, "decoding": {"temperature": 0.2, "top_p": null, "top_k": null, "max_tokens": 256, "seed": 42}, "prompt_tokens": 89, "completion_tokens": 256, "total_tokens": 345, "token_count_source": "tokenizer", "diffusion_steps": null, "flops_estimate": null, "flops_arch": null, "flops_model_params": null, "flops_active_params": null, "tokens_non_final": 134, "tokens_reasoning": 0, "tokens_response": 134, "elapsed_seconds": 8.081598281860352, "judgement": "Way off"}
{"id": "travel_time_000428", "topic": "travel_time", "subtopic": "drive_time", "prompt": "You need to travel about 18 miles at around 65 mph. About how many hours will it take?", "exact_value": 0.27999999999999997, "model": "qwen/qwen2.5-3b-instruct", "provider": "transformers", "response": "Final answer: 18.0", "numeric_answer": 18.0, "relative_error": 63.285714285714285, "thinking_text": null, "has_tool_call": false, "tool_call": null, "usage": {"prompt_tokens": 89, "completion_tokens": 9, "total_tokens": 98, "token_count_source": "tokenizer"}, "decoding": {"temperature": 0.2, "top_p": null, "top_k": null, "max_tokens": 256, "seed": 42}, "prompt_tokens": 89, "completion_tokens": 9, "total_tokens": 98, "token_count_source": "tokenizer", "diffusion_steps": null, "flops_estimate": null, "flops_arch": null, "flops_model_params": null, "flops_active_params": null, "tokens_non_final": 3, "tokens_reasoning": 0, "tokens_response": 3, "elapsed_seconds": 0.2837941646575928, "judgement": "Way off"}
{"id": "travel_time_000448", "topic": "travel_time", "subtopic": "drive_time", "prompt": "You need to travel about 208 miles at around 35 mph. About how many hours will it take?", "exact_value": 5.951428571428572, "model": "qwen/qwen2.5-3b-instruct", "provider": "transformers", "response": "Final answer: 1.4", "numeric_answer": 1.4, "relative_error": 0.7647623619779165, "thinking_text": null, "has_tool_call": false, "tool_call": null, "usage": {"prompt_tokens": 90, "completion_tokens": 8, "total_tokens": 98, "token_count_source": "tokenizer"}, "decoding": {"temperature": 0.2, "top_p": null, "top_k": null, "max_tokens": 256, "seed": 42}, "prompt_tokens": 90, "completion_tokens": 8, "total_tokens": 98, "token_count_source": "tokenizer", "diffusion_steps": null, "flops_estimate": null, "flops_arch": null, "flops_model_params": null, "flops_active_params": null, "tokens_non_final": 3, "tokens_reasoning": 0, "tokens_response": 3, "elapsed_seconds": 0.2524116039276123, "judgement": "Way off"}
{"id": "travel_time_000468", "topic": "travel_time", "subtopic": "drive_time", "prompt": "You need to travel about 49 miles at around 35 mph. About how many hours will it take?", "exact_value": 1.3885714285714286, "model": "qwen/qwen2.5-3b-instruct", "provider": "transformers", "response": "Final answer: 1.8", "numeric_answer": 1.8, "relative_error": 0.29629629629629634, "thinking_text": null, "has_tool_call": false, "tool_call": null, "usage": {"prompt_tokens": 89, "completion_tokens": 8, "total_tokens": 97, "token_count_source": "tokenizer"}, "decoding": {"temperature": 0.2, "top_p": null, "top_k": null, "max_tokens": 256, "seed": 42}, "prompt_tokens": 89, "completion_tokens": 8, "total_tokens": 97, "token_count_source": "tokenizer", "diffusion_steps": null, "flops_estimate": null, "flops_arch": null, "flops_model_params": null, "flops_active_params": null, "tokens_non_final": 3, "tokens_reasoning": 0, "tokens_response": 3, "elapsed_seconds": 0.2513432502746582, "judgement": "Mildly off"}
{"id": "travel_time_000488", "topic": "travel_time", "subtopic": "drive_time", "prompt": "You need to travel about 85 miles at around 55 mph. About how many hours will it take?", "exact_value": 1.5454545454545454, "model": "qwen/qwen2.5-3b-instruct", "provider": "transformers", "response": "Final answer: 10.5", "numeric_answer": 10.5, "relative_error": 5.794117647058824, "thinking_text": null, "has_tool_call": false, "tool_call": null, "usage": {"prompt_tokens": 89, "completion_tokens": 9, "total_tokens": 98, "token_count_source": "tokenizer"}, "decoding": {"temperature": 0.2, "top_p": null, "top_k": null, "max_tokens": 256, "seed": 42}, "prompt_tokens": 89, "completion_tokens": 9, "total_tokens": 98, "token_count_source": "tokenizer", "diffusion_steps": null, "flops_estimate": null, "flops_arch": null, "flops_model_params": null, "flops_active_params": null, "tokens_non_final": 3, "tokens_reasoning": 0, "tokens_response": 3, "elapsed_seconds": 0.286144495010376, "judgement": "Way off"}
{"id": "travel_time_000508", "topic": "travel_time", "subtopic": "drive_time", "prompt": "You need to travel about 139 miles at around 35 mph. About how many hours will it take?", "exact_value": 3.9800000000000004, "model": "qwen/qwen2.5-3b-instruct", "provider": "transformers", "response": "Final answer: 2.8", "numeric_answer": 2.8, "relative_error": 0.2964824120603016, "thinking_text": null, "has_tool_call": false, "tool_call": null, "usage": {"prompt_tokens": 90, "completion_tokens": 8, "total_tokens": 98, "token_count_source": "tokenizer"}, "decoding": {"temperature": 0.2, "top_p": null, "top_k": null, "max_tokens": 256, "seed": 42}, "prompt_tokens": 90, "completion_tokens": 8, "total_tokens": 98, "token_count_source": "tokenizer", "diffusion_steps": null, "flops_estimate": null, "flops_arch": null, "flops_model_params": null, "flops_active_params": null, "tokens_non_final": 3, "tokens_reasoning": 0, "tokens_response": 3, "elapsed_seconds": 0.2513387203216553, "judgement": "Mildly off"}
{"id": "travel_time_000528", "topic": "travel_time", "subtopic": "drive_time", "prompt": "You need to travel about 203 miles at around 45 mph. About how many hours will it take?", "exact_value": 4.511111111111111, "model": "qwen/qwen2.5-3b-instruct", "provider": "transformers", "response": "Final answer: 1.86", "numeric_answer": 1.86, "relative_error": 0.5876847290640393, "thinking_text": null, "has_tool_call": false, "tool_call": null, "usage": {"prompt_tokens": 90, "completion_tokens": 9, "total_tokens": 99, "token_count_source": "tokenizer"}, "decoding": {"temperature": 0.2, "top_p": null, "top_k": null, "max_tokens": 256, "seed": 42}, "prompt_tokens": 90, "completion_tokens": 9, "total_tokens": 99, "token_count_source": "tokenizer", "diffusion_steps": null, "flops_estimate": null, "flops_arch": null, "flops_model_params": null, "flops_active_params": null, "tokens_non_final": 3, "tokens_reasoning": 0, "tokens_response": 3, "elapsed_seconds": 0.2819840908050537, "judgement": "Mildly off"}
{"id": "travel_time_000548", "topic": "travel_time", "subtopic": "drive_time", "prompt": "You need to travel about 71 miles at around 65 mph. About how many hours will it take?", "exact_value": 1.0953846153846154, "model": "qwen/qwen2.5-3b-instruct", "provider": "transformers", "response": "Final answer: 2.8", "numeric_answer": 2.8, "relative_error": 1.5561797752808986, "thinking_text": null, "has_tool_call": false, "tool_call": null, "usage": {"prompt_tokens": 89, "completion_tokens": 8, "total_tokens": 97, "token_count_source": "tokenizer"}, "decoding": {"temperature": 0.2, "top_p": null, "top_k": null, "max_tokens": 256, "seed": 42}, "prompt_tokens": 89, "completion_tokens": 8, "total_tokens": 97, "token_count_source": "tokenizer", "diffusion_steps": null, "flops_estimate": null, "flops_arch": null, "flops_model_params": null, "flops_active_params": null, "tokens_non_final": 3, "tokens_reasoning": 0, "tokens_response": 3, "elapsed_seconds": 0.2508385181427002, "judgement": "Way off"}
{"id": "travel_time_000568", "topic": "travel_time", "subtopic": "drive_time", "prompt": "You need to travel about 167 miles at around 45 mph. About how many hours will it take?", "exact_value": 3.7022222222222223, "model": "qwen/qwen2.5-3b-instruct", "provider": "transformers", "response": "Final answer: 2.8", "numeric_answer": 2.8, "relative_error": 0.24369747899159672, "thinking_text": null, "has_tool_call": false, "tool_call": null, "usage": {"prompt_tokens": 90, "completion_tokens": 8, "total_tokens": 98, "token_count_source": "tokenizer"}, "decoding": {"temperature": 0.2, "top_p": null, "top_k": null, "max_tokens": 256, "seed": 42}, "prompt_tokens": 90, "completion_tokens": 8, "total_tokens": 98, "token_count_source": "tokenizer", "diffusion_steps": null, "flops_estimate": null, "flops_arch": null, "flops_model_params": null, "flops_active_params": null, "tokens_non_final": 3, "tokens_reasoning": 0, "tokens_response": 3, "elapsed_seconds": 0.2512528896331787, "judgement": "Mildly off"}
{"id": "travel_time_000588", "topic": "travel_time", "subtopic": "drive_time", "prompt": "You need to travel about 59 miles at around 25 mph. About how many hours will it take?", "exact_value": 2.344, "model": "qwen/qwen2.5-3b-instruct", "provider": "transformers", "response": "Final answer: 1.8", "numeric_answer": 1.8, "relative_error": 0.23208191126279856, "thinking_text": null, "has_tool_call": false, "tool_call": null, "usage": {"prompt_tokens": 89, "completion_tokens": 8, "total_tokens": 97, "token_count_source": "tokenizer"}, "decoding": {"temperature": 0.2, "top_p": null, "top_k": null, "max_tokens": 256, "seed": 42}, "prompt_tokens": 89, "completion_tokens": 8, "total_tokens": 97, "token_count_source": "tokenizer", "diffusion_steps": null, "flops_estimate": null, "flops_arch": null, "flops_model_params": null, "flops_active_params": null, "tokens_non_final": 3, "tokens_reasoning": 0, "tokens_response": 3, "elapsed_seconds": 0.25139641761779785, "judgement": "Mildly off"}
{"id": "travel_time_000608", "topic": "travel_time", "subtopic": "drive_time", "prompt": "You need to travel about 87 miles at around 25 mph. About how many hours will it take?", "exact_value": 3.468, "model": "qwen/qwen2.5-3b-instruct", "provider": "transformers", "response": "Final answer: 87.0", "numeric_answer": 87.0, "relative_error": 24.086505190311417, "thinking_text": null, "has_tool_call": false, "tool_call": null, "usage": {"prompt_tokens": 89, "completion_tokens": 9, "total_tokens": 98, "token_count_source": "tokenizer"}, "decoding": {"temperature": 0.2, "top_p": null, "top_k": null, "max_tokens": 256, "seed": 42}, "prompt_tokens": 89, "completion_tokens": 9, "total_tokens": 98, "token_count_source": "tokenizer", "diffusion_steps": null, "flops_estimate": null, "flops_arch": null, "flops_model_params": null, "flops_active_params": null, "tokens_non_final": 3, "tokens_reasoning": 0, "tokens_response": 3, "elapsed_seconds": 0.28226709365844727, "judgement": "Way off"}
{"id": "travel_time_000628", "topic": "travel_time", "subtopic": "drive_time", "prompt": "You need to travel about 236 miles at around 45 mph. About how many hours will it take?", "exact_value": 5.2444444444444445, "model": "qwen/qwen2.5-3b-instruct", "provider": "transformers", "response": "Final answer: 10.8", "numeric_answer": 10.8, "relative_error": 1.0593220338983051, "thinking_text": null, "has_tool_call": false, "tool_call": null, "usage": {"prompt_tokens": 90, "completion_tokens": 9, "total_tokens": 99, "token_count_source": "tokenizer"}, "decoding": {"temperature": 0.2, "top_p": null, "top_k": null, "max_tokens": 256, "seed": 42}, "prompt_tokens": 90, "completion_tokens": 9, "total_tokens": 99, "token_count_source": "tokenizer", "diffusion_steps": null, "flops_estimate": null, "flops_arch": null, "flops_model_params": null, "flops_active_params": null, "tokens_non_final": 3, "tokens_reasoning": 0, "tokens_response": 3, "elapsed_seconds": 0.2849702835083008, "judgement": "Way off"}
{"id": "travel_time_000648", "topic": "travel_time", "subtopic": "drive_time", "prompt": "You need to travel about 202 miles at around 45 mph. About how many hours will it take?", "exact_value": 4.497777777777778, "model": "qwen/qwen2.5-3b-instruct", "provider": "transformers", "response": "Final answer: 10.8", "numeric_answer": 10.8, "relative_error": 1.401185770750988, "thinking_text": null, "has_tool_call": false, "tool_call": null, "usage": {"prompt_tokens": 90, "completion_tokens": 9, "total_tokens": 99, "token_count_source": "tokenizer"}, "decoding": {"temperature": 0.2, "top_p": null, "top_k": null, "max_tokens": 256, "seed": 42}, "prompt_tokens": 90, "completion_tokens": 9, "total_tokens": 99, "token_count_source": "tokenizer", "diffusion_steps": null, "flops_estimate": null, "flops_arch": null, "flops_model_params": null, "flops_active_params": null, "tokens_non_final": 3, "tokens_reasoning": 0, "tokens_response": 3, "elapsed_seconds": 0.2827157974243164, "judgement": "Way off"}
{"id": "travel_time_000668", "topic": "travel_time", "subtopic": "drive_time", "prompt": "You need to travel about 140 miles at around 25 mph. About how many hours will it take?", "exact_value": 5.6160000000000005, "model": "qwen/qwen2.5-3b-instruct", "provider": "transformers", "response": "Final answer: 16.7", "numeric_answer": 16.7, "relative_error": 1.9736467236467234, "thinking_text": null, "has_tool_call": false, "tool_call": null, "usage": {"prompt_tokens": 90, "completion_tokens": 9, "total_tokens": 99, "token_count_source": "tokenizer"}, "decoding": {"temperature": 0.2, "top_p": null, "top_k": null, "max_tokens": 256, "seed": 42}, "prompt_tokens": 90, "completion_tokens": 9, "total_tokens": 99, "token_count_source": "tokenizer", "diffusion_steps": null, "flops_estimate": null, "flops_arch": null, "flops_model_params": null, "flops_active_params": null, "tokens_non_final": 3, "tokens_reasoning": 0, "tokens_response": 3, "elapsed_seconds": 0.2821390628814697, "judgement": "Way off"}
{"id": "travel_time_000688", "topic": "travel_time", "subtopic": "drive_time", "prompt": "You need to travel about 10 miles at around 65 mph. About how many hours will it take?", "exact_value": 0.1523076923076923, "model": "qwen/qwen2.5-3b-instruct", "provider": "transformers", "response": "Final answer: 2.8", "numeric_answer": 2.8, "relative_error": 17.38383838383838, "thinking_text": null, "has_tool_call": false, "tool_call": null, "usage": {"prompt_tokens": 89, "completion_tokens": 8, "total_tokens": 97, "token_count_source": "tokenizer"}, "decoding": {"temperature": 0.2, "top_p": null, "top_k": null, "max_tokens": 256, "seed": 42}, "prompt_tokens": 89, "completion_tokens": 8, "total_tokens": 97, "token_count_source": "tokenizer", "diffusion_steps": null, "flops_estimate": null, "flops_arch": null, "flops_model_params": null, "flops_active_params": null, "tokens_non_final": 3, "tokens_reasoning": 0, "tokens_response": 3, "elapsed_seconds": 0.25035905838012695, "judgement": "Way off"}
{"id": "travel_time_000708", "topic": "travel_time", "subtopic": "drive_time", "prompt": "You need to travel about 187 miles at around 35 mph. About how many hours will it take?", "exact_value": 5.345714285714285, "model": "qwen/qwen2.5-3b-instruct", "provider": "transformers", "response": "Final answer: 20.4", "numeric_answer": 20.4, "relative_error": 2.8161411010155, "thinking_text": null, "has_tool_call": false, "tool_call": null, "usage": {"prompt_tokens": 90, "completion_tokens": 9, "total_tokens": 99, "token_count_source": "tokenizer"}, "decoding": {"temperature": 0.2, "top_p": null, "top_k": null, "max_tokens": 256, "seed": 42}, "prompt_tokens": 90, "completion_tokens": 9, "total_tokens": 99, "token_count_source": "tokenizer", "diffusion_steps": null, "flops_estimate": null, "flops_arch": null, "flops_model_params": null, "flops_active_params": null, "tokens_non_final": 3, "tokens_reasoning": 0, "tokens_response": 3, "elapsed_seconds": 0.2847778797149658, "judgement": "Way off"}
{"id": "travel_time_000728", "topic": "travel_time", "subtopic": "drive_time", "prompt": "You need to travel about 85 miles at around 35 mph. About how many hours will it take?", "exact_value": 2.42, "model": "qwen/qwen2.5-3b-instruct", "provider": "transformers", "response": "Final answer: 2.5", "numeric_answer": 2.5, "relative_error": 0.03305785123966945, "thinking_text": null, "has_tool_call": false, "tool_call": null, "usage": {"prompt_tokens": 89, "completion_tokens": 8, "total_tokens": 97, "token_count_source": "tokenizer"}, "decoding": {"temperature": 0.2, "top_p": null, "top_k": null, "max_tokens": 256, "seed": 42}, "prompt_tokens": 89, "completion_tokens": 8, "total_tokens": 97, "token_count_source": "tokenizer", "diffusion_steps": null, "flops_estimate": null, "flops_arch": null, "flops_model_params": null, "flops_active_params": null, "tokens_non_final": 3, "tokens_reasoning": 0, "tokens_response": 3, "elapsed_seconds": 0.2523314952850342, "judgement": "Good approximation"}
{"id": "travel_time_000748", "topic": "travel_time", "subtopic": "drive_time", "prompt": "You need to travel about 45 miles at around 55 mph. About how many hours will it take?", "exact_value": 0.8200000000000001, "model": "qwen/qwen2.5-3b-instruct", "provider": "transformers", "response": "Final answer: 10.5", "numeric_answer": 10.5, "relative_error": 11.804878048780486, "thinking_text": null, "has_tool_call": false, "tool_call": null, "usage": {"prompt_tokens": 89, "completion_tokens": 9, "total_tokens": 98, "token_count_source": "tokenizer"}, "decoding": {"temperature": 0.2, "top_p": null, "top_k": null, "max_tokens": 256, "seed": 42}, "prompt_tokens": 89, "completion_tokens": 9, "total_tokens": 98, "token_count_source": "tokenizer", "diffusion_steps": null, "flops_estimate": null, "flops_arch": null, "flops_model_params": null, "flops_active_params": null, "tokens_non_final": 3, "tokens_reasoning": 0, "tokens_response": 3, "elapsed_seconds": 0.28247928619384766, "judgement": "Way off"}
{"id": "travel_time_000768", "topic": "travel_time", "subtopic": "drive_time", "prompt": "You need to travel about 174 miles at around 55 mph. About how many hours will it take?", "exact_value": 3.1563636363636363, "model": "qwen/qwen2.5-3b-instruct", "provider": "transformers", "response": "Final answer: 2.8", "numeric_answer": 2.8, "relative_error": 0.11290322580645164, "thinking_text": null, "has_tool_call": false, "tool_call": null, "usage": {"prompt_tokens": 90, "completion_tokens": 8, "total_tokens": 98, "token_count_source": "tokenizer"}, "decoding": {"temperature": 0.2, "top_p": null, "top_k": null, "max_tokens": 256, "seed": 42}, "prompt_tokens": 90, "completion_tokens": 8, "total_tokens": 98, "token_count_source": "tokenizer", "diffusion_steps": null, "flops_estimate": null, "flops_arch": null, "flops_model_params": null, "flops_active_params": null, "tokens_non_final": 3, "tokens_reasoning": 0, "tokens_response": 3, "elapsed_seconds": 0.2523634433746338, "judgement": "Good approximation"}
{"id": "travel_time_000788", "topic": "travel_time", "subtopic": "drive_time", "prompt": "You need to travel about 88 miles at around 65 mph. About how many hours will it take?", "exact_value": 1.3507692307692307, "model": "qwen/qwen2.5-3b-instruct", "provider": "transformers", "response": "Final answer: 10.4", "numeric_answer": 10.4, "relative_error": 6.699316628701595, "thinking_text": null, "has_tool_call": false, "tool_call": null, "usage": {"prompt_tokens": 89, "completion_tokens": 9, "total_tokens": 98, "token_count_source": "tokenizer"}, "decoding": {"temperature": 0.2, "top_p": null, "top_k": null, "max_tokens": 256, "seed": 42}, "prompt_tokens": 89, "completion_tokens": 9, "total_tokens": 98, "token_count_source": "tokenizer", "diffusion_steps": null, "flops_estimate": null, "flops_arch": null, "flops_model_params": null, "flops_active_params": null, "tokens_non_final": 3, "tokens_reasoning": 0, "tokens_response": 3, "elapsed_seconds": 0.2816638946533203, "judgement": "Way off"}
{"id": "travel_time_000808", "topic": "travel_time", "subtopic": "drive_time", "prompt": "You need to travel about 224 miles at around 35 mph. About how many hours will it take?", "exact_value": 6.402857142857143, "model": "qwen/qwen2.5-3b-instruct", "provider": "transformers", "response": "Final answer: 1.87", "numeric_answer": 1.87, "relative_error": 0.7079428826416778, "thinking_text": null, "has_tool_call": false, "tool_call": null, "usage": {"prompt_tokens": 90, "completion_tokens": 9, "total_tokens": 99, "token_count_source": "tokenizer"}, "decoding": {"temperature": 0.2, "top_p": null, "top_k": null, "max_tokens": 256, "seed": 42}, "prompt_tokens": 90, "completion_tokens": 9, "total_tokens": 99, "token_count_source": "tokenizer", "diffusion_steps": null, "flops_estimate": null, "flops_arch": null, "flops_model_params": null, "flops_active_params": null, "tokens_non_final": 3, "tokens_reasoning": 0, "tokens_response": 3, "elapsed_seconds": 0.2821826934814453, "judgement": "Way off"}
{"id": "travel_time_000828", "topic": "travel_time", "subtopic": "drive_time", "prompt": "You need to travel about 153 miles at around 45 mph. About how many hours will it take?", "exact_value": 3.391111111111111, "model": "qwen/qwen2.5-3b-instruct", "provider": "transformers", "response": "Final answer: 2.5", "numeric_answer": 2.5, "relative_error": 0.2627785058977719, "thinking_text": null, "has_tool_call": false, "tool_call": null, "usage": {"prompt_tokens": 90, "completion_tokens": 8, "total_tokens": 98, "token_count_source": "tokenizer"}, "decoding": {"temperature": 0.2, "top_p": null, "top_k": null, "max_tokens": 256, "seed": 42}, "prompt_tokens": 90, "completion_tokens": 8, "total_tokens": 98, "token_count_source": "tokenizer", "diffusion_steps": null, "flops_estimate": null, "flops_arch": null, "flops_model_params": null, "flops_active_params": null, "tokens_non_final": 3, "tokens_reasoning": 0, "tokens_response": 3, "elapsed_seconds": 0.25134825706481934, "judgement": "Mildly off"}
{"id": "travel_time_000848", "topic": "travel_time", "subtopic": "drive_time", "prompt": "You need to travel about 192 miles at around 25 mph. About how many hours will it take?", "exact_value": 7.7, "model": "qwen/qwen2.5-3b-instruct", "provider": "transformers", "response": "Final answer: 3.6", "numeric_answer": 3.6, "relative_error": 0.5324675324675324, "thinking_text": null, "has_tool_call": false, "tool_call": null, "usage": {"prompt_tokens": 90, "completion_tokens": 8, "total_tokens": 98, "token_count_source": "tokenizer"}, "decoding": {"temperature": 0.2, "top_p": null, "top_k": null, "max_tokens": 256, "seed": 42}, "prompt_tokens": 90, "completion_tokens": 8, "total_tokens": 98, "token_count_source": "tokenizer", "diffusion_steps": null, "flops_estimate": null, "flops_arch": null, "flops_model_params": null, "flops_active_params": null, "tokens_non_final": 3, "tokens_reasoning": 0, "tokens_response": 3, "elapsed_seconds": 0.2534511089324951, "judgement": "Mildly off"}
{"id": "travel_time_000868", "topic": "travel_time", "subtopic": "drive_time", "prompt": "You need to travel about 145 miles at around 25 mph. About how many hours will it take?", "exact_value": 5.792000000000001, "model": "qwen/qwen2.5-3b-instruct", "provider": "transformers", "response": "Final answer: 3.5", "numeric_answer": 3.5, "relative_error": 0.395718232044199, "thinking_text": null, "has_tool_call": false, "tool_call": null, "usage": {"prompt_tokens": 90, "completion_tokens": 8, "total_tokens": 98, "token_count_source": "tokenizer"}, "decoding": {"temperature": 0.2, "top_p": null, "top_k": null, "max_tokens": 256, "seed": 42}, "prompt_tokens": 90, "completion_tokens": 8, "total_tokens": 98, "token_count_source": "tokenizer", "diffusion_steps": null, "flops_estimate": null, "flops_arch": null, "flops_model_params": null, "flops_active_params": null, "tokens_non_final": 3, "tokens_reasoning": 0, "tokens_response": 3, "elapsed_seconds": 0.25052785873413086, "judgement": "Mildly off"}
{"id": "travel_time_000888", "topic": "travel_time", "subtopic": "drive_time", "prompt": "You need to travel about 231 miles at around 45 mph. About how many hours will it take?", "exact_value": 5.1288888888888895, "model": "qwen/qwen2.5-3b-instruct", "provider": "transformers", "response": "Final answer: 3.5", "numeric_answer": 3.5, "relative_error": 0.3175909878682843, "thinking_text": null, "has_tool_call": false, "tool_call": null, "usage": {"prompt_tokens": 90, "completion_tokens": 8, "total_tokens": 98, "token_count_source": "tokenizer"}, "decoding": {"temperature": 0.2, "top_p": null, "top_k": null, "max_tokens": 256, "seed": 42}, "prompt_tokens": 90, "completion_tokens": 8, "total_tokens": 98, "token_count_source": "tokenizer", "diffusion_steps": null, "flops_estimate": null, "flops_arch": null, "flops_model_params": null, "flops_active_params": null, "tokens_non_final": 3, "tokens_reasoning": 0, "tokens_response": 3, "elapsed_seconds": 0.25313544273376465, "judgement": "Mildly off"}
{"id": "travel_time_000908", "topic": "travel_time", "subtopic": "drive_time", "prompt": "You need to travel about 116 miles at around 55 mph. About how many hours will it take?", "exact_value": 2.1163636363636367, "model": "qwen/qwen2.5-3b-instruct", "provider": "transformers", "response": "Final answer: 20.7\nThis calculation assumes that the speed is constant and that the distance is measured in miles. The time taken for the journey can be calculated using the formula: \n\\[ \\text{Time} = \\frac{\\text{Distance}}{\\text{Speed}} \\]\nGiven that the distance is 116 miles and the speed is 55 mph (miles per hour), the time taken is approximately 20.7 hours. This calculation is based on the assumption of constant speed and straightforward distance measurement. Please verify the exact values if necessary.", "numeric_answer": 20.7, "relative_error": 8.780927835051545, "thinking_text": null, "has_tool_call": false, "tool_call": null, "usage": {"prompt_tokens": 90, "completion_tokens": 121, "total_tokens": 211, "token_count_source": "tokenizer"}, "decoding": {"temperature": 0.2, "top_p": null, "top_k": null, "max_tokens": 256, "seed": 42}, "prompt_tokens": 90, "completion_tokens": 121, "total_tokens": 211, "token_count_source": "tokenizer", "diffusion_steps": null, "flops_estimate": null, "flops_arch": null, "flops_model_params": null, "flops_active_params": null, "tokens_non_final": 80, "tokens_reasoning": 0, "tokens_response": 80, "elapsed_seconds": 3.813974142074585, "judgement": "Way off"}
{"id": "travel_time_000928", "topic": "travel_time", "subtopic": "drive_time", "prompt": "You need to travel about 63 miles at around 55 mph. About how many hours will it take?", "exact_value": 1.1454545454545455, "model": "qwen/qwen2.5-3b-instruct", "provider": "transformers", "response": "63 miles at 55 mph can be converted to time using the formula:\n\\[ \\text{Time} = \\frac{\\text{Distance}}{\\text{Speed}} \\]\nGiven that distance is 63 miles and speed is 55 mph (miles per hour), we can calculate the time in hours as follows:\n\\[ \\text{Time} = \\frac{63}{55} \\]\n\\[ \\text{Time} = \\frac{63}{55} \\]\n\\[ \\text{Time} = \\frac{63}{55} \\]\n\nThe calculation shows that the time required for traveling 63 miles at 55 mph is approximately 63 hours. \n\nFinal answer: 63.", "numeric_answer": 63.0, "relative_error": 53.99999999999999, "thinking_text": null, "has_tool_call": false, "tool_call": null, "usage": {"prompt_tokens": 89, "completion_tokens": 157, "total_tokens": 246, "token_count_source": "tokenizer"}, "decoding": {"temperature": 0.2, "top_p": null, "top_k": null, "max_tokens": 256, "seed": 42}, "prompt_tokens": 89, "completion_tokens": 157, "total_tokens": 246, "token_count_source": "tokenizer", "diffusion_steps": null, "flops_estimate": null, "flops_arch": null, "flops_model_params": null, "flops_active_params": null, "tokens_non_final": 77, "tokens_reasoning": 0, "tokens_response": 77, "elapsed_seconds": 4.960870981216431, "judgement": "Way off"}
{"id": "travel_time_000948", "topic": "travel_time", "subtopic": "drive_time", "prompt": "You need to travel about 186 miles at around 65 mph. About how many hours will it take?", "exact_value": 2.8584615384615386, "model": "qwen/qwen2.5-3b-instruct", "provider": "transformers", "response": "Final answer: 2.4", "numeric_answer": 2.4, "relative_error": 0.1603875134553284, "thinking_text": null, "has_tool_call": false, "tool_call": null, "usage": {"prompt_tokens": 90, "completion_tokens": 8, "total_tokens": 98, "token_count_source": "tokenizer"}, "decoding": {"temperature": 0.2, "top_p": null, "top_k": null, "max_tokens": 256, "seed": 42}, "prompt_tokens": 90, "completion_tokens": 8, "total_tokens": 98, "token_count_source": "tokenizer", "diffusion_steps": null, "flops_estimate": null, "flops_arch": null, "flops_model_params": null, "flops_active_params": null, "tokens_non_final": 3, "tokens_reasoning": 0, "tokens_response": 3, "elapsed_seconds": 0.25115466117858887, "judgement": "Good approximation"}
{"id": "travel_time_000968", "topic": "travel_time", "subtopic": "drive_time", "prompt": "You need to travel about 108 miles at around 55 mph. About how many hours will it take?", "exact_value": 1.9672727272727273, "model": "qwen/qwen2.5-3b-instruct", "provider": "transformers", "response": "Final answer: 2.7", "numeric_answer": 2.7, "relative_error": 0.3724584103512016, "thinking_text": null, "has_tool_call": false, "tool_call": null, "usage": {"prompt_tokens": 90, "completion_tokens": 8, "total_tokens": 98, "token_count_source": "tokenizer"}, "decoding": {"temperature": 0.2, "top_p": null, "top_k": null, "max_tokens": 256, "seed": 42}, "prompt_tokens": 90, "completion_tokens": 8, "total_tokens": 98, "token_count_source": "tokenizer", "diffusion_steps": null, "flops_estimate": null, "flops_arch": null, "flops_model_params": null, "flops_active_params": null, "tokens_non_final": 3, "tokens_reasoning": 0, "tokens_response": 3, "elapsed_seconds": 0.25136399269104004, "judgement": "Mildly off"}
{"id": "travel_time_000988", "topic": "travel_time", "subtopic": "drive_time", "prompt": "You need to travel about 156 miles at around 55 mph. About how many hours will it take?", "exact_value": 2.838181818181818, "model": "qwen/qwen2.5-3b-instruct", "provider": "transformers", "response": "Final answer: 3.4", "numeric_answer": 3.4, "relative_error": 0.1979500320307496, "thinking_text": null, "has_tool_call": false, "tool_call": null, "usage": {"prompt_tokens": 90, "completion_tokens": 8, "total_tokens": 98, "token_count_source": "tokenizer"}, "decoding": {"temperature": 0.2, "top_p": null, "top_k": null, "max_tokens": 256, "seed": 42}, "prompt_tokens": 90, "completion_tokens": 8, "total_tokens": 98, "token_count_source": "tokenizer", "diffusion_steps": null, "flops_estimate": null, "flops_arch": null, "flops_model_params": null, "flops_active_params": null, "tokens_non_final": 3, "tokens_reasoning": 0, "tokens_response": 3, "elapsed_seconds": 0.2512655258178711, "judgement": "Good approximation"}
{"id": "travel_time_001008", "topic": "travel_time", "subtopic": "drive_time", "prompt": "You need to travel about 74 miles at around 25 mph. About how many hours will it take?", "exact_value": 2.948, "model": "qwen/qwen2.5-3b-instruct", "provider": "transformers", "response": "Final answer: 10.8", "numeric_answer": 10.8, "relative_error": 2.6635006784260518, "thinking_text": null, "has_tool_call": false, "tool_call": null, "usage": {"prompt_tokens": 89, "completion_tokens": 9, "total_tokens": 98, "token_count_source": "tokenizer"}, "decoding": {"temperature": 0.2, "top_p": null, "top_k": null, "max_tokens": 256, "seed": 42}, "prompt_tokens": 89, "completion_tokens": 9, "total_tokens": 98, "token_count_source": "tokenizer", "diffusion_steps": null, "flops_estimate": null, "flops_arch": null, "flops_model_params": null, "flops_active_params": null, "tokens_non_final": 3, "tokens_reasoning": 0, "tokens_response": 3, "elapsed_seconds": 0.28183531761169434, "judgement": "Way off"}
{"id": "travel_time_001028", "topic": "travel_time", "subtopic": "drive_time", "prompt": "You need to travel about 51 miles at around 55 mph. About how many hours will it take?", "exact_value": 0.9309090909090909, "model": "qwen/qwen2.5-3b-instruct", "provider": "transformers", "response": "Final answer: 2.7", "numeric_answer": 2.7, "relative_error": 1.9003906250000002, "thinking_text": null, "has_tool_call": false, "tool_call": null, "usage": {"prompt_tokens": 89, "completion_tokens": 8, "total_tokens": 97, "token_count_source": "tokenizer"}, "decoding": {"temperature": 0.2, "top_p": null, "top_k": null, "max_tokens": 256, "seed": 42}, "prompt_tokens": 89, "completion_tokens": 8, "total_tokens": 97, "token_count_source": "tokenizer", "diffusion_steps": null, "flops_estimate": null, "flops_arch": null, "flops_model_params": null, "flops_active_params": null, "tokens_non_final": 3, "tokens_reasoning": 0, "tokens_response": 3, "elapsed_seconds": 0.250216007232666, "judgement": "Way off"}
{"id": "travel_time_001048", "topic": "travel_time", "subtopic": "drive_time", "prompt": "You need to travel about 216 miles at around 35 mph. About how many hours will it take?", "exact_value": 6.180000000000001, "model": "qwen/qwen2.5-3b-instruct", "provider": "transformers", "response": "Final answer: 2.4", "numeric_answer": 2.4, "relative_error": 0.6116504854368933, "thinking_text": null, "has_tool_call": false, "tool_call": null, "usage": {"prompt_tokens": 90, "completion_tokens": 8, "total_tokens": 98, "token_count_source": "tokenizer"}, "decoding": {"temperature": 0.2, "top_p": null, "top_k": null, "max_tokens": 256, "seed": 42}, "prompt_tokens": 90, "completion_tokens": 8, "total_tokens": 98, "token_count_source": "tokenizer", "diffusion_steps": null, "flops_estimate": null, "flops_arch": null, "flops_model_params": null, "flops_active_params": null, "tokens_non_final": 3, "tokens_reasoning": 0, "tokens_response": 3, "elapsed_seconds": 0.2510974407196045, "judgement": "Way off"}
{"id": "travel_time_001068", "topic": "travel_time", "subtopic": "drive_time", "prompt": "You need to travel about 183 miles at around 25 mph. About how many hours will it take?", "exact_value": 7.308, "model": "qwen/qwen2.5-3b-instruct", "provider": "transformers", "response": "Final answer: 4.0", "numeric_answer": 4.0, "relative_error": 0.45265462506841814, "thinking_text": null, "has_tool_call": false, "tool_call": null, "usage": {"prompt_tokens": 90, "completion_tokens": 8, "total_tokens": 98, "token_count_source": "tokenizer"}, "decoding": {"temperature": 0.2, "top_p": null, "top_k": null, "max_tokens": 256, "seed": 42}, "prompt_tokens": 90, "completion_tokens": 8, "total_tokens": 98, "token_count_source": "tokenizer", "diffusion_steps": null, "flops_estimate": null, "flops_arch": null, "flops_model_params": null, "flops_active_params": null, "tokens_non_final": 3, "tokens_reasoning": 0, "tokens_response": 3, "elapsed_seconds": 0.2507290840148926, "judgement": "Mildly off"}
{"id": "physics_estimate_000112", "topic": "physics_estimate", "subtopic": "fill_rate", "prompt": "A faucet fills 40 liters at about 6 liters per minute. About how many minutes does it take?", "exact_value": 6.666666666666667, "model": "qwen/qwen2.5-3b-instruct", "provider": "transformers", "response": "Final answer: 6", "numeric_answer": 6.0, "relative_error": 0.10000000000000003, "thinking_text": null, "has_tool_call": false, "tool_call": null, "usage": {"prompt_tokens": 88, "completion_tokens": 6, "total_tokens": 94, "token_count_source": "tokenizer"}, "decoding": {"temperature": 0.2, "top_p": null, "top_k": null, "max_tokens": 256, "seed": 42}, "prompt_tokens": 88, "completion_tokens": 6, "total_tokens": 94, "token_count_source": "tokenizer", "diffusion_steps": null, "flops_estimate": null, "flops_arch": null, "flops_model_params": null, "flops_active_params": null, "tokens_non_final": 3, "tokens_reasoning": 0, "tokens_response": 3, "elapsed_seconds": 0.18904900550842285, "judgement": "Good approximation"}
{"id": "physics_estimate_000132", "topic": "physics_estimate", "subtopic": "fill_rate", "prompt": "A faucet fills 10 liters at about 6 liters per minute. About how many minutes does it take?", "exact_value": 1.6666666666666667, "model": "qwen/qwen2.5-3b-instruct", "provider": "transformers", "response": "Final answer: 6", "numeric_answer": 6.0, "relative_error": 2.5999999999999996, "thinking_text": null, "has_tool_call": false, "tool_call": null, "usage": {"prompt_tokens": 88, "completion_tokens": 6, "total_tokens": 94, "token_count_source": "tokenizer"}, "decoding": {"temperature": 0.2, "top_p": null, "top_k": null, "max_tokens": 256, "seed": 42}, "prompt_tokens": 88, "completion_tokens": 6, "total_tokens": 94, "token_count_source": "tokenizer", "diffusion_steps": null, "flops_estimate": null, "flops_arch": null, "flops_model_params": null, "flops_active_params": null, "tokens_non_final": 3, "tokens_reasoning": 0, "tokens_response": 3, "elapsed_seconds": 0.18886804580688477, "judgement": "Way off"}
{"id": "physics_estimate_000152", "topic": "physics_estimate", "subtopic": "fill_rate", "prompt": "A faucet fills 10 liters at about 7 liters per minute. About how many minutes does it take?", "exact_value": 1.4285714285714286, "model": "qwen/qwen2.5-3b-instruct", "provider": "transformers", "response": "Final answer: 7", "numeric_answer": 7.0, "relative_error": 3.9, "thinking_text": null, "has_tool_call": false, "tool_call": null, "usage": {"prompt_tokens": 88, "completion_tokens": 6, "total_tokens": 94, "token_count_source": "tokenizer"}, "decoding": {"temperature": 0.2, "top_p": null, "top_k": null, "max_tokens": 256, "seed": 42}, "prompt_tokens": 88, "completion_tokens": 6, "total_tokens": 94, "token_count_source": "tokenizer", "diffusion_steps": null, "flops_estimate": null, "flops_arch": null, "flops_model_params": null, "flops_active_params": null, "tokens_non_final": 3, "tokens_reasoning": 0, "tokens_response": 3, "elapsed_seconds": 0.18904685974121094, "judgement": "Way off"}
{"id": "physics_estimate_000172", "topic": "physics_estimate", "subtopic": "fill_rate", "prompt": "A faucet fills 15 liters at about 6 liters per minute. About how many minutes does it take?", "exact_value": 2.5, "model": "qwen/qwen2.5-3b-instruct", "provider": "transformers", "response": "Final answer: 6", "numeric_answer": 6.0, "relative_error": 1.4, "thinking_text": null, "has_tool_call": false, "tool_call": null, "usage": {"prompt_tokens": 88, "completion_tokens": 6, "total_tokens": 94, "token_count_source": "tokenizer"}, "decoding": {"temperature": 0.2, "top_p": null, "top_k": null, "max_tokens": 256, "seed": 42}, "prompt_tokens": 88, "completion_tokens": 6, "total_tokens": 94, "token_count_source": "tokenizer", "diffusion_steps": null, "flops_estimate": null, "flops_arch": null, "flops_model_params": null, "flops_active_params": null, "tokens_non_final": 3, "tokens_reasoning": 0, "tokens_response": 3, "elapsed_seconds": 0.18795275688171387, "judgement": "Way off"}
{"id": "physics_estimate_000192", "topic": "physics_estimate", "subtopic": "fill_rate", "prompt": "A faucet fills 15 liters at about 8 liters per minute. About how many minutes does it take?", "exact_value": 1.875, "model": "qwen/qwen2.5-3b-instruct", "provider": "transformers", "response": "Final answer: 8", "numeric_answer": 8.0, "relative_error": 3.2666666666666666, "thinking_text": null, "has_tool_call": false, "tool_call": null, "usage": {"prompt_tokens": 88, "completion_tokens": 6, "total_tokens": 94, "token_count_source": "tokenizer"}, "decoding": {"temperature": 0.2, "top_p": null, "top_k": null, "max_tokens": 256, "seed": 42}, "prompt_tokens": 88, "completion_tokens": 6, "total_tokens": 94, "token_count_source": "tokenizer", "diffusion_steps": null, "flops_estimate": null, "flops_arch": null, "flops_model_params": null, "flops_active_params": null, "tokens_non_final": 3, "tokens_reasoning": 0, "tokens_response": 3, "elapsed_seconds": 0.18834233283996582, "judgement": "Way off"}
{"id": "physics_estimate_000212", "topic": "physics_estimate", "subtopic": "fill_rate", "prompt": "A faucet fills 50 liters at about 6 liters per minute. About how many minutes does it take?", "exact_value": 8.333333333333334, "model": "qwen/qwen2.5-3b-instruct", "provider": "transformers", "response": "Final answer: 6", "numeric_answer": 6.0, "relative_error": 0.28, "thinking_text": null, "has_tool_call": false, "tool_call": null, "usage": {"prompt_tokens": 88, "completion_tokens": 6, "total_tokens": 94, "token_count_source": "tokenizer"}, "decoding": {"temperature": 0.2, "top_p": null, "top_k": null, "max_tokens": 256, "seed": 42}, "prompt_tokens": 88, "completion_tokens": 6, "total_tokens": 94, "token_count_source": "tokenizer", "diffusion_steps": null, "flops_estimate": null, "flops_arch": null, "flops_model_params": null, "flops_active_params": null, "tokens_non_final": 3, "tokens_reasoning": 0, "tokens_response": 3, "elapsed_seconds": 0.18860244750976562, "judgement": "Mildly off"}
{"id": "physics_estimate_000232", "topic": "physics_estimate", "subtopic": "fill_rate", "prompt": "A faucet fills 20 liters at about 4 liters per minute. About how many minutes does it take?", "exact_value": 5.0, "model": "qwen/qwen2.5-3b-instruct", "provider": "transformers", "response": "Final answer: 4.0", "numeric_answer": 4.0, "relative_error": 0.2, "thinking_text": null, "has_tool_call": false, "tool_call": null, "usage": {"prompt_tokens": 88, "completion_tokens": 8, "total_tokens": 96, "token_count_source": "tokenizer"}, "decoding": {"temperature": 0.2, "top_p": null, "top_k": null, "max_tokens": 256, "seed": 42}, "prompt_tokens": 88, "completion_tokens": 8, "total_tokens": 96, "token_count_source": "tokenizer", "diffusion_steps": null, "flops_estimate": null, "flops_arch": null, "flops_model_params": null, "flops_active_params": null, "tokens_non_final": 3, "tokens_reasoning": 0, "tokens_response": 3, "elapsed_seconds": 0.2514927387237549, "judgement": "Good approximation"}
{"id": "physics_estimate_000252", "topic": "physics_estimate", "subtopic": "fill_rate", "prompt": "A faucet fills 30 liters at about 5 liters per minute. About how many minutes does it take?", "exact_value": 6.0, "model": "qwen/qwen2.5-3b-instruct", "provider": "transformers", "response": "Final answer: 5", "numeric_answer": 5.0, "relative_error": 0.16666666666666666, "thinking_text": null, "has_tool_call": false, "tool_call": null, "usage": {"prompt_tokens": 88, "completion_tokens": 6, "total_tokens": 94, "token_count_source": "tokenizer"}, "decoding": {"temperature": 0.2, "top_p": null, "top_k": null, "max_tokens": 256, "seed": 42}, "prompt_tokens": 88, "completion_tokens": 6, "total_tokens": 94, "token_count_source": "tokenizer", "diffusion_steps": null, "flops_estimate": null, "flops_arch": null, "flops_model_params": null, "flops_active_params": null, "tokens_non_final": 3, "tokens_reasoning": 0, "tokens_response": 3, "elapsed_seconds": 0.18909764289855957, "judgement": "Good approximation"}
{"id": "physics_estimate_000272", "topic": "physics_estimate", "subtopic": "fill_rate", "prompt": "A faucet fills 50 liters at about 6 liters per minute. About how many minutes does it take?", "exact_value": 8.333333333333334, "model": "qwen/qwen2.5-3b-instruct", "provider": "transformers", "response": "Final answer: 6", "numeric_answer": 6.0, "relative_error": 0.28, "thinking_text": null, "has_tool_call": false, "tool_call": null, "usage": {"prompt_tokens": 88, "completion_tokens": 6, "total_tokens": 94, "token_count_source": "tokenizer"}, "decoding": {"temperature": 0.2, "top_p": null, "top_k": null, "max_tokens": 256, "seed": 42}, "prompt_tokens": 88, "completion_tokens": 6, "total_tokens": 94, "token_count_source": "tokenizer", "diffusion_steps": null, "flops_estimate": null, "flops_arch": null, "flops_model_params": null, "flops_active_params": null, "tokens_non_final": 3, "tokens_reasoning": 0, "tokens_response": 3, "elapsed_seconds": 0.18906426429748535, "judgement": "Mildly off"}
{"id": "physics_estimate_000292", "topic": "physics_estimate", "subtopic": "fill_rate", "prompt": "A faucet fills 20 liters at about 4 liters per minute. About how many minutes does it take?", "exact_value": 5.0, "model": "qwen/qwen2.5-3b-instruct", "provider": "transformers", "response": "Final answer: 4", "numeric_answer": 4.0, "relative_error": 0.2, "thinking_text": null, "has_tool_call": false, "tool_call": null, "usage": {"prompt_tokens": 88, "completion_tokens": 6, "total_tokens": 94, "token_count_source": "tokenizer"}, "decoding": {"temperature": 0.2, "top_p": null, "top_k": null, "max_tokens": 256, "seed": 42}, "prompt_tokens": 88, "completion_tokens": 6, "total_tokens": 94, "token_count_source": "tokenizer", "diffusion_steps": null, "flops_estimate": null, "flops_arch": null, "flops_model_params": null, "flops_active_params": null, "tokens_non_final": 3, "tokens_reasoning": 0, "tokens_response": 3, "elapsed_seconds": 0.18937063217163086, "judgement": "Good approximation"}
{"id": "physics_estimate_000312", "topic": "physics_estimate", "subtopic": "fill_rate", "prompt": "A faucet fills 15 liters at about 4 liters per minute. About how many minutes does it take?", "exact_value": 3.75, "model": "qwen/qwen2.5-3b-instruct", "provider": "transformers", "response": "Final answer: 4.0", "numeric_answer": 4.0, "relative_error": 0.06666666666666667, "thinking_text": null, "has_tool_call": false, "tool_call": null, "usage": {"prompt_tokens": 88, "completion_tokens": 8, "total_tokens": 96, "token_count_source": "tokenizer"}, "decoding": {"temperature": 0.2, "top_p": null, "top_k": null, "max_tokens": 256, "seed": 42}, "prompt_tokens": 88, "completion_tokens": 8, "total_tokens": 96, "token_count_source": "tokenizer", "diffusion_steps": null, "flops_estimate": null, "flops_arch": null, "flops_model_params": null, "flops_active_params": null, "tokens_non_final": 3, "tokens_reasoning": 0, "tokens_response": 3, "elapsed_seconds": 0.2508678436279297, "judgement": "Good approximation"}
{"id": "physics_estimate_000332", "topic": "physics_estimate", "subtopic": "fill_rate", "prompt": "A faucet fills 15 liters at about 5 liters per minute. About how many minutes does it take?", "exact_value": 3.0, "model": "qwen/qwen2.5-3b-instruct", "provider": "transformers", "response": "Final answer: 5", "numeric_answer": 5.0, "relative_error": 0.6666666666666666, "thinking_text": null, "has_tool_call": false, "tool_call": null, "usage": {"prompt_tokens": 88, "completion_tokens": 6, "total_tokens": 94, "token_count_source": "tokenizer"}, "decoding": {"temperature": 0.2, "top_p": null, "top_k": null, "max_tokens": 256, "seed": 42}, "prompt_tokens": 88, "completion_tokens": 6, "total_tokens": 94, "token_count_source": "tokenizer", "diffusion_steps": null, "flops_estimate": null, "flops_arch": null, "flops_model_params": null, "flops_active_params": null, "tokens_non_final": 3, "tokens_reasoning": 0, "tokens_response": 3, "elapsed_seconds": 0.18809938430786133, "judgement": "Way off"}
{"id": "physics_estimate_000352", "topic": "physics_estimate", "subtopic": "fill_rate", "prompt": "A faucet fills 15 liters at about 6 liters per minute. About how many minutes does it take?", "exact_value": 2.5, "model": "qwen/qwen2.5-3b-instruct", "provider": "transformers", "response": "Final answer: 6", "numeric_answer": 6.0, "relative_error": 1.4, "thinking_text": null, "has_tool_call": false, "tool_call": null, "usage": {"prompt_tokens": 88, "completion_tokens": 6, "total_tokens": 94, "token_count_source": "tokenizer"}, "decoding": {"temperature": 0.2, "top_p": null, "top_k": null, "max_tokens": 256, "seed": 42}, "prompt_tokens": 88, "completion_tokens": 6, "total_tokens": 94, "token_count_source": "tokenizer", "diffusion_steps": null, "flops_estimate": null, "flops_arch": null, "flops_model_params": null, "flops_active_params": null, "tokens_non_final": 3, "tokens_reasoning": 0, "tokens_response": 3, "elapsed_seconds": 0.18900752067565918, "judgement": "Way off"}
{"id": "physics_estimate_000372", "topic": "physics_estimate", "subtopic": "fill_rate", "prompt": "A faucet fills 50 liters at about 6 liters per minute. About how many minutes does it take?", "exact_value": 8.333333333333334, "model": "qwen/qwen2.5-3b-instruct", "provider": "transformers", "response": "Final answer: 6", "numeric_answer": 6.0, "relative_error": 0.28, "thinking_text": null, "has_tool_call": false, "tool_call": null, "usage": {"prompt_tokens": 88, "completion_tokens": 6, "total_tokens": 94, "token_count_source": "tokenizer"}, "decoding": {"temperature": 0.2, "top_p": null, "top_k": null, "max_tokens": 256, "seed": 42}, "prompt_tokens": 88, "completion_tokens": 6, "total_tokens": 94, "token_count_source": "tokenizer", "diffusion_steps": null, "flops_estimate": null, "flops_arch": null, "flops_model_params": null, "flops_active_params": null, "tokens_non_final": 3, "tokens_reasoning": 0, "tokens_response": 3, "elapsed_seconds": 0.18864154815673828, "judgement": "Mildly off"}
{"id": "physics_estimate_000392", "topic": "physics_estimate", "subtopic": "fill_rate", "prompt": "A faucet fills 40 liters at about 7 liters per minute. About how many minutes does it take?", "exact_value": 5.714285714285714, "model": "qwen/qwen2.5-3b-instruct", "provider": "transformers", "response": "Final answer: 7.0", "numeric_answer": 7.0, "relative_error": 0.22499999999999998, "thinking_text": null, "has_tool_call": false, "tool_call": null, "usage": {"prompt_tokens": 88, "completion_tokens": 8, "total_tokens": 96, "token_count_source": "tokenizer"}, "decoding": {"temperature": 0.2, "top_p": null, "top_k": null, "max_tokens": 256, "seed": 42}, "prompt_tokens": 88, "completion_tokens": 8, "total_tokens": 96, "token_count_source": "tokenizer", "diffusion_steps": null, "flops_estimate": null, "flops_arch": null, "flops_model_params": null, "flops_active_params": null, "tokens_non_final": 3, "tokens_reasoning": 0, "tokens_response": 3, "elapsed_seconds": 0.25098562240600586, "judgement": "Mildly off"}
{"id": "physics_estimate_000412", "topic": "physics_estimate", "subtopic": "fill_rate", "prompt": "A faucet fills 10 liters at about 7 liters per minute. About how many minutes does it take?", "exact_value": 1.4285714285714286, "model": "qwen/qwen2.5-3b-instruct", "provider": "transformers", "response": "Final answer: 7", "numeric_answer": 7.0, "relative_error": 3.9, "thinking_text": null, "has_tool_call": false, "tool_call": null, "usage": {"prompt_tokens": 88, "completion_tokens": 6, "total_tokens": 94, "token_count_source": "tokenizer"}, "decoding": {"temperature": 0.2, "top_p": null, "top_k": null, "max_tokens": 256, "seed": 42}, "prompt_tokens": 88, "completion_tokens": 6, "total_tokens": 94, "token_count_source": "tokenizer", "diffusion_steps": null, "flops_estimate": null, "flops_arch": null, "flops_model_params": null, "flops_active_params": null, "tokens_non_final": 3, "tokens_reasoning": 0, "tokens_response": 3, "elapsed_seconds": 0.1883411407470703, "judgement": "Way off"}
{"id": "physics_estimate_000432", "topic": "physics_estimate", "subtopic": "fill_rate", "prompt": "A faucet fills 30 liters at about 6 liters per minute. About how many minutes does it take?", "exact_value": 5.0, "model": "qwen/qwen2.5-3b-instruct", "provider": "transformers", "response": "Final answer: 6", "numeric_answer": 6.0, "relative_error": 0.2, "thinking_text": null, "has_tool_call": false, "tool_call": null, "usage": {"prompt_tokens": 88, "completion_tokens": 6, "total_tokens": 94, "token_count_source": "tokenizer"}, "decoding": {"temperature": 0.2, "top_p": null, "top_k": null, "max_tokens": 256, "seed": 42}, "prompt_tokens": 88, "completion_tokens": 6, "total_tokens": 94, "token_count_source": "tokenizer", "diffusion_steps": null, "flops_estimate": null, "flops_arch": null, "flops_model_params": null, "flops_active_params": null, "tokens_non_final": 3, "tokens_reasoning": 0, "tokens_response": 3, "elapsed_seconds": 0.18851733207702637, "judgement": "Good approximation"}
{"id": "physics_estimate_000452", "topic": "physics_estimate", "subtopic": "fill_rate", "prompt": "A faucet fills 10 liters at about 5 liters per minute. About how many minutes does it take?", "exact_value": 2.0, "model": "qwen/qwen2.5-3b-instruct", "provider": "transformers", "response": "Final answer: 5", "numeric_answer": 5.0, "relative_error": 1.5, "thinking_text": null, "has_tool_call": false, "tool_call": null, "usage": {"prompt_tokens": 88, "completion_tokens": 6, "total_tokens": 94, "token_count_source": "tokenizer"}, "decoding": {"temperature": 0.2, "top_p": null, "top_k": null, "max_tokens": 256, "seed": 42}, "prompt_tokens": 88, "completion_tokens": 6, "total_tokens": 94, "token_count_source": "tokenizer", "diffusion_steps": null, "flops_estimate": null, "flops_arch": null, "flops_model_params": null, "flops_active_params": null, "tokens_non_final": 3, "tokens_reasoning": 0, "tokens_response": 3, "elapsed_seconds": 0.18883514404296875, "judgement": "Way off"}
{"id": "physics_estimate_000472", "topic": "physics_estimate", "subtopic": "fill_rate", "prompt": "A faucet fills 30 liters at about 6 liters per minute. About how many minutes does it take?", "exact_value": 5.0, "model": "qwen/qwen2.5-3b-instruct", "provider": "transformers", "response": "Final answer: 6", "numeric_answer": 6.0, "relative_error": 0.2, "thinking_text": null, "has_tool_call": false, "tool_call": null, "usage": {"prompt_tokens": 88, "completion_tokens": 6, "total_tokens": 94, "token_count_source": "tokenizer"}, "decoding": {"temperature": 0.2, "top_p": null, "top_k": null, "max_tokens": 256, "seed": 42}, "prompt_tokens": 88, "completion_tokens": 6, "total_tokens": 94, "token_count_source": "tokenizer", "diffusion_steps": null, "flops_estimate": null, "flops_arch": null, "flops_model_params": null, "flops_active_params": null, "tokens_non_final": 3, "tokens_reasoning": 0, "tokens_response": 3, "elapsed_seconds": 0.18895244598388672, "judgement": "Good approximation"}
{"id": "physics_estimate_000492", "topic": "physics_estimate", "subtopic": "fill_rate", "prompt": "A faucet fills 30 liters at about 7 liters per minute. About how many minutes does it take?", "exact_value": 4.285714285714286, "model": "qwen/qwen2.5-3b-instruct", "provider": "transformers", "response": "Final answer: 7.0", "numeric_answer": 7.0, "relative_error": 0.6333333333333334, "thinking_text": null, "has_tool_call": false, "tool_call": null, "usage": {"prompt_tokens": 88, "completion_tokens": 8, "total_tokens": 96, "token_count_source": "tokenizer"}, "decoding": {"temperature": 0.2, "top_p": null, "top_k": null, "max_tokens": 256, "seed": 42}, "prompt_tokens": 88, "completion_tokens": 8, "total_tokens": 96, "token_count_source": "tokenizer", "diffusion_steps": null, "flops_estimate": null, "flops_arch": null, "flops_model_params": null, "flops_active_params": null, "tokens_non_final": 3, "tokens_reasoning": 0, "tokens_response": 3, "elapsed_seconds": 0.250777006149292, "judgement": "Way off"}
{"id": "physics_estimate_000512", "topic": "physics_estimate", "subtopic": "fill_rate", "prompt": "A faucet fills 20 liters at about 8 liters per minute. About how many minutes does it take?", "exact_value": 2.5, "model": "qwen/qwen2.5-3b-instruct", "provider": "transformers", "response": "Final answer: 8", "numeric_answer": 8.0, "relative_error": 2.2, "thinking_text": null, "has_tool_call": false, "tool_call": null, "usage": {"prompt_tokens": 88, "completion_tokens": 6, "total_tokens": 94, "token_count_source": "tokenizer"}, "decoding": {"temperature": 0.2, "top_p": null, "top_k": null, "max_tokens": 256, "seed": 42}, "prompt_tokens": 88, "completion_tokens": 6, "total_tokens": 94, "token_count_source": "tokenizer", "diffusion_steps": null, "flops_estimate": null, "flops_arch": null, "flops_model_params": null, "flops_active_params": null, "tokens_non_final": 3, "tokens_reasoning": 0, "tokens_response": 3, "elapsed_seconds": 0.18865466117858887, "judgement": "Way off"}
{"id": "physics_estimate_000532", "topic": "physics_estimate", "subtopic": "fill_rate", "prompt": "A faucet fills 50 liters at about 6 liters per minute. About how many minutes does it take?", "exact_value": 8.333333333333334, "model": "qwen/qwen2.5-3b-instruct", "provider": "transformers", "response": "Final answer: 6", "numeric_answer": 6.0, "relative_error": 0.28, "thinking_text": null, "has_tool_call": false, "tool_call": null, "usage": {"prompt_tokens": 88, "completion_tokens": 6, "total_tokens": 94, "token_count_source": "tokenizer"}, "decoding": {"temperature": 0.2, "top_p": null, "top_k": null, "max_tokens": 256, "seed": 42}, "prompt_tokens": 88, "completion_tokens": 6, "total_tokens": 94, "token_count_source": "tokenizer", "diffusion_steps": null, "flops_estimate": null, "flops_arch": null, "flops_model_params": null, "flops_active_params": null, "tokens_non_final": 3, "tokens_reasoning": 0, "tokens_response": 3, "elapsed_seconds": 0.1887955665588379, "judgement": "Mildly off"}
{"id": "physics_estimate_000552", "topic": "physics_estimate", "subtopic": "fill_rate", "prompt": "A faucet fills 40 liters at about 8 liters per minute. About how many minutes does it take?", "exact_value": 5.0, "model": "qwen/qwen2.5-3b-instruct", "provider": "transformers", "response": "Final answer: 8.0", "numeric_answer": 8.0, "relative_error": 0.6, "thinking_text": null, "has_tool_call": false, "tool_call": null, "usage": {"prompt_tokens": 88, "completion_tokens": 8, "total_tokens": 96, "token_count_source": "tokenizer"}, "decoding": {"temperature": 0.2, "top_p": null, "top_k": null, "max_tokens": 256, "seed": 42}, "prompt_tokens": 88, "completion_tokens": 8, "total_tokens": 96, "token_count_source": "tokenizer", "diffusion_steps": null, "flops_estimate": null, "flops_arch": null, "flops_model_params": null, "flops_active_params": null, "tokens_non_final": 3, "tokens_reasoning": 0, "tokens_response": 3, "elapsed_seconds": 0.25142717361450195, "judgement": "Mildly off"}
{"id": "physics_estimate_000572", "topic": "physics_estimate", "subtopic": "fill_rate", "prompt": "A faucet fills 30 liters at about 8 liters per minute. About how many minutes does it take?", "exact_value": 3.75, "model": "qwen/qwen2.5-3b-instruct", "provider": "transformers", "response": "Final answer: 8.0", "numeric_answer": 8.0, "relative_error": 1.1333333333333333, "thinking_text": null, "has_tool_call": false, "tool_call": null, "usage": {"prompt_tokens": 88, "completion_tokens": 8, "total_tokens": 96, "token_count_source": "tokenizer"}, "decoding": {"temperature": 0.2, "top_p": null, "top_k": null, "max_tokens": 256, "seed": 42}, "prompt_tokens": 88, "completion_tokens": 8, "total_tokens": 96, "token_count_source": "tokenizer", "diffusion_steps": null, "flops_estimate": null, "flops_arch": null, "flops_model_params": null, "flops_active_params": null, "tokens_non_final": 3, "tokens_reasoning": 0, "tokens_response": 3, "elapsed_seconds": 0.25481295585632324, "judgement": "Way off"}
{"id": "physics_estimate_000592", "topic": "physics_estimate", "subtopic": "fill_rate", "prompt": "A faucet fills 30 liters at about 6 liters per minute. About how many minutes does it take?", "exact_value": 5.0, "model": "qwen/qwen2.5-3b-instruct", "provider": "transformers", "response": "Final answer: 6", "numeric_answer": 6.0, "relative_error": 0.2, "thinking_text": null, "has_tool_call": false, "tool_call": null, "usage": {"prompt_tokens": 88, "completion_tokens": 6, "total_tokens": 94, "token_count_source": "tokenizer"}, "decoding": {"temperature": 0.2, "top_p": null, "top_k": null, "max_tokens": 256, "seed": 42}, "prompt_tokens": 88, "completion_tokens": 6, "total_tokens": 94, "token_count_source": "tokenizer", "diffusion_steps": null, "flops_estimate": null, "flops_arch": null, "flops_model_params": null, "flops_active_params": null, "tokens_non_final": 3, "tokens_reasoning": 0, "tokens_response": 3, "elapsed_seconds": 0.19066476821899414, "judgement": "Good approximation"}
{"id": "physics_estimate_000612", "topic": "physics_estimate", "subtopic": "fill_rate", "prompt": "A faucet fills 20 liters at about 6 liters per minute. About how many minutes does it take?", "exact_value": 3.3333333333333335, "model": "qwen/qwen2.5-3b-instruct", "provider": "transformers", "response": "Final answer: 6", "numeric_answer": 6.0, "relative_error": 0.7999999999999999, "thinking_text": null, "has_tool_call": false, "tool_call": null, "usage": {"prompt_tokens": 88, "completion_tokens": 6, "total_tokens": 94, "token_count_source": "tokenizer"}, "decoding": {"temperature": 0.2, "top_p": null, "top_k": null, "max_tokens": 256, "seed": 42}, "prompt_tokens": 88, "completion_tokens": 6, "total_tokens": 94, "token_count_source": "tokenizer", "diffusion_steps": null, "flops_estimate": null, "flops_arch": null, "flops_model_params": null, "flops_active_params": null, "tokens_non_final": 3, "tokens_reasoning": 0, "tokens_response": 3, "elapsed_seconds": 0.19045615196228027, "judgement": "Way off"}
{"id": "physics_estimate_000632", "topic": "physics_estimate", "subtopic": "fill_rate", "prompt": "A faucet fills 10 liters at about 7 liters per minute. About how many minutes does it take?", "exact_value": 1.4285714285714286, "model": "qwen/qwen2.5-3b-instruct", "provider": "transformers", "response": "Final answer: 7.0", "numeric_answer": 7.0, "relative_error": 3.9, "thinking_text": null, "has_tool_call": false, "tool_call": null, "usage": {"prompt_tokens": 88, "completion_tokens": 8, "total_tokens": 96, "token_count_source": "tokenizer"}, "decoding": {"temperature": 0.2, "top_p": null, "top_k": null, "max_tokens": 256, "seed": 42}, "prompt_tokens": 88, "completion_tokens": 8, "total_tokens": 96, "token_count_source": "tokenizer", "diffusion_steps": null, "flops_estimate": null, "flops_arch": null, "flops_model_params": null, "flops_active_params": null, "tokens_non_final": 3, "tokens_reasoning": 0, "tokens_response": 3, "elapsed_seconds": 0.2525179386138916, "judgement": "Way off"}
{"id": "physics_estimate_000652", "topic": "physics_estimate", "subtopic": "fill_rate", "prompt": "A faucet fills 30 liters at about 6 liters per minute. About how many minutes does it take?", "exact_value": 5.0, "model": "qwen/qwen2.5-3b-instruct", "provider": "transformers", "response": "Final answer: 6", "numeric_answer": 6.0, "relative_error": 0.2, "thinking_text": null, "has_tool_call": false, "tool_call": null, "usage": {"prompt_tokens": 88, "completion_tokens": 6, "total_tokens": 94, "token_count_source": "tokenizer"}, "decoding": {"temperature": 0.2, "top_p": null, "top_k": null, "max_tokens": 256, "seed": 42}, "prompt_tokens": 88, "completion_tokens": 6, "total_tokens": 94, "token_count_source": "tokenizer", "diffusion_steps": null, "flops_estimate": null, "flops_arch": null, "flops_model_params": null, "flops_active_params": null, "tokens_non_final": 3, "tokens_reasoning": 0, "tokens_response": 3, "elapsed_seconds": 0.18981599807739258, "judgement": "Good approximation"}
{"id": "physics_estimate_000672", "topic": "physics_estimate", "subtopic": "fill_rate", "prompt": "A faucet fills 10 liters at about 7 liters per minute. About how many minutes does it take?", "exact_value": 1.4285714285714286, "model": "qwen/qwen2.5-3b-instruct", "provider": "transformers", "response": "Final answer: 7.0", "numeric_answer": 7.0, "relative_error": 3.9, "thinking_text": null, "has_tool_call": false, "tool_call": null, "usage": {"prompt_tokens": 88, "completion_tokens": 8, "total_tokens": 96, "token_count_source": "tokenizer"}, "decoding": {"temperature": 0.2, "top_p": null, "top_k": null, "max_tokens": 256, "seed": 42}, "prompt_tokens": 88, "completion_tokens": 8, "total_tokens": 96, "token_count_source": "tokenizer", "diffusion_steps": null, "flops_estimate": null, "flops_arch": null, "flops_model_params": null, "flops_active_params": null, "tokens_non_final": 3, "tokens_reasoning": 0, "tokens_response": 3, "elapsed_seconds": 0.2509605884552002, "judgement": "Way off"}
{"id": "physics_estimate_000692", "topic": "physics_estimate", "subtopic": "fill_rate", "prompt": "A faucet fills 50 liters at about 6 liters per minute. About how many minutes does it take?", "exact_value": 8.333333333333334, "model": "qwen/qwen2.5-3b-instruct", "provider": "transformers", "response": "Final answer: 6", "numeric_answer": 6.0, "relative_error": 0.28, "thinking_text": null, "has_tool_call": false, "tool_call": null, "usage": {"prompt_tokens": 88, "completion_tokens": 6, "total_tokens": 94, "token_count_source": "tokenizer"}, "decoding": {"temperature": 0.2, "top_p": null, "top_k": null, "max_tokens": 256, "seed": 42}, "prompt_tokens": 88, "completion_tokens": 6, "total_tokens": 94, "token_count_source": "tokenizer", "diffusion_steps": null, "flops_estimate": null, "flops_arch": null, "flops_model_params": null, "flops_active_params": null, "tokens_non_final": 3, "tokens_reasoning": 0, "tokens_response": 3, "elapsed_seconds": 0.1881852149963379, "judgement": "Mildly off"}
{"id": "physics_estimate_000712", "topic": "physics_estimate", "subtopic": "fill_rate", "prompt": "A faucet fills 15 liters at about 7 liters per minute. About how many minutes does it take?", "exact_value": 2.142857142857143, "model": "qwen/qwen2.5-3b-instruct", "provider": "transformers", "response": "Final answer: 7", "numeric_answer": 7.0, "relative_error": 2.266666666666667, "thinking_text": null, "has_tool_call": false, "tool_call": null, "usage": {"prompt_tokens": 88, "completion_tokens": 6, "total_tokens": 94, "token_count_source": "tokenizer"}, "decoding": {"temperature": 0.2, "top_p": null, "top_k": null, "max_tokens": 256, "seed": 42}, "prompt_tokens": 88, "completion_tokens": 6, "total_tokens": 94, "token_count_source": "tokenizer", "diffusion_steps": null, "flops_estimate": null, "flops_arch": null, "flops_model_params": null, "flops_active_params": null, "tokens_non_final": 3, "tokens_reasoning": 0, "tokens_response": 3, "elapsed_seconds": 0.18816280364990234, "judgement": "Way off"}
{"id": "physics_estimate_000732", "topic": "physics_estimate", "subtopic": "fill_rate", "prompt": "A faucet fills 30 liters at about 7 liters per minute. About how many minutes does it take?", "exact_value": 4.285714285714286, "model": "qwen/qwen2.5-3b-instruct", "provider": "transformers", "response": "Final answer: 7", "numeric_answer": 7.0, "relative_error": 0.6333333333333334, "thinking_text": null, "has_tool_call": false, "tool_call": null, "usage": {"prompt_tokens": 88, "completion_tokens": 6, "total_tokens": 94, "token_count_source": "tokenizer"}, "decoding": {"temperature": 0.2, "top_p": null, "top_k": null, "max_tokens": 256, "seed": 42}, "prompt_tokens": 88, "completion_tokens": 6, "total_tokens": 94, "token_count_source": "tokenizer", "diffusion_steps": null, "flops_estimate": null, "flops_arch": null, "flops_model_params": null, "flops_active_params": null, "tokens_non_final": 3, "tokens_reasoning": 0, "tokens_response": 3, "elapsed_seconds": 0.18840980529785156, "judgement": "Way off"}
{"id": "physics_estimate_000752", "topic": "physics_estimate", "subtopic": "fill_rate", "prompt": "A faucet fills 15 liters at about 7 liters per minute. About how many minutes does it take?", "exact_value": 2.142857142857143, "model": "qwen/qwen2.5-3b-instruct", "provider": "transformers", "response": "Final answer: 7", "numeric_answer": 7.0, "relative_error": 2.266666666666667, "thinking_text": null, "has_tool_call": false, "tool_call": null, "usage": {"prompt_tokens": 88, "completion_tokens": 6, "total_tokens": 94, "token_count_source": "tokenizer"}, "decoding": {"temperature": 0.2, "top_p": null, "top_k": null, "max_tokens": 256, "seed": 42}, "prompt_tokens": 88, "completion_tokens": 6, "total_tokens": 94, "token_count_source": "tokenizer", "diffusion_steps": null, "flops_estimate": null, "flops_arch": null, "flops_model_params": null, "flops_active_params": null, "tokens_non_final": 3, "tokens_reasoning": 0, "tokens_response": 3, "elapsed_seconds": 0.18877148628234863, "judgement": "Way off"}
{"id": "physics_estimate_000772", "topic": "physics_estimate", "subtopic": "fill_rate", "prompt": "A faucet fills 20 liters at about 6 liters per minute. About how many minutes does it take?", "exact_value": 3.3333333333333335, "model": "qwen/qwen2.5-3b-instruct", "provider": "transformers", "response": "Final answer: 6", "numeric_answer": 6.0, "relative_error": 0.7999999999999999, "thinking_text": null, "has_tool_call": false, "tool_call": null, "usage": {"prompt_tokens": 88, "completion_tokens": 6, "total_tokens": 94, "token_count_source": "tokenizer"}, "decoding": {"temperature": 0.2, "top_p": null, "top_k": null, "max_tokens": 256, "seed": 42}, "prompt_tokens": 88, "completion_tokens": 6, "total_tokens": 94, "token_count_source": "tokenizer", "diffusion_steps": null, "flops_estimate": null, "flops_arch": null, "flops_model_params": null, "flops_active_params": null, "tokens_non_final": 3, "tokens_reasoning": 0, "tokens_response": 3, "elapsed_seconds": 0.1893138885498047, "judgement": "Way off"}
{"id": "physics_estimate_000792", "topic": "physics_estimate", "subtopic": "fill_rate", "prompt": "A faucet fills 15 liters at about 5 liters per minute. About how many minutes does it take?", "exact_value": 3.0, "model": "qwen/qwen2.5-3b-instruct", "provider": "transformers", "response": "Final answer: 5", "numeric_answer": 5.0, "relative_error": 0.6666666666666666, "thinking_text": null, "has_tool_call": false, "tool_call": null, "usage": {"prompt_tokens": 88, "completion_tokens": 6, "total_tokens": 94, "token_count_source": "tokenizer"}, "decoding": {"temperature": 0.2, "top_p": null, "top_k": null, "max_tokens": 256, "seed": 42}, "prompt_tokens": 88, "completion_tokens": 6, "total_tokens": 94, "token_count_source": "tokenizer", "diffusion_steps": null, "flops_estimate": null, "flops_arch": null, "flops_model_params": null, "flops_active_params": null, "tokens_non_final": 3, "tokens_reasoning": 0, "tokens_response": 3, "elapsed_seconds": 0.18803000450134277, "judgement": "Way off"}
{"id": "physics_estimate_000812", "topic": "physics_estimate", "subtopic": "fill_rate", "prompt": "A faucet fills 40 liters at about 7 liters per minute. About how many minutes does it take?", "exact_value": 5.714285714285714, "model": "qwen/qwen2.5-3b-instruct", "provider": "transformers", "response": "Final answer: 7", "numeric_answer": 7.0, "relative_error": 0.22499999999999998, "thinking_text": null, "has_tool_call": false, "tool_call": null, "usage": {"prompt_tokens": 88, "completion_tokens": 6, "total_tokens": 94, "token_count_source": "tokenizer"}, "decoding": {"temperature": 0.2, "top_p": null, "top_k": null, "max_tokens": 256, "seed": 42}, "prompt_tokens": 88, "completion_tokens": 6, "total_tokens": 94, "token_count_source": "tokenizer", "diffusion_steps": null, "flops_estimate": null, "flops_arch": null, "flops_model_params": null, "flops_active_params": null, "tokens_non_final": 3, "tokens_reasoning": 0, "tokens_response": 3, "elapsed_seconds": 0.18873810768127441, "judgement": "Mildly off"}
{"id": "physics_estimate_000832", "topic": "physics_estimate", "subtopic": "fill_rate", "prompt": "A faucet fills 15 liters at about 4 liters per minute. About how many minutes does it take?", "exact_value": 3.75, "model": "qwen/qwen2.5-3b-instruct", "provider": "transformers", "response": "Final answer: 4.0", "numeric_answer": 4.0, "relative_error": 0.06666666666666667, "thinking_text": null, "has_tool_call": false, "tool_call": null, "usage": {"prompt_tokens": 88, "completion_tokens": 8, "total_tokens": 96, "token_count_source": "tokenizer"}, "decoding": {"temperature": 0.2, "top_p": null, "top_k": null, "max_tokens": 256, "seed": 42}, "prompt_tokens": 88, "completion_tokens": 8, "total_tokens": 96, "token_count_source": "tokenizer", "diffusion_steps": null, "flops_estimate": null, "flops_arch": null, "flops_model_params": null, "flops_active_params": null, "tokens_non_final": 3, "tokens_reasoning": 0, "tokens_response": 3, "elapsed_seconds": 0.2509114742279053, "judgement": "Good approximation"}
{"id": "physics_estimate_000852", "topic": "physics_estimate", "subtopic": "fill_rate", "prompt": "A faucet fills 10 liters at about 6 liters per minute. About how many minutes does it take?", "exact_value": 1.6666666666666667, "model": "qwen/qwen2.5-3b-instruct", "provider": "transformers", "response": "Final answer: 6", "numeric_answer": 6.0, "relative_error": 2.5999999999999996, "thinking_text": null, "has_tool_call": false, "tool_call": null, "usage": {"prompt_tokens": 88, "completion_tokens": 6, "total_tokens": 94, "token_count_source": "tokenizer"}, "decoding": {"temperature": 0.2, "top_p": null, "top_k": null, "max_tokens": 256, "seed": 42}, "prompt_tokens": 88, "completion_tokens": 6, "total_tokens": 94, "token_count_source": "tokenizer", "diffusion_steps": null, "flops_estimate": null, "flops_arch": null, "flops_model_params": null, "flops_active_params": null, "tokens_non_final": 3, "tokens_reasoning": 0, "tokens_response": 3, "elapsed_seconds": 0.1887197494506836, "judgement": "Way off"}
{"id": "physics_estimate_000872", "topic": "physics_estimate", "subtopic": "fill_rate", "prompt": "A faucet fills 30 liters at about 7 liters per minute. About how many minutes does it take?", "exact_value": 4.285714285714286, "model": "qwen/qwen2.5-3b-instruct", "provider": "transformers", "response": "Final answer: 7", "numeric_answer": 7.0, "relative_error": 0.6333333333333334, "thinking_text": null, "has_tool_call": false, "tool_call": null, "usage": {"prompt_tokens": 88, "completion_tokens": 6, "total_tokens": 94, "token_count_source": "tokenizer"}, "decoding": {"temperature": 0.2, "top_p": null, "top_k": null, "max_tokens": 256, "seed": 42}, "prompt_tokens": 88, "completion_tokens": 6, "total_tokens": 94, "token_count_source": "tokenizer", "diffusion_steps": null, "flops_estimate": null, "flops_arch": null, "flops_model_params": null, "flops_active_params": null, "tokens_non_final": 3, "tokens_reasoning": 0, "tokens_response": 3, "elapsed_seconds": 0.18927693367004395, "judgement": "Way off"}
{"id": "physics_estimate_000892", "topic": "physics_estimate", "subtopic": "fill_rate", "prompt": "A faucet fills 15 liters at about 4 liters per minute. About how many minutes does it take?", "exact_value": 3.75, "model": "qwen/qwen2.5-3b-instruct", "provider": "transformers", "response": "Final answer: 4.0", "numeric_answer": 4.0, "relative_error": 0.06666666666666667, "thinking_text": null, "has_tool_call": false, "tool_call": null, "usage": {"prompt_tokens": 88, "completion_tokens": 8, "total_tokens": 96, "token_count_source": "tokenizer"}, "decoding": {"temperature": 0.2, "top_p": null, "top_k": null, "max_tokens": 256, "seed": 42}, "prompt_tokens": 88, "completion_tokens": 8, "total_tokens": 96, "token_count_source": "tokenizer", "diffusion_steps": null, "flops_estimate": null, "flops_arch": null, "flops_model_params": null, "flops_active_params": null, "tokens_non_final": 3, "tokens_reasoning": 0, "tokens_response": 3, "elapsed_seconds": 0.25037717819213867, "judgement": "Good approximation"}
{"id": "physics_estimate_000912", "topic": "physics_estimate", "subtopic": "fill_rate", "prompt": "A faucet fills 30 liters at about 8 liters per minute. About how many minutes does it take?", "exact_value": 3.75, "model": "qwen/qwen2.5-3b-instruct", "provider": "transformers", "response": "Final answer: 6", "numeric_answer": 6.0, "relative_error": 0.6, "thinking_text": null, "has_tool_call": false, "tool_call": null, "usage": {"prompt_tokens": 88, "completion_tokens": 6, "total_tokens": 94, "token_count_source": "tokenizer"}, "decoding": {"temperature": 0.2, "top_p": null, "top_k": null, "max_tokens": 256, "seed": 42}, "prompt_tokens": 88, "completion_tokens": 6, "total_tokens": 94, "token_count_source": "tokenizer", "diffusion_steps": null, "flops_estimate": null, "flops_arch": null, "flops_model_params": null, "flops_active_params": null, "tokens_non_final": 3, "tokens_reasoning": 0, "tokens_response": 3, "elapsed_seconds": 0.18842267990112305, "judgement": "Mildly off"}
{"id": "physics_estimate_000932", "topic": "physics_estimate", "subtopic": "fill_rate", "prompt": "A faucet fills 30 liters at about 6 liters per minute. About how many minutes does it take?", "exact_value": 5.0, "model": "qwen/qwen2.5-3b-instruct", "provider": "transformers", "response": "Final answer: 6", "numeric_answer": 6.0, "relative_error": 0.2, "thinking_text": null, "has_tool_call": false, "tool_call": null, "usage": {"prompt_tokens": 88, "completion_tokens": 6, "total_tokens": 94, "token_count_source": "tokenizer"}, "decoding": {"temperature": 0.2, "top_p": null, "top_k": null, "max_tokens": 256, "seed": 42}, "prompt_tokens": 88, "completion_tokens": 6, "total_tokens": 94, "token_count_source": "tokenizer", "diffusion_steps": null, "flops_estimate": null, "flops_arch": null, "flops_model_params": null, "flops_active_params": null, "tokens_non_final": 3, "tokens_reasoning": 0, "tokens_response": 3, "elapsed_seconds": 0.18912267684936523, "judgement": "Good approximation"}
{"id": "physics_estimate_000952", "topic": "physics_estimate", "subtopic": "fill_rate", "prompt": "A faucet fills 40 liters at about 6 liters per minute. About how many minutes does it take?", "exact_value": 6.666666666666667, "model": "qwen/qwen2.5-3b-instruct", "provider": "transformers", "response": "Final answer: 6", "numeric_answer": 6.0, "relative_error": 0.10000000000000003, "thinking_text": null, "has_tool_call": false, "tool_call": null, "usage": {"prompt_tokens": 88, "completion_tokens": 6, "total_tokens": 94, "token_count_source": "tokenizer"}, "decoding": {"temperature": 0.2, "top_p": null, "top_k": null, "max_tokens": 256, "seed": 42}, "prompt_tokens": 88, "completion_tokens": 6, "total_tokens": 94, "token_count_source": "tokenizer", "diffusion_steps": null, "flops_estimate": null, "flops_arch": null, "flops_model_params": null, "flops_active_params": null, "tokens_non_final": 3, "tokens_reasoning": 0, "tokens_response": 3, "elapsed_seconds": 0.18835091590881348, "judgement": "Good approximation"}
{"id": "physics_estimate_000972", "topic": "physics_estimate", "subtopic": "fill_rate", "prompt": "A faucet fills 10 liters at about 8 liters per minute. About how many minutes does it take?", "exact_value": 1.25, "model": "qwen/qwen2.5-3b-instruct", "provider": "transformers", "response": "Final answer: 8.0", "numeric_answer": 8.0, "relative_error": 5.4, "thinking_text": null, "has_tool_call": false, "tool_call": null, "usage": {"prompt_tokens": 88, "completion_tokens": 8, "total_tokens": 96, "token_count_source": "tokenizer"}, "decoding": {"temperature": 0.2, "top_p": null, "top_k": null, "max_tokens": 256, "seed": 42}, "prompt_tokens": 88, "completion_tokens": 8, "total_tokens": 96, "token_count_source": "tokenizer", "diffusion_steps": null, "flops_estimate": null, "flops_arch": null, "flops_model_params": null, "flops_active_params": null, "tokens_non_final": 3, "tokens_reasoning": 0, "tokens_response": 3, "elapsed_seconds": 0.2532362937927246, "judgement": "Way off"}
{"id": "physics_estimate_000992", "topic": "physics_estimate", "subtopic": "fill_rate", "prompt": "A faucet fills 20 liters at about 4 liters per minute. About how many minutes does it take?", "exact_value": 5.0, "model": "qwen/qwen2.5-3b-instruct", "provider": "transformers", "response": "Final answer: 4.0", "numeric_answer": 4.0, "relative_error": 0.2, "thinking_text": null, "has_tool_call": false, "tool_call": null, "usage": {"prompt_tokens": 88, "completion_tokens": 8, "total_tokens": 96, "token_count_source": "tokenizer"}, "decoding": {"temperature": 0.2, "top_p": null, "top_k": null, "max_tokens": 256, "seed": 42}, "prompt_tokens": 88, "completion_tokens": 8, "total_tokens": 96, "token_count_source": "tokenizer", "diffusion_steps": null, "flops_estimate": null, "flops_arch": null, "flops_model_params": null, "flops_active_params": null, "tokens_non_final": 3, "tokens_reasoning": 0, "tokens_response": 3, "elapsed_seconds": 0.25184035301208496, "judgement": "Good approximation"}
{"id": "physics_estimate_001012", "topic": "physics_estimate", "subtopic": "fill_rate", "prompt": "A faucet fills 10 liters at about 6 liters per minute. About how many minutes does it take?", "exact_value": 1.6666666666666667, "model": "qwen/qwen2.5-3b-instruct", "provider": "transformers", "response": "Final answer: 6", "numeric_answer": 6.0, "relative_error": 2.5999999999999996, "thinking_text": null, "has_tool_call": false, "tool_call": null, "usage": {"prompt_tokens": 88, "completion_tokens": 6, "total_tokens": 94, "token_count_source": "tokenizer"}, "decoding": {"temperature": 0.2, "top_p": null, "top_k": null, "max_tokens": 256, "seed": 42}, "prompt_tokens": 88, "completion_tokens": 6, "total_tokens": 94, "token_count_source": "tokenizer", "diffusion_steps": null, "flops_estimate": null, "flops_arch": null, "flops_model_params": null, "flops_active_params": null, "tokens_non_final": 3, "tokens_reasoning": 0, "tokens_response": 3, "elapsed_seconds": 0.18797564506530762, "judgement": "Way off"}
{"id": "physics_estimate_001032", "topic": "physics_estimate", "subtopic": "fill_rate", "prompt": "A faucet fills 30 liters at about 6 liters per minute. About how many minutes does it take?", "exact_value": 5.0, "model": "qwen/qwen2.5-3b-instruct", "provider": "transformers", "response": "Final answer: 6", "numeric_answer": 6.0, "relative_error": 0.2, "thinking_text": null, "has_tool_call": false, "tool_call": null, "usage": {"prompt_tokens": 88, "completion_tokens": 6, "total_tokens": 94, "token_count_source": "tokenizer"}, "decoding": {"temperature": 0.2, "top_p": null, "top_k": null, "max_tokens": 256, "seed": 42}, "prompt_tokens": 88, "completion_tokens": 6, "total_tokens": 94, "token_count_source": "tokenizer", "diffusion_steps": null, "flops_estimate": null, "flops_arch": null, "flops_model_params": null, "flops_active_params": null, "tokens_non_final": 3, "tokens_reasoning": 0, "tokens_response": 3, "elapsed_seconds": 0.1881425380706787, "judgement": "Good approximation"}
{"id": "physics_estimate_001052", "topic": "physics_estimate", "subtopic": "fill_rate", "prompt": "A faucet fills 10 liters at about 5 liters per minute. About how many minutes does it take?", "exact_value": 2.0, "model": "qwen/qwen2.5-3b-instruct", "provider": "transformers", "response": "Final answer: 5", "numeric_answer": 5.0, "relative_error": 1.5, "thinking_text": null, "has_tool_call": false, "tool_call": null, "usage": {"prompt_tokens": 88, "completion_tokens": 6, "total_tokens": 94, "token_count_source": "tokenizer"}, "decoding": {"temperature": 0.2, "top_p": null, "top_k": null, "max_tokens": 256, "seed": 42}, "prompt_tokens": 88, "completion_tokens": 6, "total_tokens": 94, "token_count_source": "tokenizer", "diffusion_steps": null, "flops_estimate": null, "flops_arch": null, "flops_model_params": null, "flops_active_params": null, "tokens_non_final": 3, "tokens_reasoning": 0, "tokens_response": 3, "elapsed_seconds": 0.18836140632629395, "judgement": "Way off"}
{"summary": {"samples": 500, "judgement_counts": {"Way off": 306, "Mildly off": 107, "Good approximation": 87}, "count_good_approximation": 87, "count_exact_math": 0, "count_mildly_off": 107, "count_way_off": 306, "good_approximation_rate": 0.174, "exact_math_rate": 0.0, "good_approximation_rate_ci_95": [0.14328895399220098, 0.209682297289948], "exact_math_rate_ci_95": [0.0, 0.007624618530903363], "counts_by_topic": {"basket_sum": {"n": 86, "count_good_approximation": 0, "count_exact_math": 0, "count_mildly_off": 17, "count_way_off": 69}, "discounts": {"n": 85, "count_good_approximation": 2, "count_exact_math": 0, "count_mildly_off": 23, "count_way_off": 60}, "taxes": {"n": 61, "count_good_approximation": 1, "count_exact_math": 0, "count_mildly_off": 13, "count_way_off": 47}, "units": {"n": 61, "count_good_approximation": 8, "count_exact_math": 0, "count_mildly_off": 15, "count_way_off": 38}, "tips": {"n": 61, "count_good_approximation": 53, "count_exact_math": 0, "count_mildly_off": 8, "count_way_off": 0}, "fermi": {"n": 49, "count_good_approximation": 1, "count_exact_math": 0, "count_mildly_off": 7, "count_way_off": 41}, "travel_time": {"n": 49, "count_good_approximation": 7, "count_exact_math": 0, "count_mildly_off": 15, "count_way_off": 27}, "physics_estimate": {"n": 48, "count_good_approximation": 15, "count_exact_math": 0, "count_mildly_off": 9, "count_way_off": 24}}, "counts_by_subtopic": {"decimal_prices": {"n": 86, "count_good_approximation": 0, "count_exact_math": 0, "count_mildly_off": 17, "count_way_off": 69}, "buy_n_get_m": {"n": 14, "count_good_approximation": 0, "count_exact_math": 0, "count_mildly_off": 0, "count_way_off": 14}, "threshold": {"n": 22, "count_good_approximation": 0, "count_exact_math": 0, "count_mildly_off": 7, "count_way_off": 15}, "percent": {"n": 16, "count_good_approximation": 1, "count_exact_math": 0, "count_mildly_off": 5, "count_way_off": 10}, "stacked": {"n": 18, "count_good_approximation": 0, "count_exact_math": 0, "count_mildly_off": 4, "count_way_off": 14}, "bogo": {"n": 15, "count_good_approximation": 1, "count_exact_math": 0, "count_mildly_off": 7, "count_way_off": 7}, "pre_discount_tax": {"n": 25, "count_good_approximation": 0, "count_exact_math": 0, "count_mildly_off": 6, "count_way_off": 19}, "post_discount_tax": {"n": 36, "count_good_approximation": 1, "count_exact_math": 0, "count_mildly_off": 7, "count_way_off": 28}, "kg_g": {"n": 31, "count_good_approximation": 4, "count_exact_math": 0, "count_mildly_off": 6, "count_way_off": 21}, "lb_oz": {"n": 30, "count_good_approximation": 4, "count_exact_math": 0, "count_mildly_off": 9, "count_way_off": 17}, "tips_service": {"n": 61, "count_good_approximation": 53, "count_exact_math": 0, "count_mildly_off": 8, "count_way_off": 0}, "crowd_density": {"n": 49, "count_good_approximation": 1, "count_exact_math": 0, "count_mildly_off": 7, "count_way_off": 41}, "drive_time": {"n": 49, "count_good_approximation": 7, "count_exact_math": 0, "count_mildly_off": 15, "count_way_off": 27}, "fill_rate": {"n": 48, "count_good_approximation": 15, "count_exact_math": 0, "count_mildly_off": 9, "count_way_off": 24}}, "tool_call_count": 0, "avg_elapsed_seconds": 1.434183231830597, "avg_tokens_non_final": 20.09, "avg_tokens_reasoning": 0.0, "avg_tokens": 20.09, "avg_completion_tokens": 45.114, "avg_prompt_tokens": 102.05, "avg_total_tokens": 147.164, "avg_flops_estimate": null, "token_counts_include_prompt": true, "token_count_sources": {"tokenizer": 500}, "avg_relative_error": 1.641904761904762e+246, "median_relative_error": 0.702999347967833}}
