{"id": "basket_sum_000171", "topic": "basket_sum", "subtopic": "decimal_prices", "prompt": "You’re buying 3 items: $7.04, $12.56, $5.78. About how much will you pay (before tax)?", "exact_value": 25.38, "model": "qwen/qwen2.5-3b-instruct", "provider": "transformers", "response": "1.78", "numeric_answer": 1.78, "relative_error": 0.9298660362490149, "thinking_text": null, "has_tool_call": false, "tool_call": null, "usage": {"prompt_tokens": 101, "completion_tokens": 5, "total_tokens": 106, "token_count_source": "tokenizer"}, "decoding": {"temperature": 0.2, "top_p": null, "top_k": null, "max_tokens": 256, "seed": 42}, "prompt_tokens": 101, "completion_tokens": 5, "total_tokens": 106, "token_count_source": "tokenizer", "diffusion_steps": null, "flops_estimate": null, "flops_arch": null, "flops_model_params": null, "flops_active_params": null, "tokens_non_final": 1, "tokens_reasoning": 0, "tokens_response": 1, "elapsed_seconds": 0.20126581192016602, "judgement": "Way off"}
{"id": "basket_sum_000191", "topic": "basket_sum", "subtopic": "decimal_prices", "prompt": "You’re buying 5 items: $17.31, $7.03, $9.93, $19.51, $11.17. About how much will you pay (before tax)?", "exact_value": 64.95, "model": "qwen/qwen2.5-3b-instruct", "provider": "transformers", "response": "2.84", "numeric_answer": 2.84, "relative_error": 0.9562740569668976, "thinking_text": null, "has_tool_call": false, "tool_call": null, "usage": {"prompt_tokens": 115, "completion_tokens": 5, "total_tokens": 120, "token_count_source": "tokenizer"}, "decoding": {"temperature": 0.2, "top_p": null, "top_k": null, "max_tokens": 256, "seed": 42}, "prompt_tokens": 115, "completion_tokens": 5, "total_tokens": 120, "token_count_source": "tokenizer", "diffusion_steps": null, "flops_estimate": null, "flops_arch": null, "flops_model_params": null, "flops_active_params": null, "tokens_non_final": 1, "tokens_reasoning": 0, "tokens_response": 1, "elapsed_seconds": 0.17800498008728027, "judgement": "Way off"}
{"id": "basket_sum_000211", "topic": "basket_sum", "subtopic": "decimal_prices", "prompt": "You’re buying 6 items: $13.05, $4.61, $17.83, $17.37, $4.97, $2.96. About how much will you pay (before tax)?", "exact_value": 60.79, "model": "qwen/qwen2.5-3b-instruct", "provider": "transformers", "response": "6.69", "numeric_answer": 6.69, "relative_error": 0.8899490047705215, "thinking_text": null, "has_tool_call": false, "tool_call": null, "usage": {"prompt_tokens": 121, "completion_tokens": 5, "total_tokens": 126, "token_count_source": "tokenizer"}, "decoding": {"temperature": 0.2, "top_p": null, "top_k": null, "max_tokens": 256, "seed": 42}, "prompt_tokens": 121, "completion_tokens": 5, "total_tokens": 126, "token_count_source": "tokenizer", "diffusion_steps": null, "flops_estimate": null, "flops_arch": null, "flops_model_params": null, "flops_active_params": null, "tokens_non_final": 1, "tokens_reasoning": 0, "tokens_response": 1, "elapsed_seconds": 0.18445992469787598, "judgement": "Way off"}
{"id": "basket_sum_000231", "topic": "basket_sum", "subtopic": "decimal_prices", "prompt": "You’re buying 6 items: $4.43, $10.89, $5.57, $12.80, $4.22, $15.17. About how much will you pay (before tax)?", "exact_value": 53.08, "model": "qwen/qwen2.5-3b-instruct", "provider": "transformers", "response": "6.66", "numeric_answer": 6.66, "relative_error": 0.8745290128108516, "thinking_text": null, "has_tool_call": false, "tool_call": null, "usage": {"prompt_tokens": 121, "completion_tokens": 5, "total_tokens": 126, "token_count_source": "tokenizer"}, "decoding": {"temperature": 0.2, "top_p": null, "top_k": null, "max_tokens": 256, "seed": 42}, "prompt_tokens": 121, "completion_tokens": 5, "total_tokens": 126, "token_count_source": "tokenizer", "diffusion_steps": null, "flops_estimate": null, "flops_arch": null, "flops_model_params": null, "flops_active_params": null, "tokens_non_final": 1, "tokens_reasoning": 0, "tokens_response": 1, "elapsed_seconds": 0.1998884677886963, "judgement": "Way off"}
{"id": "basket_sum_000251", "topic": "basket_sum", "subtopic": "decimal_prices", "prompt": "You’re buying 4 items: $7.24, $9.93, $15.10, $11.31. About how much will you pay (before tax)?", "exact_value": 43.58, "model": "qwen/qwen2.5-3b-instruct", "provider": "transformers", "response": "6.66", "numeric_answer": 6.66, "relative_error": 0.8471776044056908, "thinking_text": null, "has_tool_call": false, "tool_call": null, "usage": {"prompt_tokens": 108, "completion_tokens": 5, "total_tokens": 113, "token_count_source": "tokenizer"}, "decoding": {"temperature": 0.2, "top_p": null, "top_k": null, "max_tokens": 256, "seed": 42}, "prompt_tokens": 108, "completion_tokens": 5, "total_tokens": 113, "token_count_source": "tokenizer", "diffusion_steps": null, "flops_estimate": null, "flops_arch": null, "flops_model_params": null, "flops_active_params": null, "tokens_non_final": 1, "tokens_reasoning": 0, "tokens_response": 1, "elapsed_seconds": 0.19522356986999512, "judgement": "Way off"}
{"id": "basket_sum_000271", "topic": "basket_sum", "subtopic": "decimal_prices", "prompt": "You’re buying 4 items: $19.91, $19.58, $6.09, $1.98. About how much will you pay (before tax)?", "exact_value": 47.56, "model": "qwen/qwen2.5-3b-instruct", "provider": "transformers", "response": "19.98", "numeric_answer": 19.98, "relative_error": 0.5798990748528176, "thinking_text": null, "has_tool_call": false, "tool_call": null, "usage": {"prompt_tokens": 108, "completion_tokens": 6, "total_tokens": 114, "token_count_source": "tokenizer"}, "decoding": {"temperature": 0.2, "top_p": null, "top_k": null, "max_tokens": 256, "seed": 42}, "prompt_tokens": 108, "completion_tokens": 6, "total_tokens": 114, "token_count_source": "tokenizer", "diffusion_steps": null, "flops_estimate": null, "flops_arch": null, "flops_model_params": null, "flops_active_params": null, "tokens_non_final": 1, "tokens_reasoning": 0, "tokens_response": 1, "elapsed_seconds": 0.2133793830871582, "judgement": "Mildly off"}
{"id": "basket_sum_000291", "topic": "basket_sum", "subtopic": "decimal_prices", "prompt": "You’re buying 4 items: $10.75, $8.39, $14.91, $11.50. About how much will you pay (before tax)?", "exact_value": 45.55, "model": "qwen/qwen2.5-3b-instruct", "provider": "transformers", "response": "4.65", "numeric_answer": 4.65, "relative_error": 0.897914379802415, "thinking_text": null, "has_tool_call": false, "tool_call": null, "usage": {"prompt_tokens": 109, "completion_tokens": 5, "total_tokens": 114, "token_count_source": "tokenizer"}, "decoding": {"temperature": 0.2, "top_p": null, "top_k": null, "max_tokens": 256, "seed": 42}, "prompt_tokens": 109, "completion_tokens": 5, "total_tokens": 114, "token_count_source": "tokenizer", "diffusion_steps": null, "flops_estimate": null, "flops_arch": null, "flops_model_params": null, "flops_active_params": null, "tokens_non_final": 1, "tokens_reasoning": 0, "tokens_response": 1, "elapsed_seconds": 0.18241119384765625, "judgement": "Way off"}
{"id": "basket_sum_000311", "topic": "basket_sum", "subtopic": "decimal_prices", "prompt": "You’re buying 3 items: $15.35, $16.98, $2.04. About how much will you pay (before tax)?", "exact_value": 34.37, "model": "qwen/qwen2.5-3b-instruct", "provider": "transformers", "response": "15.35", "numeric_answer": 15.35, "relative_error": 0.553389583939482, "thinking_text": null, "has_tool_call": false, "tool_call": null, "usage": {"prompt_tokens": 102, "completion_tokens": 6, "total_tokens": 108, "token_count_source": "tokenizer"}, "decoding": {"temperature": 0.2, "top_p": null, "top_k": null, "max_tokens": 256, "seed": 42}, "prompt_tokens": 102, "completion_tokens": 6, "total_tokens": 108, "token_count_source": "tokenizer", "diffusion_steps": null, "flops_estimate": null, "flops_arch": null, "flops_model_params": null, "flops_active_params": null, "tokens_non_final": 1, "tokens_reasoning": 0, "tokens_response": 1, "elapsed_seconds": 0.19654488563537598, "judgement": "Mildly off"}
{"id": "basket_sum_000331", "topic": "basket_sum", "subtopic": "decimal_prices", "prompt": "You’re buying 6 items: $10.51, $16.13, $18.17, $3.75, $7.32, $10.07. About how much will you pay (before tax)?", "exact_value": 65.95, "model": "qwen/qwen2.5-3b-instruct", "provider": "transformers", "response": "6.15", "numeric_answer": 6.15, "relative_error": 0.9067475360121304, "thinking_text": null, "has_tool_call": false, "tool_call": null, "usage": {"prompt_tokens": 122, "completion_tokens": 5, "total_tokens": 127, "token_count_source": "tokenizer"}, "decoding": {"temperature": 0.2, "top_p": null, "top_k": null, "max_tokens": 256, "seed": 42}, "prompt_tokens": 122, "completion_tokens": 5, "total_tokens": 127, "token_count_source": "tokenizer", "diffusion_steps": null, "flops_estimate": null, "flops_arch": null, "flops_model_params": null, "flops_active_params": null, "tokens_non_final": 1, "tokens_reasoning": 0, "tokens_response": 1, "elapsed_seconds": 0.16213417053222656, "judgement": "Way off"}
{"id": "basket_sum_000351", "topic": "basket_sum", "subtopic": "decimal_prices", "prompt": "You’re buying 5 items: $4.79, $14.12, $9.07, $19.61, $11.68. About how much will you pay (before tax)?", "exact_value": 59.27, "model": "qwen/qwen2.5-3b-instruct", "provider": "transformers", "response": "19.61", "numeric_answer": 19.61, "relative_error": 0.6691412181542096, "thinking_text": null, "has_tool_call": false, "tool_call": null, "usage": {"prompt_tokens": 115, "completion_tokens": 6, "total_tokens": 121, "token_count_source": "tokenizer"}, "decoding": {"temperature": 0.2, "top_p": null, "top_k": null, "max_tokens": 256, "seed": 42}, "prompt_tokens": 115, "completion_tokens": 6, "total_tokens": 121, "token_count_source": "tokenizer", "diffusion_steps": null, "flops_estimate": null, "flops_arch": null, "flops_model_params": null, "flops_active_params": null, "tokens_non_final": 1, "tokens_reasoning": 0, "tokens_response": 1, "elapsed_seconds": 0.21588134765625, "judgement": "Way off"}
{"id": "basket_sum_000371", "topic": "basket_sum", "subtopic": "decimal_prices", "prompt": "You’re buying 5 items: $9.72, $2.29, $17.88, $2.49, $9.86. About how much will you pay (before tax)?", "exact_value": 42.24, "model": "qwen/qwen2.5-3b-instruct", "provider": "transformers", "response": "3.4", "numeric_answer": 3.4, "relative_error": 0.9195075757575758, "thinking_text": null, "has_tool_call": false, "tool_call": null, "usage": {"prompt_tokens": 113, "completion_tokens": 4, "total_tokens": 117, "token_count_source": "tokenizer"}, "decoding": {"temperature": 0.2, "top_p": null, "top_k": null, "max_tokens": 256, "seed": 42}, "prompt_tokens": 113, "completion_tokens": 4, "total_tokens": 117, "token_count_source": "tokenizer", "diffusion_steps": null, "flops_estimate": null, "flops_arch": null, "flops_model_params": null, "flops_active_params": null, "tokens_non_final": 1, "tokens_reasoning": 0, "tokens_response": 1, "elapsed_seconds": 0.15364933013916016, "judgement": "Way off"}
{"id": "basket_sum_000391", "topic": "basket_sum", "subtopic": "decimal_prices", "prompt": "You’re buying 6 items: $2.67, $2.79, $9.35, $5.00, $6.23, $4.50. About how much will you pay (before tax)?", "exact_value": 30.54, "model": "qwen/qwen2.5-3b-instruct", "provider": "transformers", "response": "6.23", "numeric_answer": 6.23, "relative_error": 0.7960052390307792, "thinking_text": null, "has_tool_call": false, "tool_call": null, "usage": {"prompt_tokens": 118, "completion_tokens": 5, "total_tokens": 123, "token_count_source": "tokenizer"}, "decoding": {"temperature": 0.2, "top_p": null, "top_k": null, "max_tokens": 256, "seed": 42}, "prompt_tokens": 118, "completion_tokens": 5, "total_tokens": 123, "token_count_source": "tokenizer", "diffusion_steps": null, "flops_estimate": null, "flops_arch": null, "flops_model_params": null, "flops_active_params": null, "tokens_non_final": 1, "tokens_reasoning": 0, "tokens_response": 1, "elapsed_seconds": 0.18449139595031738, "judgement": "Way off"}
{"id": "basket_sum_000411", "topic": "basket_sum", "subtopic": "decimal_prices", "prompt": "You’re buying 6 items: $19.35, $1.11, $7.30, $7.27, $14.63, $8.58. About how much will you pay (before tax)?", "exact_value": 58.24, "model": "qwen/qwen2.5-3b-instruct", "provider": "transformers", "response": "6.35", "numeric_answer": 6.35, "relative_error": 0.8909684065934066, "thinking_text": null, "has_tool_call": false, "tool_call": null, "usage": {"prompt_tokens": 120, "completion_tokens": 5, "total_tokens": 125, "token_count_source": "tokenizer"}, "decoding": {"temperature": 0.2, "top_p": null, "top_k": null, "max_tokens": 256, "seed": 42}, "prompt_tokens": 120, "completion_tokens": 5, "total_tokens": 125, "token_count_source": "tokenizer", "diffusion_steps": null, "flops_estimate": null, "flops_arch": null, "flops_model_params": null, "flops_active_params": null, "tokens_non_final": 1, "tokens_reasoning": 0, "tokens_response": 1, "elapsed_seconds": 0.19625234603881836, "judgement": "Way off"}
{"id": "basket_sum_000431", "topic": "basket_sum", "subtopic": "decimal_prices", "prompt": "You’re buying 5 items: $7.21, $16.25, $15.35, $1.62, $15.01. About how much will you pay (before tax)?", "exact_value": 55.44, "model": "qwen/qwen2.5-3b-instruct", "provider": "transformers", "response": "1.62", "numeric_answer": 1.62, "relative_error": 0.9707792207792209, "thinking_text": null, "has_tool_call": false, "tool_call": null, "usage": {"prompt_tokens": 115, "completion_tokens": 5, "total_tokens": 120, "token_count_source": "tokenizer"}, "decoding": {"temperature": 0.2, "top_p": null, "top_k": null, "max_tokens": 256, "seed": 42}, "prompt_tokens": 115, "completion_tokens": 5, "total_tokens": 120, "token_count_source": "tokenizer", "diffusion_steps": null, "flops_estimate": null, "flops_arch": null, "flops_model_params": null, "flops_active_params": null, "tokens_non_final": 1, "tokens_reasoning": 0, "tokens_response": 1, "elapsed_seconds": 0.18147826194763184, "judgement": "Way off"}
{"id": "basket_sum_000451", "topic": "basket_sum", "subtopic": "decimal_prices", "prompt": "You’re buying 4 items: $15.91, $2.34, $17.70, $14.92. About how much will you pay (before tax)?", "exact_value": 50.87, "model": "qwen/qwen2.5-3b-instruct", "provider": "transformers", "response": "4.65", "numeric_answer": 4.65, "relative_error": 0.9085905248673088, "thinking_text": null, "has_tool_call": false, "tool_call": null, "usage": {"prompt_tokens": 109, "completion_tokens": 5, "total_tokens": 114, "token_count_source": "tokenizer"}, "decoding": {"temperature": 0.2, "top_p": null, "top_k": null, "max_tokens": 256, "seed": 42}, "prompt_tokens": 109, "completion_tokens": 5, "total_tokens": 114, "token_count_source": "tokenizer", "diffusion_steps": null, "flops_estimate": null, "flops_arch": null, "flops_model_params": null, "flops_active_params": null, "tokens_non_final": 1, "tokens_reasoning": 0, "tokens_response": 1, "elapsed_seconds": 0.1917247772216797, "judgement": "Way off"}
{"id": "basket_sum_000471", "topic": "basket_sum", "subtopic": "decimal_prices", "prompt": "You’re buying 5 items: $9.40, $19.52, $11.04, $3.12, $1.27. About how much will you pay (before tax)?", "exact_value": 44.35, "model": "qwen/qwen2.5-3b-instruct", "provider": "transformers", "response": "11.18", "numeric_answer": 11.18, "relative_error": 0.7479143179255919, "thinking_text": null, "has_tool_call": false, "tool_call": null, "usage": {"prompt_tokens": 114, "completion_tokens": 6, "total_tokens": 120, "token_count_source": "tokenizer"}, "decoding": {"temperature": 0.2, "top_p": null, "top_k": null, "max_tokens": 256, "seed": 42}, "prompt_tokens": 114, "completion_tokens": 6, "total_tokens": 120, "token_count_source": "tokenizer", "diffusion_steps": null, "flops_estimate": null, "flops_arch": null, "flops_model_params": null, "flops_active_params": null, "tokens_non_final": 1, "tokens_reasoning": 0, "tokens_response": 1, "elapsed_seconds": 0.22250699996948242, "judgement": "Way off"}
{"id": "basket_sum_000491", "topic": "basket_sum", "subtopic": "decimal_prices", "prompt": "You’re buying 3 items: $12.29, $7.74, $10.02. About how much will you pay (before tax)?", "exact_value": 30.05, "model": "qwen/qwen2.5-3b-instruct", "provider": "transformers", "response": "10.02", "numeric_answer": 10.02, "relative_error": 0.6665557404326123, "thinking_text": null, "has_tool_call": false, "tool_call": null, "usage": {"prompt_tokens": 102, "completion_tokens": 6, "total_tokens": 108, "token_count_source": "tokenizer"}, "decoding": {"temperature": 0.2, "top_p": null, "top_k": null, "max_tokens": 256, "seed": 42}, "prompt_tokens": 102, "completion_tokens": 6, "total_tokens": 108, "token_count_source": "tokenizer", "diffusion_steps": null, "flops_estimate": null, "flops_arch": null, "flops_model_params": null, "flops_active_params": null, "tokens_non_final": 1, "tokens_reasoning": 0, "tokens_response": 1, "elapsed_seconds": 0.21538138389587402, "judgement": "Way off"}
{"id": "basket_sum_000511", "topic": "basket_sum", "subtopic": "decimal_prices", "prompt": "You’re buying 5 items: $19.01, $7.47, $3.87, $10.40, $14.78. About how much will you pay (before tax)?", "exact_value": 55.53, "model": "qwen/qwen2.5-3b-instruct", "provider": "transformers", "response": "6.25", "numeric_answer": 6.25, "relative_error": 0.8874482261840446, "thinking_text": null, "has_tool_call": false, "tool_call": null, "usage": {"prompt_tokens": 115, "completion_tokens": 5, "total_tokens": 120, "token_count_source": "tokenizer"}, "decoding": {"temperature": 0.2, "top_p": null, "top_k": null, "max_tokens": 256, "seed": 42}, "prompt_tokens": 115, "completion_tokens": 5, "total_tokens": 120, "token_count_source": "tokenizer", "diffusion_steps": null, "flops_estimate": null, "flops_arch": null, "flops_model_params": null, "flops_active_params": null, "tokens_non_final": 1, "tokens_reasoning": 0, "tokens_response": 1, "elapsed_seconds": 0.18694639205932617, "judgement": "Way off"}
{"id": "basket_sum_000531", "topic": "basket_sum", "subtopic": "decimal_prices", "prompt": "You’re buying 3 items: $19.08, $1.40, $9.05. About how much will you pay (before tax)?", "exact_value": 29.53, "model": "qwen/qwen2.5-3b-instruct", "provider": "transformers", "response": "19.08", "numeric_answer": 19.08, "relative_error": 0.3538774128005419, "thinking_text": null, "has_tool_call": false, "tool_call": null, "usage": {"prompt_tokens": 101, "completion_tokens": 6, "total_tokens": 107, "token_count_source": "tokenizer"}, "decoding": {"temperature": 0.2, "top_p": null, "top_k": null, "max_tokens": 256, "seed": 42}, "prompt_tokens": 101, "completion_tokens": 6, "total_tokens": 107, "token_count_source": "tokenizer", "diffusion_steps": null, "flops_estimate": null, "flops_arch": null, "flops_model_params": null, "flops_active_params": null, "tokens_non_final": 1, "tokens_reasoning": 0, "tokens_response": 1, "elapsed_seconds": 0.2167673110961914, "judgement": "Mildly off"}
{"id": "basket_sum_000551", "topic": "basket_sum", "subtopic": "decimal_prices", "prompt": "You’re buying 4 items: $11.87, $4.88, $19.26, $15.04. About how much will you pay (before tax)?", "exact_value": 51.05, "model": "qwen/qwen2.5-3b-instruct", "provider": "transformers", "response": "4.88", "numeric_answer": 4.88, "relative_error": 0.904407443682664, "thinking_text": null, "has_tool_call": false, "tool_call": null, "usage": {"prompt_tokens": 109, "completion_tokens": 5, "total_tokens": 114, "token_count_source": "tokenizer"}, "decoding": {"temperature": 0.2, "top_p": null, "top_k": null, "max_tokens": 256, "seed": 42}, "prompt_tokens": 109, "completion_tokens": 5, "total_tokens": 114, "token_count_source": "tokenizer", "diffusion_steps": null, "flops_estimate": null, "flops_arch": null, "flops_model_params": null, "flops_active_params": null, "tokens_non_final": 1, "tokens_reasoning": 0, "tokens_response": 1, "elapsed_seconds": 0.18762660026550293, "judgement": "Way off"}
{"id": "basket_sum_000571", "topic": "basket_sum", "subtopic": "decimal_prices", "prompt": "You’re buying 6 items: $6.73, $19.19, $7.76, $16.39, $3.13, $17.44. About how much will you pay (before tax)?", "exact_value": 70.64, "model": "qwen/qwen2.5-3b-instruct", "provider": "transformers", "response": "6.73", "numeric_answer": 6.73, "relative_error": 0.9047281993204982, "thinking_text": null, "has_tool_call": false, "tool_call": null, "usage": {"prompt_tokens": 121, "completion_tokens": 5, "total_tokens": 126, "token_count_source": "tokenizer"}, "decoding": {"temperature": 0.2, "top_p": null, "top_k": null, "max_tokens": 256, "seed": 42}, "prompt_tokens": 121, "completion_tokens": 5, "total_tokens": 126, "token_count_source": "tokenizer", "diffusion_steps": null, "flops_estimate": null, "flops_arch": null, "flops_model_params": null, "flops_active_params": null, "tokens_non_final": 1, "tokens_reasoning": 0, "tokens_response": 1, "elapsed_seconds": 0.18078970909118652, "judgement": "Way off"}
{"id": "basket_sum_000591", "topic": "basket_sum", "subtopic": "decimal_prices", "prompt": "You’re buying 3 items: $0.99, $3.35, $7.00. About how much will you pay (before tax)?", "exact_value": 11.34, "model": "qwen/qwen2.5-3b-instruct", "provider": "transformers", "response": "1.99", "numeric_answer": 1.99, "relative_error": 0.8245149911816578, "thinking_text": null, "has_tool_call": false, "tool_call": null, "usage": {"prompt_tokens": 100, "completion_tokens": 5, "total_tokens": 105, "token_count_source": "tokenizer"}, "decoding": {"temperature": 0.2, "top_p": null, "top_k": null, "max_tokens": 256, "seed": 42}, "prompt_tokens": 100, "completion_tokens": 5, "total_tokens": 105, "token_count_source": "tokenizer", "diffusion_steps": null, "flops_estimate": null, "flops_arch": null, "flops_model_params": null, "flops_active_params": null, "tokens_non_final": 1, "tokens_reasoning": 0, "tokens_response": 1, "elapsed_seconds": 0.19041776657104492, "judgement": "Way off"}
{"id": "basket_sum_000611", "topic": "basket_sum", "subtopic": "decimal_prices", "prompt": "You’re buying 5 items: $18.98, $19.99, $18.20, $16.09, $3.27. About how much will you pay (before tax)?", "exact_value": 76.53, "model": "qwen/qwen2.5-3b-instruct", "provider": "transformers", "response": "18.27", "numeric_answer": 18.27, "relative_error": 0.7612700901607213, "thinking_text": null, "has_tool_call": false, "tool_call": null, "usage": {"prompt_tokens": 116, "completion_tokens": 6, "total_tokens": 122, "token_count_source": "tokenizer"}, "decoding": {"temperature": 0.2, "top_p": null, "top_k": null, "max_tokens": 256, "seed": 42}, "prompt_tokens": 116, "completion_tokens": 6, "total_tokens": 122, "token_count_source": "tokenizer", "diffusion_steps": null, "flops_estimate": null, "flops_arch": null, "flops_model_params": null, "flops_active_params": null, "tokens_non_final": 1, "tokens_reasoning": 0, "tokens_response": 1, "elapsed_seconds": 0.21895217895507812, "judgement": "Way off"}
{"id": "basket_sum_000631", "topic": "basket_sum", "subtopic": "decimal_prices", "prompt": "You’re buying 6 items: $6.60, $16.40, $12.63, $14.05, $19.28, $13.75. About how much will you pay (before tax)?", "exact_value": 82.71, "model": "qwen/qwen2.5-3b-instruct", "provider": "transformers", "response": "6.60", "numeric_answer": 6.6, "relative_error": 0.920203119332608, "thinking_text": null, "has_tool_call": false, "tool_call": null, "usage": {"prompt_tokens": 123, "completion_tokens": 5, "total_tokens": 128, "token_count_source": "tokenizer"}, "decoding": {"temperature": 0.2, "top_p": null, "top_k": null, "max_tokens": 256, "seed": 42}, "prompt_tokens": 123, "completion_tokens": 5, "total_tokens": 128, "token_count_source": "tokenizer", "diffusion_steps": null, "flops_estimate": null, "flops_arch": null, "flops_model_params": null, "flops_active_params": null, "tokens_non_final": 1, "tokens_reasoning": 0, "tokens_response": 1, "elapsed_seconds": 0.18917393684387207, "judgement": "Way off"}
{"id": "basket_sum_000651", "topic": "basket_sum", "subtopic": "decimal_prices", "prompt": "You’re buying 3 items: $14.35, $18.58, $9.20. About how much will you pay (before tax)?", "exact_value": 42.13, "model": "qwen/qwen2.5-3b-instruct", "provider": "transformers", "response": "6.66", "numeric_answer": 6.66, "relative_error": 0.8419178732494659, "thinking_text": null, "has_tool_call": false, "tool_call": null, "usage": {"prompt_tokens": 102, "completion_tokens": 5, "total_tokens": 107, "token_count_source": "tokenizer"}, "decoding": {"temperature": 0.2, "top_p": null, "top_k": null, "max_tokens": 256, "seed": 42}, "prompt_tokens": 102, "completion_tokens": 5, "total_tokens": 107, "token_count_source": "tokenizer", "diffusion_steps": null, "flops_estimate": null, "flops_arch": null, "flops_model_params": null, "flops_active_params": null, "tokens_non_final": 1, "tokens_reasoning": 0, "tokens_response": 1, "elapsed_seconds": 0.19001436233520508, "judgement": "Way off"}
{"id": "basket_sum_000671", "topic": "basket_sum", "subtopic": "decimal_prices", "prompt": "You’re buying 5 items: $5.42, $15.65, $14.74, $19.74, $2.91. About how much will you pay (before tax)?", "exact_value": 58.46, "model": "qwen/qwen2.5-3b-instruct", "provider": "transformers", "response": "5.42", "numeric_answer": 5.42, "relative_error": 0.9072870338693123, "thinking_text": null, "has_tool_call": false, "tool_call": null, "usage": {"prompt_tokens": 115, "completion_tokens": 5, "total_tokens": 120, "token_count_source": "tokenizer"}, "decoding": {"temperature": 0.2, "top_p": null, "top_k": null, "max_tokens": 256, "seed": 42}, "prompt_tokens": 115, "completion_tokens": 5, "total_tokens": 120, "token_count_source": "tokenizer", "diffusion_steps": null, "flops_estimate": null, "flops_arch": null, "flops_model_params": null, "flops_active_params": null, "tokens_non_final": 1, "tokens_reasoning": 0, "tokens_response": 1, "elapsed_seconds": 0.1974191665649414, "judgement": "Way off"}
{"id": "basket_sum_000691", "topic": "basket_sum", "subtopic": "decimal_prices", "prompt": "You’re buying 6 items: $8.22, $18.07, $7.30, $1.67, $13.66, $9.30. About how much will you pay (before tax)?", "exact_value": 58.22, "model": "qwen/qwen2.5-3b-instruct", "provider": "transformers", "response": "6.66", "numeric_answer": 6.66, "relative_error": 0.885606320851941, "thinking_text": null, "has_tool_call": false, "tool_call": null, "usage": {"prompt_tokens": 120, "completion_tokens": 5, "total_tokens": 125, "token_count_source": "tokenizer"}, "decoding": {"temperature": 0.2, "top_p": null, "top_k": null, "max_tokens": 256, "seed": 42}, "prompt_tokens": 120, "completion_tokens": 5, "total_tokens": 125, "token_count_source": "tokenizer", "diffusion_steps": null, "flops_estimate": null, "flops_arch": null, "flops_model_params": null, "flops_active_params": null, "tokens_non_final": 1, "tokens_reasoning": 0, "tokens_response": 1, "elapsed_seconds": 0.18188905715942383, "judgement": "Way off"}
{"id": "basket_sum_000711", "topic": "basket_sum", "subtopic": "decimal_prices", "prompt": "You’re buying 3 items: $16.39, $19.24, $12.71. About how much will you pay (before tax)?", "exact_value": 48.34, "model": "qwen/qwen2.5-3b-instruct", "provider": "transformers", "response": "12.71", "numeric_answer": 12.71, "relative_error": 0.7370707488622259, "thinking_text": null, "has_tool_call": false, "tool_call": null, "usage": {"prompt_tokens": 103, "completion_tokens": 6, "total_tokens": 109, "token_count_source": "tokenizer"}, "decoding": {"temperature": 0.2, "top_p": null, "top_k": null, "max_tokens": 256, "seed": 42}, "prompt_tokens": 103, "completion_tokens": 6, "total_tokens": 109, "token_count_source": "tokenizer", "diffusion_steps": null, "flops_estimate": null, "flops_arch": null, "flops_model_params": null, "flops_active_params": null, "tokens_non_final": 1, "tokens_reasoning": 0, "tokens_response": 1, "elapsed_seconds": 0.2085106372833252, "judgement": "Way off"}
{"id": "basket_sum_000731", "topic": "basket_sum", "subtopic": "decimal_prices", "prompt": "You’re buying 3 items: $17.18, $6.99, $17.00. About how much will you pay (before tax)?", "exact_value": 41.17, "model": "qwen/qwen2.5-3b-instruct", "provider": "transformers", "response": "27.04", "numeric_answer": 27.04, "relative_error": 0.34321107602623274, "thinking_text": null, "has_tool_call": false, "tool_call": null, "usage": {"prompt_tokens": 102, "completion_tokens": 6, "total_tokens": 108, "token_count_source": "tokenizer"}, "decoding": {"temperature": 0.2, "top_p": null, "top_k": null, "max_tokens": 256, "seed": 42}, "prompt_tokens": 102, "completion_tokens": 6, "total_tokens": 108, "token_count_source": "tokenizer", "diffusion_steps": null, "flops_estimate": null, "flops_arch": null, "flops_model_params": null, "flops_active_params": null, "tokens_non_final": 1, "tokens_reasoning": 0, "tokens_response": 1, "elapsed_seconds": 0.20746374130249023, "judgement": "Mildly off"}
{"id": "basket_sum_000751", "topic": "basket_sum", "subtopic": "decimal_prices", "prompt": "You’re buying 6 items: $6.72, $7.37, $7.87, $0.95, $12.05, $13.81. About how much will you pay (before tax)?", "exact_value": 48.77, "model": "qwen/qwen2.5-3b-instruct", "provider": "transformers", "response": "6.72", "numeric_answer": 6.72, "relative_error": 0.8622103752306747, "thinking_text": null, "has_tool_call": false, "tool_call": null, "usage": {"prompt_tokens": 120, "completion_tokens": 5, "total_tokens": 125, "token_count_source": "tokenizer"}, "decoding": {"temperature": 0.2, "top_p": null, "top_k": null, "max_tokens": 256, "seed": 42}, "prompt_tokens": 120, "completion_tokens": 5, "total_tokens": 125, "token_count_source": "tokenizer", "diffusion_steps": null, "flops_estimate": null, "flops_arch": null, "flops_model_params": null, "flops_active_params": null, "tokens_non_final": 1, "tokens_reasoning": 0, "tokens_response": 1, "elapsed_seconds": 0.17731523513793945, "judgement": "Way off"}
{"id": "basket_sum_000771", "topic": "basket_sum", "subtopic": "decimal_prices", "prompt": "You’re buying 4 items: $10.56, $15.22, $13.18, $10.57. About how much will you pay (before tax)?", "exact_value": 49.53, "model": "qwen/qwen2.5-3b-instruct", "provider": "transformers", "response": "10555", "numeric_answer": 10555.0, "relative_error": 212.10316979608317, "thinking_text": null, "has_tool_call": false, "tool_call": null, "usage": {"prompt_tokens": 110, "completion_tokens": 6, "total_tokens": 116, "token_count_source": "tokenizer"}, "decoding": {"temperature": 0.2, "top_p": null, "top_k": null, "max_tokens": 256, "seed": 42}, "prompt_tokens": 110, "completion_tokens": 6, "total_tokens": 116, "token_count_source": "tokenizer", "diffusion_steps": null, "flops_estimate": null, "flops_arch": null, "flops_model_params": null, "flops_active_params": null, "tokens_non_final": 1, "tokens_reasoning": 0, "tokens_response": 1, "elapsed_seconds": 0.21268868446350098, "judgement": "Way off"}
{"id": "basket_sum_000791", "topic": "basket_sum", "subtopic": "decimal_prices", "prompt": "You’re buying 5 items: $7.05, $1.24, $15.87, $18.50, $3.74. About how much will you pay (before tax)?", "exact_value": 46.4, "model": "qwen/qwen2.5-3b-instruct", "provider": "transformers", "response": "6.89", "numeric_answer": 6.89, "relative_error": 0.8515086206896552, "thinking_text": null, "has_tool_call": false, "tool_call": null, "usage": {"prompt_tokens": 114, "completion_tokens": 5, "total_tokens": 119, "token_count_source": "tokenizer"}, "decoding": {"temperature": 0.2, "top_p": null, "top_k": null, "max_tokens": 256, "seed": 42}, "prompt_tokens": 114, "completion_tokens": 5, "total_tokens": 119, "token_count_source": "tokenizer", "diffusion_steps": null, "flops_estimate": null, "flops_arch": null, "flops_model_params": null, "flops_active_params": null, "tokens_non_final": 1, "tokens_reasoning": 0, "tokens_response": 1, "elapsed_seconds": 0.17480897903442383, "judgement": "Way off"}
{"id": "basket_sum_000811", "topic": "basket_sum", "subtopic": "decimal_prices", "prompt": "You’re buying 4 items: $7.07, $15.16, $10.10, $2.10. About how much will you pay (before tax)?", "exact_value": 34.43, "model": "qwen/qwen2.5-3b-instruct", "provider": "transformers", "response": "8.18", "numeric_answer": 8.18, "relative_error": 0.7624164972407784, "thinking_text": null, "has_tool_call": false, "tool_call": null, "usage": {"prompt_tokens": 108, "completion_tokens": 5, "total_tokens": 113, "token_count_source": "tokenizer"}, "decoding": {"temperature": 0.2, "top_p": null, "top_k": null, "max_tokens": 256, "seed": 42}, "prompt_tokens": 108, "completion_tokens": 5, "total_tokens": 113, "token_count_source": "tokenizer", "diffusion_steps": null, "flops_estimate": null, "flops_arch": null, "flops_model_params": null, "flops_active_params": null, "tokens_non_final": 1, "tokens_reasoning": 0, "tokens_response": 1, "elapsed_seconds": 0.18208527565002441, "judgement": "Way off"}
{"id": "basket_sum_000831", "topic": "basket_sum", "subtopic": "decimal_prices", "prompt": "You’re buying 6 items: $8.13, $13.09, $5.25, $12.07, $19.77, $5.26. About how much will you pay (before tax)?", "exact_value": 63.57, "model": "qwen/qwen2.5-3b-instruct", "provider": "transformers", "response": "6.45", "numeric_answer": 6.45, "relative_error": 0.8985370457763096, "thinking_text": null, "has_tool_call": false, "tool_call": null, "usage": {"prompt_tokens": 121, "completion_tokens": 5, "total_tokens": 126, "token_count_source": "tokenizer"}, "decoding": {"temperature": 0.2, "top_p": null, "top_k": null, "max_tokens": 256, "seed": 42}, "prompt_tokens": 121, "completion_tokens": 5, "total_tokens": 126, "token_count_source": "tokenizer", "diffusion_steps": null, "flops_estimate": null, "flops_arch": null, "flops_model_params": null, "flops_active_params": null, "tokens_non_final": 1, "tokens_reasoning": 0, "tokens_response": 1, "elapsed_seconds": 0.1722254753112793, "judgement": "Way off"}
{"id": "basket_sum_000851", "topic": "basket_sum", "subtopic": "decimal_prices", "prompt": "You’re buying 6 items: $6.70, $19.75, $2.16, $17.78, $19.85, $3.18. About how much will you pay (before tax)?", "exact_value": 69.42, "model": "qwen/qwen2.5-3b-instruct", "provider": "transformers", "response": "6.18", "numeric_answer": 6.18, "relative_error": 0.9109766637856526, "thinking_text": null, "has_tool_call": false, "tool_call": null, "usage": {"prompt_tokens": 121, "completion_tokens": 5, "total_tokens": 126, "token_count_source": "tokenizer"}, "decoding": {"temperature": 0.2, "top_p": null, "top_k": null, "max_tokens": 256, "seed": 42}, "prompt_tokens": 121, "completion_tokens": 5, "total_tokens": 126, "token_count_source": "tokenizer", "diffusion_steps": null, "flops_estimate": null, "flops_arch": null, "flops_model_params": null, "flops_active_params": null, "tokens_non_final": 1, "tokens_reasoning": 0, "tokens_response": 1, "elapsed_seconds": 0.19178390502929688, "judgement": "Way off"}
{"id": "basket_sum_000871", "topic": "basket_sum", "subtopic": "decimal_prices", "prompt": "You’re buying 5 items: $19.98, $16.47, $18.86, $13.56, $8.06. About how much will you pay (before tax)?", "exact_value": 76.93, "model": "qwen/qwen2.5-3b-instruct", "provider": "transformers", "response": "13.56", "numeric_answer": 13.56, "relative_error": 0.8237358637722605, "thinking_text": null, "has_tool_call": false, "tool_call": null, "usage": {"prompt_tokens": 116, "completion_tokens": 6, "total_tokens": 122, "token_count_source": "tokenizer"}, "decoding": {"temperature": 0.2, "top_p": null, "top_k": null, "max_tokens": 256, "seed": 42}, "prompt_tokens": 116, "completion_tokens": 6, "total_tokens": 122, "token_count_source": "tokenizer", "diffusion_steps": null, "flops_estimate": null, "flops_arch": null, "flops_model_params": null, "flops_active_params": null, "tokens_non_final": 1, "tokens_reasoning": 0, "tokens_response": 1, "elapsed_seconds": 0.20948195457458496, "judgement": "Way off"}
{"id": "basket_sum_000891", "topic": "basket_sum", "subtopic": "decimal_prices", "prompt": "You’re buying 5 items: $15.60, $16.10, $18.72, $3.22, $13.53. About how much will you pay (before tax)?", "exact_value": 67.17, "model": "qwen/qwen2.5-3b-instruct", "provider": "transformers", "response": "4.8", "numeric_answer": 4.8, "relative_error": 0.9285395265743636, "thinking_text": null, "has_tool_call": false, "tool_call": null, "usage": {"prompt_tokens": 116, "completion_tokens": 4, "total_tokens": 120, "token_count_source": "tokenizer"}, "decoding": {"temperature": 0.2, "top_p": null, "top_k": null, "max_tokens": 256, "seed": 42}, "prompt_tokens": 116, "completion_tokens": 4, "total_tokens": 120, "token_count_source": "tokenizer", "diffusion_steps": null, "flops_estimate": null, "flops_arch": null, "flops_model_params": null, "flops_active_params": null, "tokens_non_final": 1, "tokens_reasoning": 0, "tokens_response": 1, "elapsed_seconds": 0.1403656005859375, "judgement": "Way off"}
{"id": "basket_sum_000911", "topic": "basket_sum", "subtopic": "decimal_prices", "prompt": "You’re buying 5 items: $12.93, $9.34, $1.01, $3.03, $3.13. About how much will you pay (before tax)?", "exact_value": 29.44, "model": "qwen/qwen2.5-3b-instruct", "provider": "transformers", "response": "6.86", "numeric_answer": 6.86, "relative_error": 0.766983695652174, "thinking_text": null, "has_tool_call": false, "tool_call": null, "usage": {"prompt_tokens": 113, "completion_tokens": 5, "total_tokens": 118, "token_count_source": "tokenizer"}, "decoding": {"temperature": 0.2, "top_p": null, "top_k": null, "max_tokens": 256, "seed": 42}, "prompt_tokens": 113, "completion_tokens": 5, "total_tokens": 118, "token_count_source": "tokenizer", "diffusion_steps": null, "flops_estimate": null, "flops_arch": null, "flops_model_params": null, "flops_active_params": null, "tokens_non_final": 1, "tokens_reasoning": 0, "tokens_response": 1, "elapsed_seconds": 0.17400169372558594, "judgement": "Way off"}
{"id": "basket_sum_000931", "topic": "basket_sum", "subtopic": "decimal_prices", "prompt": "You’re buying 3 items: $7.76, $7.19, $6.04. About how much will you pay (before tax)?", "exact_value": 20.99, "model": "qwen/qwen2.5-3b-instruct", "provider": "transformers", "response": "8.76", "numeric_answer": 8.76, "relative_error": 0.5826584087660791, "thinking_text": null, "has_tool_call": false, "tool_call": null, "usage": {"prompt_tokens": 100, "completion_tokens": 5, "total_tokens": 105, "token_count_source": "tokenizer"}, "decoding": {"temperature": 0.2, "top_p": null, "top_k": null, "max_tokens": 256, "seed": 42}, "prompt_tokens": 100, "completion_tokens": 5, "total_tokens": 105, "token_count_source": "tokenizer", "diffusion_steps": null, "flops_estimate": null, "flops_arch": null, "flops_model_params": null, "flops_active_params": null, "tokens_non_final": 1, "tokens_reasoning": 0, "tokens_response": 1, "elapsed_seconds": 0.17054343223571777, "judgement": "Mildly off"}
{"id": "basket_sum_000951", "topic": "basket_sum", "subtopic": "decimal_prices", "prompt": "You’re buying 3 items: $6.36, $10.07, $5.87. About how much will you pay (before tax)?", "exact_value": 22.3, "model": "qwen/qwen2.5-3b-instruct", "provider": "transformers", "response": "6.36", "numeric_answer": 6.36, "relative_error": 0.7147982062780269, "thinking_text": null, "has_tool_call": false, "tool_call": null, "usage": {"prompt_tokens": 101, "completion_tokens": 5, "total_tokens": 106, "token_count_source": "tokenizer"}, "decoding": {"temperature": 0.2, "top_p": null, "top_k": null, "max_tokens": 256, "seed": 42}, "prompt_tokens": 101, "completion_tokens": 5, "total_tokens": 106, "token_count_source": "tokenizer", "diffusion_steps": null, "flops_estimate": null, "flops_arch": null, "flops_model_params": null, "flops_active_params": null, "tokens_non_final": 1, "tokens_reasoning": 0, "tokens_response": 1, "elapsed_seconds": 0.1831200122833252, "judgement": "Way off"}
{"id": "basket_sum_000971", "topic": "basket_sum", "subtopic": "decimal_prices", "prompt": "You’re buying 6 items: $10.87, $14.23, $19.61, $5.05, $8.97, $1.97. About how much will you pay (before tax)?", "exact_value": 60.7, "model": "qwen/qwen2.5-3b-instruct", "provider": "transformers", "response": "6.05", "numeric_answer": 6.05, "relative_error": 0.9003294892915981, "thinking_text": null, "has_tool_call": false, "tool_call": null, "usage": {"prompt_tokens": 121, "completion_tokens": 5, "total_tokens": 126, "token_count_source": "tokenizer"}, "decoding": {"temperature": 0.2, "top_p": null, "top_k": null, "max_tokens": 256, "seed": 42}, "prompt_tokens": 121, "completion_tokens": 5, "total_tokens": 126, "token_count_source": "tokenizer", "diffusion_steps": null, "flops_estimate": null, "flops_arch": null, "flops_model_params": null, "flops_active_params": null, "tokens_non_final": 1, "tokens_reasoning": 0, "tokens_response": 1, "elapsed_seconds": 0.1863248348236084, "judgement": "Way off"}
{"id": "basket_sum_000991", "topic": "basket_sum", "subtopic": "decimal_prices", "prompt": "You’re buying 4 items: $11.05, $0.82, $7.46, $12.41. About how much will you pay (before tax)?", "exact_value": 31.74, "model": "qwen/qwen2.5-3b-instruct", "provider": "transformers", "response": "3.49", "numeric_answer": 3.49, "relative_error": 0.8900441083805923, "thinking_text": null, "has_tool_call": false, "tool_call": null, "usage": {"prompt_tokens": 108, "completion_tokens": 5, "total_tokens": 113, "token_count_source": "tokenizer"}, "decoding": {"temperature": 0.2, "top_p": null, "top_k": null, "max_tokens": 256, "seed": 42}, "prompt_tokens": 108, "completion_tokens": 5, "total_tokens": 113, "token_count_source": "tokenizer", "diffusion_steps": null, "flops_estimate": null, "flops_arch": null, "flops_model_params": null, "flops_active_params": null, "tokens_non_final": 1, "tokens_reasoning": 0, "tokens_response": 1, "elapsed_seconds": 0.18971800804138184, "judgement": "Way off"}
{"id": "basket_sum_001011", "topic": "basket_sum", "subtopic": "decimal_prices", "prompt": "You’re buying 3 items: $10.23, $19.81, $5.10. About how much will you pay (before tax)?", "exact_value": 35.14, "model": "qwen/qwen2.5-3b-instruct", "provider": "transformers", "response": "1.23", "numeric_answer": 1.23, "relative_error": 0.9649971542401822, "thinking_text": null, "has_tool_call": false, "tool_call": null, "usage": {"prompt_tokens": 102, "completion_tokens": 5, "total_tokens": 107, "token_count_source": "tokenizer"}, "decoding": {"temperature": 0.2, "top_p": null, "top_k": null, "max_tokens": 256, "seed": 42}, "prompt_tokens": 102, "completion_tokens": 5, "total_tokens": 107, "token_count_source": "tokenizer", "diffusion_steps": null, "flops_estimate": null, "flops_arch": null, "flops_model_params": null, "flops_active_params": null, "tokens_non_final": 1, "tokens_reasoning": 0, "tokens_response": 1, "elapsed_seconds": 0.16862988471984863, "judgement": "Way off"}
{"id": "basket_sum_001031", "topic": "basket_sum", "subtopic": "decimal_prices", "prompt": "You’re buying 3 items: $12.39, $4.12, $3.87. About how much will you pay (before tax)?", "exact_value": 20.38, "model": "qwen/qwen2.5-3b-instruct", "provider": "transformers", "response": "1.36", "numeric_answer": 1.36, "relative_error": 0.9332679097154073, "thinking_text": null, "has_tool_call": false, "tool_call": null, "usage": {"prompt_tokens": 101, "completion_tokens": 5, "total_tokens": 106, "token_count_source": "tokenizer"}, "decoding": {"temperature": 0.2, "top_p": null, "top_k": null, "max_tokens": 256, "seed": 42}, "prompt_tokens": 101, "completion_tokens": 5, "total_tokens": 106, "token_count_source": "tokenizer", "diffusion_steps": null, "flops_estimate": null, "flops_arch": null, "flops_model_params": null, "flops_active_params": null, "tokens_non_final": 1, "tokens_reasoning": 0, "tokens_response": 1, "elapsed_seconds": 0.2129056453704834, "judgement": "Way off"}
{"id": "basket_sum_001051", "topic": "basket_sum", "subtopic": "decimal_prices", "prompt": "You’re buying 6 items: $2.66, $1.08, $15.50, $6.73, $17.45, $16.10. About how much will you pay (before tax)?", "exact_value": 59.52, "model": "qwen/qwen2.5-3b-instruct", "provider": "transformers", "response": "6.73", "numeric_answer": 6.73, "relative_error": 0.8869287634408602, "thinking_text": null, "has_tool_call": false, "tool_call": null, "usage": {"prompt_tokens": 121, "completion_tokens": 5, "total_tokens": 126, "token_count_source": "tokenizer"}, "decoding": {"temperature": 0.2, "top_p": null, "top_k": null, "max_tokens": 256, "seed": 42}, "prompt_tokens": 121, "completion_tokens": 5, "total_tokens": 126, "token_count_source": "tokenizer", "diffusion_steps": null, "flops_estimate": null, "flops_arch": null, "flops_model_params": null, "flops_active_params": null, "tokens_non_final": 1, "tokens_reasoning": 0, "tokens_response": 1, "elapsed_seconds": 0.16690421104431152, "judgement": "Way off"}
{"id": "basket_sum_001071", "topic": "basket_sum", "subtopic": "decimal_prices", "prompt": "You’re buying 4 items: $7.01, $19.73, $18.82, $15.05. About how much will you pay (before tax)?", "exact_value": 60.61, "model": "qwen/qwen2.5-3b-instruct", "provider": "transformers", "response": "4.6", "numeric_answer": 4.6, "relative_error": 0.9241049331793433, "thinking_text": null, "has_tool_call": false, "tool_call": null, "usage": {"prompt_tokens": 109, "completion_tokens": 4, "total_tokens": 113, "token_count_source": "tokenizer"}, "decoding": {"temperature": 0.2, "top_p": null, "top_k": null, "max_tokens": 256, "seed": 42}, "prompt_tokens": 109, "completion_tokens": 4, "total_tokens": 113, "token_count_source": "tokenizer", "diffusion_steps": null, "flops_estimate": null, "flops_arch": null, "flops_model_params": null, "flops_active_params": null, "tokens_non_final": 1, "tokens_reasoning": 0, "tokens_response": 1, "elapsed_seconds": 0.14421391487121582, "judgement": "Way off"}
{"id": "basket_sum_001091", "topic": "basket_sum", "subtopic": "decimal_prices", "prompt": "You’re buying 6 items: $5.22, $14.42, $3.22, $3.06, $11.87, $8.32. About how much will you pay (before tax)?", "exact_value": 46.11, "model": "qwen/qwen2.5-3b-instruct", "provider": "transformers", "response": "6.86", "numeric_answer": 6.86, "relative_error": 0.851225330730861, "thinking_text": null, "has_tool_call": false, "tool_call": null, "usage": {"prompt_tokens": 120, "completion_tokens": 5, "total_tokens": 125, "token_count_source": "tokenizer"}, "decoding": {"temperature": 0.2, "top_p": null, "top_k": null, "max_tokens": 256, "seed": 42}, "prompt_tokens": 120, "completion_tokens": 5, "total_tokens": 125, "token_count_source": "tokenizer", "diffusion_steps": null, "flops_estimate": null, "flops_arch": null, "flops_model_params": null, "flops_active_params": null, "tokens_non_final": 1, "tokens_reasoning": 0, "tokens_response": 1, "elapsed_seconds": 0.1626429557800293, "judgement": "Way off"}
{"id": "basket_sum_001111", "topic": "basket_sum", "subtopic": "decimal_prices", "prompt": "You’re buying 4 items: $19.10, $10.16, $17.74, $8.93. About how much will you pay (before tax)?", "exact_value": 55.93, "model": "qwen/qwen2.5-3b-instruct", "provider": "transformers", "response": "4.85", "numeric_answer": 4.85, "relative_error": 0.9132844627212587, "thinking_text": null, "has_tool_call": false, "tool_call": null, "usage": {"prompt_tokens": 109, "completion_tokens": 5, "total_tokens": 114, "token_count_source": "tokenizer"}, "decoding": {"temperature": 0.2, "top_p": null, "top_k": null, "max_tokens": 256, "seed": 42}, "prompt_tokens": 109, "completion_tokens": 5, "total_tokens": 114, "token_count_source": "tokenizer", "diffusion_steps": null, "flops_estimate": null, "flops_arch": null, "flops_model_params": null, "flops_active_params": null, "tokens_non_final": 1, "tokens_reasoning": 0, "tokens_response": 1, "elapsed_seconds": 0.1822977066040039, "judgement": "Way off"}
{"id": "basket_sum_001131", "topic": "basket_sum", "subtopic": "decimal_prices", "prompt": "You’re buying 3 items: $18.72, $17.46, $5.78. About how much will you pay (before tax)?", "exact_value": 41.96, "model": "qwen/qwen2.5-3b-instruct", "provider": "transformers", "response": "18.72", "numeric_answer": 18.72, "relative_error": 0.5538608198284081, "thinking_text": null, "has_tool_call": false, "tool_call": null, "usage": {"prompt_tokens": 102, "completion_tokens": 6, "total_tokens": 108, "token_count_source": "tokenizer"}, "decoding": {"temperature": 0.2, "top_p": null, "top_k": null, "max_tokens": 256, "seed": 42}, "prompt_tokens": 102, "completion_tokens": 6, "total_tokens": 108, "token_count_source": "tokenizer", "diffusion_steps": null, "flops_estimate": null, "flops_arch": null, "flops_model_params": null, "flops_active_params": null, "tokens_non_final": 1, "tokens_reasoning": 0, "tokens_response": 1, "elapsed_seconds": 0.20597481727600098, "judgement": "Mildly off"}
{"id": "basket_sum_001151", "topic": "basket_sum", "subtopic": "decimal_prices", "prompt": "You’re buying 6 items: $8.31, $2.74, $14.88, $17.68, $5.94, $4.74. About how much will you pay (before tax)?", "exact_value": 54.29, "model": "qwen/qwen2.5-3b-instruct", "provider": "transformers", "response": "6.86", "numeric_answer": 6.86, "relative_error": 0.8736415546141094, "thinking_text": null, "has_tool_call": false, "tool_call": null, "usage": {"prompt_tokens": 120, "completion_tokens": 5, "total_tokens": 125, "token_count_source": "tokenizer"}, "decoding": {"temperature": 0.2, "top_p": null, "top_k": null, "max_tokens": 256, "seed": 42}, "prompt_tokens": 120, "completion_tokens": 5, "total_tokens": 125, "token_count_source": "tokenizer", "diffusion_steps": null, "flops_estimate": null, "flops_arch": null, "flops_model_params": null, "flops_active_params": null, "tokens_non_final": 1, "tokens_reasoning": 0, "tokens_response": 1, "elapsed_seconds": 0.17104315757751465, "judgement": "Way off"}
{"id": "basket_sum_001171", "topic": "basket_sum", "subtopic": "decimal_prices", "prompt": "You’re buying 3 items: $10.17, $0.89, $7.55. About how much will you pay (before tax)?", "exact_value": 18.61, "model": "qwen/qwen2.5-3b-instruct", "provider": "transformers", "response": "2.6", "numeric_answer": 2.6, "relative_error": 0.860290166577109, "thinking_text": null, "has_tool_call": false, "tool_call": null, "usage": {"prompt_tokens": 101, "completion_tokens": 4, "total_tokens": 105, "token_count_source": "tokenizer"}, "decoding": {"temperature": 0.2, "top_p": null, "top_k": null, "max_tokens": 256, "seed": 42}, "prompt_tokens": 101, "completion_tokens": 4, "total_tokens": 105, "token_count_source": "tokenizer", "diffusion_steps": null, "flops_estimate": null, "flops_arch": null, "flops_model_params": null, "flops_active_params": null, "tokens_non_final": 1, "tokens_reasoning": 0, "tokens_response": 1, "elapsed_seconds": 0.1470959186553955, "judgement": "Way off"}
{"id": "basket_sum_001191", "topic": "basket_sum", "subtopic": "decimal_prices", "prompt": "You’re buying 5 items: $16.57, $13.87, $17.29, $12.64, $9.09. About how much will you pay (before tax)?", "exact_value": 69.46, "model": "qwen/qwen2.5-3b-instruct", "provider": "transformers", "response": "1.657", "numeric_answer": 1.657, "relative_error": 0.9761445436222287, "thinking_text": null, "has_tool_call": false, "tool_call": null, "usage": {"prompt_tokens": 116, "completion_tokens": 6, "total_tokens": 122, "token_count_source": "tokenizer"}, "decoding": {"temperature": 0.2, "top_p": null, "top_k": null, "max_tokens": 256, "seed": 42}, "prompt_tokens": 116, "completion_tokens": 6, "total_tokens": 122, "token_count_source": "tokenizer", "diffusion_steps": null, "flops_estimate": null, "flops_arch": null, "flops_model_params": null, "flops_active_params": null, "tokens_non_final": 1, "tokens_reasoning": 0, "tokens_response": 1, "elapsed_seconds": 0.20391368865966797, "judgement": "Way off"}
{"id": "basket_sum_001211", "topic": "basket_sum", "subtopic": "decimal_prices", "prompt": "You’re buying 4 items: $2.44, $1.26, $19.22, $2.64. About how much will you pay (before tax)?", "exact_value": 25.56, "model": "qwen/qwen2.5-3b-instruct", "provider": "transformers", "response": "4.64", "numeric_answer": 4.64, "relative_error": 0.8184663536776212, "thinking_text": null, "has_tool_call": false, "tool_call": null, "usage": {"prompt_tokens": 107, "completion_tokens": 5, "total_tokens": 112, "token_count_source": "tokenizer"}, "decoding": {"temperature": 0.2, "top_p": null, "top_k": null, "max_tokens": 256, "seed": 42}, "prompt_tokens": 107, "completion_tokens": 5, "total_tokens": 112, "token_count_source": "tokenizer", "diffusion_steps": null, "flops_estimate": null, "flops_arch": null, "flops_model_params": null, "flops_active_params": null, "tokens_non_final": 1, "tokens_reasoning": 0, "tokens_response": 1, "elapsed_seconds": 0.18424606323242188, "judgement": "Way off"}
{"id": "basket_sum_001231", "topic": "basket_sum", "subtopic": "decimal_prices", "prompt": "You’re buying 5 items: $4.51, $9.17, $1.90, $5.25, $12.09. About how much will you pay (before tax)?", "exact_value": 32.92, "model": "qwen/qwen2.5-3b-instruct", "provider": "transformers", "response": "3.6", "numeric_answer": 3.6, "relative_error": 0.890643985419198, "thinking_text": null, "has_tool_call": false, "tool_call": null, "usage": {"prompt_tokens": 113, "completion_tokens": 4, "total_tokens": 117, "token_count_source": "tokenizer"}, "decoding": {"temperature": 0.2, "top_p": null, "top_k": null, "max_tokens": 256, "seed": 42}, "prompt_tokens": 113, "completion_tokens": 4, "total_tokens": 117, "token_count_source": "tokenizer", "diffusion_steps": null, "flops_estimate": null, "flops_arch": null, "flops_model_params": null, "flops_active_params": null, "tokens_non_final": 1, "tokens_reasoning": 0, "tokens_response": 1, "elapsed_seconds": 0.1522831916809082, "judgement": "Way off"}
{"id": "basket_sum_001251", "topic": "basket_sum", "subtopic": "decimal_prices", "prompt": "You’re buying 5 items: $3.91, $8.11, $15.11, $18.54, $3.32. About how much will you pay (before tax)?", "exact_value": 48.99, "model": "qwen/qwen2.5-3b-instruct", "provider": "transformers", "response": "5.85", "numeric_answer": 5.85, "relative_error": 0.8805878750765462, "thinking_text": null, "has_tool_call": false, "tool_call": null, "usage": {"prompt_tokens": 114, "completion_tokens": 5, "total_tokens": 119, "token_count_source": "tokenizer"}, "decoding": {"temperature": 0.2, "top_p": null, "top_k": null, "max_tokens": 256, "seed": 42}, "prompt_tokens": 114, "completion_tokens": 5, "total_tokens": 119, "token_count_source": "tokenizer", "diffusion_steps": null, "flops_estimate": null, "flops_arch": null, "flops_model_params": null, "flops_active_params": null, "tokens_non_final": 1, "tokens_reasoning": 0, "tokens_response": 1, "elapsed_seconds": 0.17783570289611816, "judgement": "Way off"}
{"id": "basket_sum_001271", "topic": "basket_sum", "subtopic": "decimal_prices", "prompt": "You’re buying 6 items: $11.14, $3.12, $17.66, $16.12, $12.45, $13.45. About how much will you pay (before tax)?", "exact_value": 73.94, "model": "qwen/qwen2.5-3b-instruct", "provider": "transformers", "response": "Final answer: 1.66", "numeric_answer": 1.66, "relative_error": 0.9775493643494726, "thinking_text": null, "has_tool_call": false, "tool_call": null, "usage": {"prompt_tokens": 123, "completion_tokens": 9, "total_tokens": 132, "token_count_source": "tokenizer"}, "decoding": {"temperature": 0.2, "top_p": null, "top_k": null, "max_tokens": 256, "seed": 42}, "prompt_tokens": 123, "completion_tokens": 9, "total_tokens": 132, "token_count_source": "tokenizer", "diffusion_steps": null, "flops_estimate": null, "flops_arch": null, "flops_model_params": null, "flops_active_params": null, "tokens_non_final": 3, "tokens_reasoning": 0, "tokens_response": 3, "elapsed_seconds": 0.3209507465362549, "judgement": "Way off"}
{"id": "basket_sum_001291", "topic": "basket_sum", "subtopic": "decimal_prices", "prompt": "You’re buying 5 items: $18.82, $5.77, $12.43, $2.83, $5.24. About how much will you pay (before tax)?", "exact_value": 45.09, "model": "qwen/qwen2.5-3b-instruct", "provider": "transformers", "response": "1.24", "numeric_answer": 1.24, "relative_error": 0.9724994455533377, "thinking_text": null, "has_tool_call": false, "tool_call": null, "usage": {"prompt_tokens": 114, "completion_tokens": 5, "total_tokens": 119, "token_count_source": "tokenizer"}, "decoding": {"temperature": 0.2, "top_p": null, "top_k": null, "max_tokens": 256, "seed": 42}, "prompt_tokens": 114, "completion_tokens": 5, "total_tokens": 119, "token_count_source": "tokenizer", "diffusion_steps": null, "flops_estimate": null, "flops_arch": null, "flops_model_params": null, "flops_active_params": null, "tokens_non_final": 1, "tokens_reasoning": 0, "tokens_response": 1, "elapsed_seconds": 0.1835799217224121, "judgement": "Way off"}
{"id": "basket_sum_001311", "topic": "basket_sum", "subtopic": "decimal_prices", "prompt": "You’re buying 5 items: $13.47, $7.46, $8.43, $3.25, $17.73. About how much will you pay (before tax)?", "exact_value": 50.34, "model": "qwen/qwen2.5-3b-instruct", "provider": "transformers", "response": "5.45", "numeric_answer": 5.45, "relative_error": 0.8917361938816051, "thinking_text": null, "has_tool_call": false, "tool_call": null, "usage": {"prompt_tokens": 114, "completion_tokens": 5, "total_tokens": 119, "token_count_source": "tokenizer"}, "decoding": {"temperature": 0.2, "top_p": null, "top_k": null, "max_tokens": 256, "seed": 42}, "prompt_tokens": 114, "completion_tokens": 5, "total_tokens": 119, "token_count_source": "tokenizer", "diffusion_steps": null, "flops_estimate": null, "flops_arch": null, "flops_model_params": null, "flops_active_params": null, "tokens_non_final": 1, "tokens_reasoning": 0, "tokens_response": 1, "elapsed_seconds": 0.18254590034484863, "judgement": "Way off"}
{"id": "basket_sum_001331", "topic": "basket_sum", "subtopic": "decimal_prices", "prompt": "You’re buying 3 items: $9.47, $11.89, $1.27. About how much will you pay (before tax)?", "exact_value": 22.63, "model": "qwen/qwen2.5-3b-instruct", "provider": "transformers", "response": "9.47", "numeric_answer": 9.47, "relative_error": 0.5815289438798055, "thinking_text": null, "has_tool_call": false, "tool_call": null, "usage": {"prompt_tokens": 101, "completion_tokens": 5, "total_tokens": 106, "token_count_source": "tokenizer"}, "decoding": {"temperature": 0.2, "top_p": null, "top_k": null, "max_tokens": 256, "seed": 42}, "prompt_tokens": 101, "completion_tokens": 5, "total_tokens": 106, "token_count_source": "tokenizer", "diffusion_steps": null, "flops_estimate": null, "flops_arch": null, "flops_model_params": null, "flops_active_params": null, "tokens_non_final": 1, "tokens_reasoning": 0, "tokens_response": 1, "elapsed_seconds": 0.17258095741271973, "judgement": "Mildly off"}
{"id": "basket_sum_001351", "topic": "basket_sum", "subtopic": "decimal_prices", "prompt": "You’re buying 5 items: $7.84, $15.52, $18.73, $11.56, $13.11. About how much will you pay (before tax)?", "exact_value": 66.76, "model": "qwen/qwen2.5-3b-instruct", "provider": "transformers", "response": "11.56", "numeric_answer": 11.56, "relative_error": 0.8268424206111443, "thinking_text": null, "has_tool_call": false, "tool_call": null, "usage": {"prompt_tokens": 116, "completion_tokens": 6, "total_tokens": 122, "token_count_source": "tokenizer"}, "decoding": {"temperature": 0.2, "top_p": null, "top_k": null, "max_tokens": 256, "seed": 42}, "prompt_tokens": 116, "completion_tokens": 6, "total_tokens": 122, "token_count_source": "tokenizer", "diffusion_steps": null, "flops_estimate": null, "flops_arch": null, "flops_model_params": null, "flops_active_params": null, "tokens_non_final": 1, "tokens_reasoning": 0, "tokens_response": 1, "elapsed_seconds": 0.21391081809997559, "judgement": "Way off"}
{"id": "basket_sum_001371", "topic": "basket_sum", "subtopic": "decimal_prices", "prompt": "You’re buying 3 items: $1.87, $13.03, $1.99. About how much will you pay (before tax)?", "exact_value": 16.89, "model": "qwen/qwen2.5-3b-instruct", "provider": "transformers", "response": "1.87", "numeric_answer": 1.87, "relative_error": 0.8892835997631734, "thinking_text": null, "has_tool_call": false, "tool_call": null, "usage": {"prompt_tokens": 101, "completion_tokens": 5, "total_tokens": 106, "token_count_source": "tokenizer"}, "decoding": {"temperature": 0.2, "top_p": null, "top_k": null, "max_tokens": 256, "seed": 42}, "prompt_tokens": 101, "completion_tokens": 5, "total_tokens": 106, "token_count_source": "tokenizer", "diffusion_steps": null, "flops_estimate": null, "flops_arch": null, "flops_model_params": null, "flops_active_params": null, "tokens_non_final": 1, "tokens_reasoning": 0, "tokens_response": 1, "elapsed_seconds": 0.1758735179901123, "judgement": "Way off"}
{"id": "basket_sum_001391", "topic": "basket_sum", "subtopic": "decimal_prices", "prompt": "You’re buying 5 items: $7.94, $8.05, $12.09, $1.44, $14.25. About how much will you pay (before tax)?", "exact_value": 43.77, "model": "qwen/qwen2.5-3b-instruct", "provider": "transformers", "response": "6.84", "numeric_answer": 6.84, "relative_error": 0.8437285812200138, "thinking_text": null, "has_tool_call": false, "tool_call": null, "usage": {"prompt_tokens": 114, "completion_tokens": 5, "total_tokens": 119, "token_count_source": "tokenizer"}, "decoding": {"temperature": 0.2, "top_p": null, "top_k": null, "max_tokens": 256, "seed": 42}, "prompt_tokens": 114, "completion_tokens": 5, "total_tokens": 119, "token_count_source": "tokenizer", "diffusion_steps": null, "flops_estimate": null, "flops_arch": null, "flops_model_params": null, "flops_active_params": null, "tokens_non_final": 1, "tokens_reasoning": 0, "tokens_response": 1, "elapsed_seconds": 0.16668486595153809, "judgement": "Way off"}
{"id": "basket_sum_001411", "topic": "basket_sum", "subtopic": "decimal_prices", "prompt": "You’re buying 4 items: $6.59, $2.57, $8.16, $4.24. About how much will you pay (before tax)?", "exact_value": 21.56, "model": "qwen/qwen2.5-3b-instruct", "provider": "transformers", "response": "6.59", "numeric_answer": 6.59, "relative_error": 0.6943413729128015, "thinking_text": null, "has_tool_call": false, "tool_call": null, "usage": {"prompt_tokens": 106, "completion_tokens": 5, "total_tokens": 111, "token_count_source": "tokenizer"}, "decoding": {"temperature": 0.2, "top_p": null, "top_k": null, "max_tokens": 256, "seed": 42}, "prompt_tokens": 106, "completion_tokens": 5, "total_tokens": 111, "token_count_source": "tokenizer", "diffusion_steps": null, "flops_estimate": null, "flops_arch": null, "flops_model_params": null, "flops_active_params": null, "tokens_non_final": 1, "tokens_reasoning": 0, "tokens_response": 1, "elapsed_seconds": 0.19225263595581055, "judgement": "Way off"}
{"id": "basket_sum_001431", "topic": "basket_sum", "subtopic": "decimal_prices", "prompt": "You’re buying 4 items: $11.75, $19.89, $12.61, $11.14. About how much will you pay (before tax)?", "exact_value": 55.39, "model": "qwen/qwen2.5-3b-instruct", "provider": "transformers", "response": "11.14", "numeric_answer": 11.14, "relative_error": 0.798880664379852, "thinking_text": null, "has_tool_call": false, "tool_call": null, "usage": {"prompt_tokens": 110, "completion_tokens": 6, "total_tokens": 116, "token_count_source": "tokenizer"}, "decoding": {"temperature": 0.2, "top_p": null, "top_k": null, "max_tokens": 256, "seed": 42}, "prompt_tokens": 110, "completion_tokens": 6, "total_tokens": 116, "token_count_source": "tokenizer", "diffusion_steps": null, "flops_estimate": null, "flops_arch": null, "flops_model_params": null, "flops_active_params": null, "tokens_non_final": 1, "tokens_reasoning": 0, "tokens_response": 1, "elapsed_seconds": 0.20696258544921875, "judgement": "Way off"}
{"id": "basket_sum_001451", "topic": "basket_sum", "subtopic": "decimal_prices", "prompt": "You’re buying 6 items: $19.50, $8.67, $13.01, $12.67, $3.45, $12.69. About how much will you pay (before tax)?", "exact_value": 69.99, "model": "qwen/qwen2.5-3b-instruct", "provider": "transformers", "response": "6.45", "numeric_answer": 6.45, "relative_error": 0.9078439777111016, "thinking_text": null, "has_tool_call": false, "tool_call": null, "usage": {"prompt_tokens": 122, "completion_tokens": 5, "total_tokens": 127, "token_count_source": "tokenizer"}, "decoding": {"temperature": 0.2, "top_p": null, "top_k": null, "max_tokens": 256, "seed": 42}, "prompt_tokens": 122, "completion_tokens": 5, "total_tokens": 127, "token_count_source": "tokenizer", "diffusion_steps": null, "flops_estimate": null, "flops_arch": null, "flops_model_params": null, "flops_active_params": null, "tokens_non_final": 1, "tokens_reasoning": 0, "tokens_response": 1, "elapsed_seconds": 0.183518648147583, "judgement": "Way off"}
{"id": "basket_sum_001471", "topic": "basket_sum", "subtopic": "decimal_prices", "prompt": "You’re buying 5 items: $9.92, $9.24, $6.45, $15.07, $14.14. About how much will you pay (before tax)?", "exact_value": 54.82, "model": "qwen/qwen2.5-3b-instruct", "provider": "transformers", "response": "9.14", "numeric_answer": 9.14, "relative_error": 0.8332725282743524, "thinking_text": null, "has_tool_call": false, "tool_call": null, "usage": {"prompt_tokens": 114, "completion_tokens": 5, "total_tokens": 119, "token_count_source": "tokenizer"}, "decoding": {"temperature": 0.2, "top_p": null, "top_k": null, "max_tokens": 256, "seed": 42}, "prompt_tokens": 114, "completion_tokens": 5, "total_tokens": 119, "token_count_source": "tokenizer", "diffusion_steps": null, "flops_estimate": null, "flops_arch": null, "flops_model_params": null, "flops_active_params": null, "tokens_non_final": 1, "tokens_reasoning": 0, "tokens_response": 1, "elapsed_seconds": 0.17260193824768066, "judgement": "Way off"}
{"id": "basket_sum_001491", "topic": "basket_sum", "subtopic": "decimal_prices", "prompt": "You’re buying 6 items: $10.66, $19.06, $6.54, $17.44, $5.57, $6.08. About how much will you pay (before tax)?", "exact_value": 65.35, "model": "qwen/qwen2.5-3b-instruct", "provider": "transformers", "response": "6.54", "numeric_answer": 6.54, "relative_error": 0.8999234889058914, "thinking_text": null, "has_tool_call": false, "tool_call": null, "usage": {"prompt_tokens": 121, "completion_tokens": 5, "total_tokens": 126, "token_count_source": "tokenizer"}, "decoding": {"temperature": 0.2, "top_p": null, "top_k": null, "max_tokens": 256, "seed": 42}, "prompt_tokens": 121, "completion_tokens": 5, "total_tokens": 126, "token_count_source": "tokenizer", "diffusion_steps": null, "flops_estimate": null, "flops_arch": null, "flops_model_params": null, "flops_active_params": null, "tokens_non_final": 1, "tokens_reasoning": 0, "tokens_response": 1, "elapsed_seconds": 0.16583466529846191, "judgement": "Way off"}
{"id": "basket_sum_001511", "topic": "basket_sum", "subtopic": "decimal_prices", "prompt": "You’re buying 3 items: $3.49, $15.57, $17.51. About how much will you pay (before tax)?", "exact_value": 36.57, "model": "qwen/qwen2.5-3b-instruct", "provider": "transformers", "response": "3555", "numeric_answer": 3555.0, "relative_error": 96.21082854799015, "thinking_text": null, "has_tool_call": false, "tool_call": null, "usage": {"prompt_tokens": 102, "completion_tokens": 5, "total_tokens": 107, "token_count_source": "tokenizer"}, "decoding": {"temperature": 0.2, "top_p": null, "top_k": null, "max_tokens": 256, "seed": 42}, "prompt_tokens": 102, "completion_tokens": 5, "total_tokens": 107, "token_count_source": "tokenizer", "diffusion_steps": null, "flops_estimate": null, "flops_arch": null, "flops_model_params": null, "flops_active_params": null, "tokens_non_final": 1, "tokens_reasoning": 0, "tokens_response": 1, "elapsed_seconds": 0.18890762329101562, "judgement": "Way off"}
{"id": "basket_sum_001531", "topic": "basket_sum", "subtopic": "decimal_prices", "prompt": "You’re buying 3 items: $9.37, $8.45, $4.74. About how much will you pay (before tax)?", "exact_value": 22.56, "model": "qwen/qwen2.5-3b-instruct", "provider": "transformers", "response": "1.3", "numeric_answer": 1.3, "relative_error": 0.9423758865248226, "thinking_text": null, "has_tool_call": false, "tool_call": null, "usage": {"prompt_tokens": 100, "completion_tokens": 4, "total_tokens": 104, "token_count_source": "tokenizer"}, "decoding": {"temperature": 0.2, "top_p": null, "top_k": null, "max_tokens": 256, "seed": 42}, "prompt_tokens": 100, "completion_tokens": 4, "total_tokens": 104, "token_count_source": "tokenizer", "diffusion_steps": null, "flops_estimate": null, "flops_arch": null, "flops_model_params": null, "flops_active_params": null, "tokens_non_final": 1, "tokens_reasoning": 0, "tokens_response": 1, "elapsed_seconds": 0.13279104232788086, "judgement": "Way off"}
{"id": "basket_sum_001551", "topic": "basket_sum", "subtopic": "decimal_prices", "prompt": "You’re buying 4 items: $3.21, $10.67, $16.25, $3.53. About how much will you pay (before tax)?", "exact_value": 33.66, "model": "qwen/qwen2.5-3b-instruct", "provider": "transformers", "response": "3.53", "numeric_answer": 3.53, "relative_error": 0.8951277480689245, "thinking_text": null, "has_tool_call": false, "tool_call": null, "usage": {"prompt_tokens": 108, "completion_tokens": 5, "total_tokens": 113, "token_count_source": "tokenizer"}, "decoding": {"temperature": 0.2, "top_p": null, "top_k": null, "max_tokens": 256, "seed": 42}, "prompt_tokens": 108, "completion_tokens": 5, "total_tokens": 113, "token_count_source": "tokenizer", "diffusion_steps": null, "flops_estimate": null, "flops_arch": null, "flops_model_params": null, "flops_active_params": null, "tokens_non_final": 1, "tokens_reasoning": 0, "tokens_response": 1, "elapsed_seconds": 0.17131543159484863, "judgement": "Way off"}
{"id": "basket_sum_001571", "topic": "basket_sum", "subtopic": "decimal_prices", "prompt": "You’re buying 3 items: $19.20, $19.01, $6.48. About how much will you pay (before tax)?", "exact_value": 44.69, "model": "qwen/qwen2.5-3b-instruct", "provider": "transformers", "response": "19.01", "numeric_answer": 19.01, "relative_error": 0.5746251957932422, "thinking_text": null, "has_tool_call": false, "tool_call": null, "usage": {"prompt_tokens": 102, "completion_tokens": 6, "total_tokens": 108, "token_count_source": "tokenizer"}, "decoding": {"temperature": 0.2, "top_p": null, "top_k": null, "max_tokens": 256, "seed": 42}, "prompt_tokens": 102, "completion_tokens": 6, "total_tokens": 108, "token_count_source": "tokenizer", "diffusion_steps": null, "flops_estimate": null, "flops_arch": null, "flops_model_params": null, "flops_active_params": null, "tokens_non_final": 1, "tokens_reasoning": 0, "tokens_response": 1, "elapsed_seconds": 0.20390629768371582, "judgement": "Mildly off"}
{"id": "basket_sum_001591", "topic": "basket_sum", "subtopic": "decimal_prices", "prompt": "You’re buying 3 items: $7.46, $15.92, $17.15. About how much will you pay (before tax)?", "exact_value": 40.53, "model": "qwen/qwen2.5-3b-instruct", "provider": "transformers", "response": "17.15", "numeric_answer": 17.15, "relative_error": 0.5768566493955095, "thinking_text": null, "has_tool_call": false, "tool_call": null, "usage": {"prompt_tokens": 102, "completion_tokens": 6, "total_tokens": 108, "token_count_source": "tokenizer"}, "decoding": {"temperature": 0.2, "top_p": null, "top_k": null, "max_tokens": 256, "seed": 42}, "prompt_tokens": 102, "completion_tokens": 6, "total_tokens": 108, "token_count_source": "tokenizer", "diffusion_steps": null, "flops_estimate": null, "flops_arch": null, "flops_model_params": null, "flops_active_params": null, "tokens_non_final": 1, "tokens_reasoning": 0, "tokens_response": 1, "elapsed_seconds": 0.19772076606750488, "judgement": "Mildly off"}
{"id": "basket_sum_001611", "topic": "basket_sum", "subtopic": "decimal_prices", "prompt": "You’re buying 5 items: $9.07, $7.79, $18.56, $5.30, $11.17. About how much will you pay (before tax)?", "exact_value": 51.89, "model": "qwen/qwen2.5-3b-instruct", "provider": "transformers", "response": "2.84", "numeric_answer": 2.84, "relative_error": 0.9452688379263827, "thinking_text": null, "has_tool_call": false, "tool_call": null, "usage": {"prompt_tokens": 114, "completion_tokens": 5, "total_tokens": 119, "token_count_source": "tokenizer"}, "decoding": {"temperature": 0.2, "top_p": null, "top_k": null, "max_tokens": 256, "seed": 42}, "prompt_tokens": 114, "completion_tokens": 5, "total_tokens": 119, "token_count_source": "tokenizer", "diffusion_steps": null, "flops_estimate": null, "flops_arch": null, "flops_model_params": null, "flops_active_params": null, "tokens_non_final": 1, "tokens_reasoning": 0, "tokens_response": 1, "elapsed_seconds": 0.17723989486694336, "judgement": "Way off"}
{"id": "basket_sum_001631", "topic": "basket_sum", "subtopic": "decimal_prices", "prompt": "You’re buying 5 items: $1.32, $18.17, $11.61, $17.29, $19.14. About how much will you pay (before tax)?", "exact_value": 67.53, "model": "qwen/qwen2.5-3b-instruct", "provider": "transformers", "response": "11.61", "numeric_answer": 11.61, "relative_error": 0.8280764104842292, "thinking_text": null, "has_tool_call": false, "tool_call": null, "usage": {"prompt_tokens": 116, "completion_tokens": 6, "total_tokens": 122, "token_count_source": "tokenizer"}, "decoding": {"temperature": 0.2, "top_p": null, "top_k": null, "max_tokens": 256, "seed": 42}, "prompt_tokens": 116, "completion_tokens": 6, "total_tokens": 122, "token_count_source": "tokenizer", "diffusion_steps": null, "flops_estimate": null, "flops_arch": null, "flops_model_params": null, "flops_active_params": null, "tokens_non_final": 1, "tokens_reasoning": 0, "tokens_response": 1, "elapsed_seconds": 0.19642400741577148, "judgement": "Way off"}
{"id": "basket_sum_001651", "topic": "basket_sum", "subtopic": "decimal_prices", "prompt": "You’re buying 6 items: $4.75, $14.03, $18.54, $0.88, $5.41, $16.41. About how much will you pay (before tax)?", "exact_value": 60.02, "model": "qwen/qwen2.5-3b-instruct", "provider": "transformers", "response": "64.46", "numeric_answer": 64.46, "relative_error": 0.07397534155281557, "thinking_text": null, "has_tool_call": false, "tool_call": null, "usage": {"prompt_tokens": 121, "completion_tokens": 6, "total_tokens": 127, "token_count_source": "tokenizer"}, "decoding": {"temperature": 0.2, "top_p": null, "top_k": null, "max_tokens": 256, "seed": 42}, "prompt_tokens": 121, "completion_tokens": 6, "total_tokens": 127, "token_count_source": "tokenizer", "diffusion_steps": null, "flops_estimate": null, "flops_arch": null, "flops_model_params": null, "flops_active_params": null, "tokens_non_final": 1, "tokens_reasoning": 0, "tokens_response": 1, "elapsed_seconds": 0.23027873039245605, "judgement": "Good approximation"}
{"id": "basket_sum_001671", "topic": "basket_sum", "subtopic": "decimal_prices", "prompt": "You’re buying 4 items: $14.69, $6.97, $1.53, $18.10. About how much will you pay (before tax)?", "exact_value": 41.29, "model": "qwen/qwen2.5-3b-instruct", "provider": "transformers", "response": "4.696.971.538.10", "numeric_answer": 4.696, "relative_error": 0.8862678614676678, "thinking_text": null, "has_tool_call": false, "tool_call": null, "usage": {"prompt_tokens": 108, "completion_tokens": 17, "total_tokens": 125, "token_count_source": "tokenizer"}, "decoding": {"temperature": 0.2, "top_p": null, "top_k": null, "max_tokens": 256, "seed": 42}, "prompt_tokens": 108, "completion_tokens": 17, "total_tokens": 125, "token_count_source": "tokenizer", "diffusion_steps": null, "flops_estimate": null, "flops_arch": null, "flops_model_params": null, "flops_active_params": null, "tokens_non_final": 1, "tokens_reasoning": 0, "tokens_response": 1, "elapsed_seconds": 0.5685489177703857, "judgement": "Way off"}
{"id": "basket_sum_001691", "topic": "basket_sum", "subtopic": "decimal_prices", "prompt": "You’re buying 3 items: $7.15, $2.52, $18.68. About how much will you pay (before tax)?", "exact_value": 28.35, "model": "qwen/qwen2.5-3b-instruct", "provider": "transformers", "response": "4.6", "numeric_answer": 4.6, "relative_error": 0.8377425044091711, "thinking_text": null, "has_tool_call": false, "tool_call": null, "usage": {"prompt_tokens": 101, "completion_tokens": 4, "total_tokens": 105, "token_count_source": "tokenizer"}, "decoding": {"temperature": 0.2, "top_p": null, "top_k": null, "max_tokens": 256, "seed": 42}, "prompt_tokens": 101, "completion_tokens": 4, "total_tokens": 105, "token_count_source": "tokenizer", "diffusion_steps": null, "flops_estimate": null, "flops_arch": null, "flops_model_params": null, "flops_active_params": null, "tokens_non_final": 1, "tokens_reasoning": 0, "tokens_response": 1, "elapsed_seconds": 0.14401006698608398, "judgement": "Way off"}
{"id": "basket_sum_001711", "topic": "basket_sum", "subtopic": "decimal_prices", "prompt": "You’re buying 3 items: $16.26, $18.33, $17.33. About how much will you pay (before tax)?", "exact_value": 51.92, "model": "qwen/qwen2.5-3b-instruct", "provider": "transformers", "response": "10.33", "numeric_answer": 10.33, "relative_error": 0.801040061633282, "thinking_text": null, "has_tool_call": false, "tool_call": null, "usage": {"prompt_tokens": 103, "completion_tokens": 6, "total_tokens": 109, "token_count_source": "tokenizer"}, "decoding": {"temperature": 0.2, "top_p": null, "top_k": null, "max_tokens": 256, "seed": 42}, "prompt_tokens": 103, "completion_tokens": 6, "total_tokens": 109, "token_count_source": "tokenizer", "diffusion_steps": null, "flops_estimate": null, "flops_arch": null, "flops_model_params": null, "flops_active_params": null, "tokens_non_final": 1, "tokens_reasoning": 0, "tokens_response": 1, "elapsed_seconds": 0.21534204483032227, "judgement": "Way off"}
{"id": "basket_sum_001731", "topic": "basket_sum", "subtopic": "decimal_prices", "prompt": "You’re buying 6 items: $7.02, $16.08, $18.94, $8.53, $17.47, $9.71. About how much will you pay (before tax)?", "exact_value": 77.75, "model": "qwen/qwen2.5-3b-instruct", "provider": "transformers", "response": "6.85", "numeric_answer": 6.85, "relative_error": 0.9118971061093248, "thinking_text": null, "has_tool_call": false, "tool_call": null, "usage": {"prompt_tokens": 121, "completion_tokens": 5, "total_tokens": 126, "token_count_source": "tokenizer"}, "decoding": {"temperature": 0.2, "top_p": null, "top_k": null, "max_tokens": 256, "seed": 42}, "prompt_tokens": 121, "completion_tokens": 5, "total_tokens": 126, "token_count_source": "tokenizer", "diffusion_steps": null, "flops_estimate": null, "flops_arch": null, "flops_model_params": null, "flops_active_params": null, "tokens_non_final": 1, "tokens_reasoning": 0, "tokens_response": 1, "elapsed_seconds": 0.1783277988433838, "judgement": "Way off"}
{"id": "basket_sum_001751", "topic": "basket_sum", "subtopic": "decimal_prices", "prompt": "You’re buying 5 items: $16.63, $10.06, $3.60, $6.03, $6.93. About how much will you pay (before tax)?", "exact_value": 43.25, "model": "qwen/qwen2.5-3b-instruct", "provider": "transformers", "response": "2.66", "numeric_answer": 2.66, "relative_error": 0.9384971098265896, "thinking_text": null, "has_tool_call": false, "tool_call": null, "usage": {"prompt_tokens": 114, "completion_tokens": 5, "total_tokens": 119, "token_count_source": "tokenizer"}, "decoding": {"temperature": 0.2, "top_p": null, "top_k": null, "max_tokens": 256, "seed": 42}, "prompt_tokens": 114, "completion_tokens": 5, "total_tokens": 119, "token_count_source": "tokenizer", "diffusion_steps": null, "flops_estimate": null, "flops_arch": null, "flops_model_params": null, "flops_active_params": null, "tokens_non_final": 1, "tokens_reasoning": 0, "tokens_response": 1, "elapsed_seconds": 0.18544554710388184, "judgement": "Way off"}
{"id": "basket_sum_001771", "topic": "basket_sum", "subtopic": "decimal_prices", "prompt": "You’re buying 3 items: $10.59, $6.35, $1.24. About how much will you pay (before tax)?", "exact_value": 18.18, "model": "qwen/qwen2.5-3b-instruct", "provider": "transformers", "response": "1.24", "numeric_answer": 1.24, "relative_error": 0.9317931793179319, "thinking_text": null, "has_tool_call": false, "tool_call": null, "usage": {"prompt_tokens": 101, "completion_tokens": 5, "total_tokens": 106, "token_count_source": "tokenizer"}, "decoding": {"temperature": 0.2, "top_p": null, "top_k": null, "max_tokens": 256, "seed": 42}, "prompt_tokens": 101, "completion_tokens": 5, "total_tokens": 106, "token_count_source": "tokenizer", "diffusion_steps": null, "flops_estimate": null, "flops_arch": null, "flops_model_params": null, "flops_active_params": null, "tokens_non_final": 1, "tokens_reasoning": 0, "tokens_response": 1, "elapsed_seconds": 0.1693580150604248, "judgement": "Way off"}
{"id": "basket_sum_001791", "topic": "basket_sum", "subtopic": "decimal_prices", "prompt": "You’re buying 6 items: $4.14, $2.95, $14.71, $9.53, $17.81, $14.13. About how much will you pay (before tax)?", "exact_value": 63.27, "model": "qwen/qwen2.5-3b-instruct", "provider": "transformers", "response": "6.86", "numeric_answer": 6.86, "relative_error": 0.8915757863126285, "thinking_text": null, "has_tool_call": false, "tool_call": null, "usage": {"prompt_tokens": 121, "completion_tokens": 5, "total_tokens": 126, "token_count_source": "tokenizer"}, "decoding": {"temperature": 0.2, "top_p": null, "top_k": null, "max_tokens": 256, "seed": 42}, "prompt_tokens": 121, "completion_tokens": 5, "total_tokens": 126, "token_count_source": "tokenizer", "diffusion_steps": null, "flops_estimate": null, "flops_arch": null, "flops_model_params": null, "flops_active_params": null, "tokens_non_final": 1, "tokens_reasoning": 0, "tokens_response": 1, "elapsed_seconds": 0.1825554370880127, "judgement": "Way off"}
{"id": "basket_sum_001811", "topic": "basket_sum", "subtopic": "decimal_prices", "prompt": "You’re buying 3 items: $10.30, $18.37, $14.13. About how much will you pay (before tax)?", "exact_value": 42.8, "model": "qwen/qwen2.5-3b-instruct", "provider": "transformers", "response": "2.1", "numeric_answer": 2.1, "relative_error": 0.9509345794392523, "thinking_text": null, "has_tool_call": false, "tool_call": null, "usage": {"prompt_tokens": 103, "completion_tokens": 4, "total_tokens": 107, "token_count_source": "tokenizer"}, "decoding": {"temperature": 0.2, "top_p": null, "top_k": null, "max_tokens": 256, "seed": 42}, "prompt_tokens": 103, "completion_tokens": 4, "total_tokens": 107, "token_count_source": "tokenizer", "diffusion_steps": null, "flops_estimate": null, "flops_arch": null, "flops_model_params": null, "flops_active_params": null, "tokens_non_final": 1, "tokens_reasoning": 0, "tokens_response": 1, "elapsed_seconds": 0.13655972480773926, "judgement": "Way off"}
{"id": "basket_sum_001831", "topic": "basket_sum", "subtopic": "decimal_prices", "prompt": "You’re buying 3 items: $9.20, $7.83, $14.21. About how much will you pay (before tax)?", "exact_value": 31.24, "model": "qwen/qwen2.5-3b-instruct", "provider": "transformers", "response": "Final answer: 14.21", "numeric_answer": 14.21, "relative_error": 0.545134443021767, "thinking_text": null, "has_tool_call": false, "tool_call": null, "usage": {"prompt_tokens": 101, "completion_tokens": 10, "total_tokens": 111, "token_count_source": "tokenizer"}, "decoding": {"temperature": 0.2, "top_p": null, "top_k": null, "max_tokens": 256, "seed": 42}, "prompt_tokens": 101, "completion_tokens": 10, "total_tokens": 111, "token_count_source": "tokenizer", "diffusion_steps": null, "flops_estimate": null, "flops_arch": null, "flops_model_params": null, "flops_active_params": null, "tokens_non_final": 3, "tokens_reasoning": 0, "tokens_response": 3, "elapsed_seconds": 0.3584928512573242, "judgement": "Mildly off"}
{"id": "basket_sum_001851", "topic": "basket_sum", "subtopic": "decimal_prices", "prompt": "You’re buying 5 items: $6.62, $11.07, $7.07, $6.71, $19.00. About how much will you pay (before tax)?", "exact_value": 50.47, "model": "qwen/qwen2.5-3b-instruct", "provider": "transformers", "response": "6.62", "numeric_answer": 6.62, "relative_error": 0.8688329700812364, "thinking_text": null, "has_tool_call": false, "tool_call": null, "usage": {"prompt_tokens": 114, "completion_tokens": 5, "total_tokens": 119, "token_count_source": "tokenizer"}, "decoding": {"temperature": 0.2, "top_p": null, "top_k": null, "max_tokens": 256, "seed": 42}, "prompt_tokens": 114, "completion_tokens": 5, "total_tokens": 119, "token_count_source": "tokenizer", "diffusion_steps": null, "flops_estimate": null, "flops_arch": null, "flops_model_params": null, "flops_active_params": null, "tokens_non_final": 1, "tokens_reasoning": 0, "tokens_response": 1, "elapsed_seconds": 0.1693108081817627, "judgement": "Way off"}
{"id": "basket_sum_001871", "topic": "basket_sum", "subtopic": "decimal_prices", "prompt": "You’re buying 5 items: $6.25, $5.41, $5.02, $12.38, $15.22. About how much will you pay (before tax)?", "exact_value": 44.28, "model": "qwen/qwen2.5-3b-instruct", "provider": "transformers", "response": "6.25", "numeric_answer": 6.25, "relative_error": 0.8588527551942187, "thinking_text": null, "has_tool_call": false, "tool_call": null, "usage": {"prompt_tokens": 114, "completion_tokens": 5, "total_tokens": 119, "token_count_source": "tokenizer"}, "decoding": {"temperature": 0.2, "top_p": null, "top_k": null, "max_tokens": 256, "seed": 42}, "prompt_tokens": 114, "completion_tokens": 5, "total_tokens": 119, "token_count_source": "tokenizer", "diffusion_steps": null, "flops_estimate": null, "flops_arch": null, "flops_model_params": null, "flops_active_params": null, "tokens_non_final": 1, "tokens_reasoning": 0, "tokens_response": 1, "elapsed_seconds": 0.18554115295410156, "judgement": "Way off"}
{"id": "discounts_000183", "topic": "discounts", "subtopic": "buy_n_get_m", "prompt": "Buy 4 get 1 free on items priced $5.05 each. You take 6 total. About how much do you pay?", "exact_value": 25.25, "model": "qwen/qwen2.5-3b-instruct", "provider": "transformers", "response": "2.5", "numeric_answer": 2.5, "relative_error": 0.900990099009901, "thinking_text": null, "has_tool_call": false, "tool_call": null, "usage": {"prompt_tokens": 95, "completion_tokens": 4, "total_tokens": 99, "token_count_source": "tokenizer"}, "decoding": {"temperature": 0.2, "top_p": null, "top_k": null, "max_tokens": 256, "seed": 42}, "prompt_tokens": 95, "completion_tokens": 4, "total_tokens": 99, "token_count_source": "tokenizer", "diffusion_steps": null, "flops_estimate": null, "flops_arch": null, "flops_model_params": null, "flops_active_params": null, "tokens_non_final": 1, "tokens_reasoning": 0, "tokens_response": 1, "elapsed_seconds": 0.14972186088562012, "judgement": "Way off"}
{"id": "discounts_000203", "topic": "discounts", "subtopic": "threshold", "prompt": "Threshold coupon applies: $5 off $30+ spend. Cart: $27.77, $19.83, $30.00, $13.61. About how much do you pay?", "exact_value": 86.21, "model": "qwen/qwen2.5-3b-instruct", "provider": "transformers", "response": "Final answer: 5", "numeric_answer": 5.0, "relative_error": 0.9420020879248348, "thinking_text": null, "has_tool_call": false, "tool_call": null, "usage": {"prompt_tokens": 115, "completion_tokens": 6, "total_tokens": 121, "token_count_source": "tokenizer"}, "decoding": {"temperature": 0.2, "top_p": null, "top_k": null, "max_tokens": 256, "seed": 42}, "prompt_tokens": 115, "completion_tokens": 6, "total_tokens": 121, "token_count_source": "tokenizer", "diffusion_steps": null, "flops_estimate": null, "flops_arch": null, "flops_model_params": null, "flops_active_params": null, "tokens_non_final": 3, "tokens_reasoning": 0, "tokens_response": 3, "elapsed_seconds": 0.19901752471923828, "judgement": "Way off"}
{"id": "discounts_000223", "topic": "discounts", "subtopic": "threshold", "prompt": "Threshold coupon applies: $5 off $40+ spend. Cart: $7.86, $25.35, $26.15, $22.93, $33.93. About how much do you pay?", "exact_value": 111.22, "model": "qwen/qwen2.5-3b-instruct", "provider": "transformers", "response": "26.15", "numeric_answer": 26.15, "relative_error": 0.7648804171911526, "thinking_text": null, "has_tool_call": false, "tool_call": null, "usage": {"prompt_tokens": 121, "completion_tokens": 6, "total_tokens": 127, "token_count_source": "tokenizer"}, "decoding": {"temperature": 0.2, "top_p": null, "top_k": null, "max_tokens": 256, "seed": 42}, "prompt_tokens": 121, "completion_tokens": 6, "total_tokens": 127, "token_count_source": "tokenizer", "diffusion_steps": null, "flops_estimate": null, "flops_arch": null, "flops_model_params": null, "flops_active_params": null, "tokens_non_final": 1, "tokens_reasoning": 0, "tokens_response": 1, "elapsed_seconds": 0.19483566284179688, "judgement": "Way off"}
{"id": "discounts_000243", "topic": "discounts", "subtopic": "percent", "prompt": "Cart: $41.98, $22.60, $24.78, $44.56, $29.87. A 20% discount applies to everything. About how much do you pay?", "exact_value": 131.03, "model": "qwen/qwen2.5-3b-instruct", "provider": "transformers", "response": "44.56", "numeric_answer": 44.56, "relative_error": 0.659925207967641, "thinking_text": null, "has_tool_call": false, "tool_call": null, "usage": {"prompt_tokens": 119, "completion_tokens": 6, "total_tokens": 125, "token_count_source": "tokenizer"}, "decoding": {"temperature": 0.2, "top_p": null, "top_k": null, "max_tokens": 256, "seed": 42}, "prompt_tokens": 119, "completion_tokens": 6, "total_tokens": 125, "token_count_source": "tokenizer", "diffusion_steps": null, "flops_estimate": null, "flops_arch": null, "flops_model_params": null, "flops_active_params": null, "tokens_non_final": 1, "tokens_reasoning": 0, "tokens_response": 1, "elapsed_seconds": 0.22411441802978516, "judgement": "Way off"}
{"id": "discounts_000263", "topic": "discounts", "subtopic": "stacked", "prompt": "Stacked deal: 20% off, then $10 coupon if you spend $50 or more. Cart: $24.93, $20.51, $23.47. About how much do you pay?", "exact_value": 45.13, "model": "qwen/qwen2.5-3b-instruct", "provider": "transformers", "response": "Final answer: 24.93", "numeric_answer": 24.93, "relative_error": 0.4475958342565921, "thinking_text": null, "has_tool_call": false, "tool_call": null, "usage": {"prompt_tokens": 119, "completion_tokens": 10, "total_tokens": 129, "token_count_source": "tokenizer"}, "decoding": {"temperature": 0.2, "top_p": null, "top_k": null, "max_tokens": 256, "seed": 42}, "prompt_tokens": 119, "completion_tokens": 10, "total_tokens": 129, "token_count_source": "tokenizer", "diffusion_steps": null, "flops_estimate": null, "flops_arch": null, "flops_model_params": null, "flops_active_params": null, "tokens_non_final": 3, "tokens_reasoning": 0, "tokens_response": 3, "elapsed_seconds": 0.3428044319152832, "judgement": "Mildly off"}
{"id": "discounts_000283", "topic": "discounts", "subtopic": "threshold", "prompt": "Threshold coupon applies: $15 off $30+ spend. Cart: $27.33, $21.91, $39.19, $18.59. About how much do you pay?", "exact_value": 92.02, "model": "qwen/qwen2.5-3b-instruct", "provider": "transformers", "response": "Final answer: 27.33", "numeric_answer": 27.33, "relative_error": 0.702999347967833, "thinking_text": null, "has_tool_call": false, "tool_call": null, "usage": {"prompt_tokens": 116, "completion_tokens": 10, "total_tokens": 126, "token_count_source": "tokenizer"}, "decoding": {"temperature": 0.2, "top_p": null, "top_k": null, "max_tokens": 256, "seed": 42}, "prompt_tokens": 116, "completion_tokens": 10, "total_tokens": 126, "token_count_source": "tokenizer", "diffusion_steps": null, "flops_estimate": null, "flops_arch": null, "flops_model_params": null, "flops_active_params": null, "tokens_non_final": 3, "tokens_reasoning": 0, "tokens_response": 3, "elapsed_seconds": 0.3573892116546631, "judgement": "Way off"}
{"id": "discounts_000303", "topic": "discounts", "subtopic": "threshold", "prompt": "Threshold coupon applies: $10 off $40+ spend. Cart: $36.04, $15.68, $34.87. About how much do you pay?", "exact_value": 76.59, "model": "qwen/qwen2.5-3b-instruct", "provider": "transformers", "response": "Final answer: 34.87", "numeric_answer": 34.87, "relative_error": 0.5447186316751534, "thinking_text": null, "has_tool_call": false, "tool_call": null, "usage": {"prompt_tokens": 109, "completion_tokens": 10, "total_tokens": 119, "token_count_source": "tokenizer"}, "decoding": {"temperature": 0.2, "top_p": null, "top_k": null, "max_tokens": 256, "seed": 42}, "prompt_tokens": 109, "completion_tokens": 10, "total_tokens": 119, "token_count_source": "tokenizer", "diffusion_steps": null, "flops_estimate": null, "flops_arch": null, "flops_model_params": null, "flops_active_params": null, "tokens_non_final": 3, "tokens_reasoning": 0, "tokens_response": 3, "elapsed_seconds": 0.3753502368927002, "judgement": "Mildly off"}
{"id": "discounts_000323", "topic": "discounts", "subtopic": "stacked", "prompt": "Stacked deal: 20% off, then $5 coupon if you spend $50 or more. Cart: $37.30, $35.35, $7.26, $28.69, $36.32, $11.49. About how much do you pay?", "exact_value": 120.13, "model": "qwen/qwen2.5-3b-instruct", "provider": "transformers", "response": "Final answer: 36.32", "numeric_answer": 36.32, "relative_error": 0.697660867393657, "thinking_text": null, "has_tool_call": false, "tool_call": null, "usage": {"prompt_tokens": 138, "completion_tokens": 10, "total_tokens": 148, "token_count_source": "tokenizer"}, "decoding": {"temperature": 0.2, "top_p": null, "top_k": null, "max_tokens": 256, "seed": 42}, "prompt_tokens": 138, "completion_tokens": 10, "total_tokens": 148, "token_count_source": "tokenizer", "diffusion_steps": null, "flops_estimate": null, "flops_arch": null, "flops_model_params": null, "flops_active_params": null, "tokens_non_final": 3, "tokens_reasoning": 0, "tokens_response": 3, "elapsed_seconds": 0.32885050773620605, "judgement": "Way off"}
{"id": "discounts_000343", "topic": "discounts", "subtopic": "threshold", "prompt": "Threshold coupon applies: $5 off $30+ spend. Cart: $26.24, $32.30, $4.60, $26.47, $26.89. About how much do you pay?", "exact_value": 111.5, "model": "qwen/qwen2.5-3b-instruct", "provider": "transformers", "response": "26.47", "numeric_answer": 26.47, "relative_error": 0.7626008968609865, "thinking_text": null, "has_tool_call": false, "tool_call": null, "usage": {"prompt_tokens": 121, "completion_tokens": 6, "total_tokens": 127, "token_count_source": "tokenizer"}, "decoding": {"temperature": 0.2, "top_p": null, "top_k": null, "max_tokens": 256, "seed": 42}, "prompt_tokens": 121, "completion_tokens": 6, "total_tokens": 127, "token_count_source": "tokenizer", "diffusion_steps": null, "flops_estimate": null, "flops_arch": null, "flops_model_params": null, "flops_active_params": null, "tokens_non_final": 1, "tokens_reasoning": 0, "tokens_response": 1, "elapsed_seconds": 0.20149517059326172, "judgement": "Way off"}
{"id": "discounts_000363", "topic": "discounts", "subtopic": "threshold", "prompt": "Threshold coupon applies: $10 off $25+ spend. Cart: $8.84, $27.18, $39.97. About how much do you pay?", "exact_value": 65.99, "model": "qwen/qwen2.5-3b-instruct", "provider": "transformers", "response": "Final answer: 8.84", "numeric_answer": 8.84, "relative_error": 0.8660403091377481, "thinking_text": null, "has_tool_call": false, "tool_call": null, "usage": {"prompt_tokens": 108, "completion_tokens": 9, "total_tokens": 117, "token_count_source": "tokenizer"}, "decoding": {"temperature": 0.2, "top_p": null, "top_k": null, "max_tokens": 256, "seed": 42}, "prompt_tokens": 108, "completion_tokens": 9, "total_tokens": 117, "token_count_source": "tokenizer", "diffusion_steps": null, "flops_estimate": null, "flops_arch": null, "flops_model_params": null, "flops_active_params": null, "tokens_non_final": 3, "tokens_reasoning": 0, "tokens_response": 3, "elapsed_seconds": 0.31249117851257324, "judgement": "Way off"}
{"id": "discounts_000383", "topic": "discounts", "subtopic": "stacked", "prompt": "Stacked deal: 15% off, then $5 coupon if you spend $40 or more. Cart: $32.36, $39.44, $31.86. About how much do you pay?", "exact_value": 83.11, "model": "qwen/qwen2.5-3b-instruct", "provider": "transformers", "response": "Final answer: 3", "numeric_answer": 3.0, "relative_error": 0.96390326073878, "thinking_text": null, "has_tool_call": false, "tool_call": null, "usage": {"prompt_tokens": 118, "completion_tokens": 6, "total_tokens": 124, "token_count_source": "tokenizer"}, "decoding": {"temperature": 0.2, "top_p": null, "top_k": null, "max_tokens": 256, "seed": 42}, "prompt_tokens": 118, "completion_tokens": 6, "total_tokens": 124, "token_count_source": "tokenizer", "diffusion_steps": null, "flops_estimate": null, "flops_arch": null, "flops_model_params": null, "flops_active_params": null, "tokens_non_final": 3, "tokens_reasoning": 0, "tokens_response": 3, "elapsed_seconds": 0.19504523277282715, "judgement": "Way off"}
{"id": "discounts_000403", "topic": "discounts", "subtopic": "buy_n_get_m", "prompt": "Buy 4 get 3 free on items priced $7.01 each. You take 7 total. About how much do you pay?", "exact_value": 28.04, "model": "qwen/qwen2.5-3b-instruct", "provider": "transformers", "response": "2.4", "numeric_answer": 2.4, "relative_error": 0.9144079885877319, "thinking_text": null, "has_tool_call": false, "tool_call": null, "usage": {"prompt_tokens": 95, "completion_tokens": 4, "total_tokens": 99, "token_count_source": "tokenizer"}, "decoding": {"temperature": 0.2, "top_p": null, "top_k": null, "max_tokens": 256, "seed": 42}, "prompt_tokens": 95, "completion_tokens": 4, "total_tokens": 99, "token_count_source": "tokenizer", "diffusion_steps": null, "flops_estimate": null, "flops_arch": null, "flops_model_params": null, "flops_active_params": null, "tokens_non_final": 1, "tokens_reasoning": 0, "tokens_response": 1, "elapsed_seconds": 0.13734912872314453, "judgement": "Way off"}
{"id": "discounts_000423", "topic": "discounts", "subtopic": "threshold", "prompt": "Threshold coupon applies: $15 off $50+ spend. Cart: $37.39, $36.57. About how much do you pay?", "exact_value": 58.96, "model": "qwen/qwen2.5-3b-instruct", "provider": "transformers", "response": "37.39", "numeric_answer": 37.39, "relative_error": 0.3658412483039349, "thinking_text": null, "has_tool_call": false, "tool_call": null, "usage": {"prompt_tokens": 102, "completion_tokens": 6, "total_tokens": 108, "token_count_source": "tokenizer"}, "decoding": {"temperature": 0.2, "top_p": null, "top_k": null, "max_tokens": 256, "seed": 42}, "prompt_tokens": 102, "completion_tokens": 6, "total_tokens": 108, "token_count_source": "tokenizer", "diffusion_steps": null, "flops_estimate": null, "flops_arch": null, "flops_model_params": null, "flops_active_params": null, "tokens_non_final": 1, "tokens_reasoning": 0, "tokens_response": 1, "elapsed_seconds": 0.20391178131103516, "judgement": "Mildly off"}
{"id": "discounts_000443", "topic": "discounts", "subtopic": "threshold", "prompt": "Threshold coupon applies: $10 off $40+ spend. Cart: $11.05, $31.68, $27.63, $4.93, $26.15. About how much do you pay?", "exact_value": 91.44, "model": "qwen/qwen2.5-3b-instruct", "provider": "transformers", "response": "Final answer: 10", "numeric_answer": 10.0, "relative_error": 0.8906386701662292, "thinking_text": null, "has_tool_call": false, "tool_call": null, "usage": {"prompt_tokens": 122, "completion_tokens": 7, "total_tokens": 129, "token_count_source": "tokenizer"}, "decoding": {"temperature": 0.2, "top_p": null, "top_k": null, "max_tokens": 256, "seed": 42}, "prompt_tokens": 122, "completion_tokens": 7, "total_tokens": 129, "token_count_source": "tokenizer", "diffusion_steps": null, "flops_estimate": null, "flops_arch": null, "flops_model_params": null, "flops_active_params": null, "tokens_non_final": 3, "tokens_reasoning": 0, "tokens_response": 3, "elapsed_seconds": 0.22849512100219727, "judgement": "Way off"}
{"id": "discounts_000463", "topic": "discounts", "subtopic": "threshold", "prompt": "Threshold coupon applies: $5 off $30+ spend. Cart: $7.17, $14.56, $7.86, $33.78. About how much do you pay?", "exact_value": 58.37, "model": "qwen/qwen2.5-3b-instruct", "provider": "transformers", "response": "Final answer: 7.17", "numeric_answer": 7.17, "relative_error": 0.8771629261606989, "thinking_text": null, "has_tool_call": false, "tool_call": null, "usage": {"prompt_tokens": 113, "completion_tokens": 9, "total_tokens": 122, "token_count_source": "tokenizer"}, "decoding": {"temperature": 0.2, "top_p": null, "top_k": null, "max_tokens": 256, "seed": 42}, "prompt_tokens": 113, "completion_tokens": 9, "total_tokens": 122, "token_count_source": "tokenizer", "diffusion_steps": null, "flops_estimate": null, "flops_arch": null, "flops_model_params": null, "flops_active_params": null, "tokens_non_final": 3, "tokens_reasoning": 0, "tokens_response": 3, "elapsed_seconds": 0.29523754119873047, "judgement": "Way off"}
{"id": "discounts_000483", "topic": "discounts", "subtopic": "buy_n_get_m", "prompt": "Buy 3 get 3 free on items priced $2.85 each. You take 7 total. About how much do you pay?", "exact_value": 11.4, "model": "qwen/qwen2.5-3b-instruct", "provider": "transformers", "response": "1.85", "numeric_answer": 1.85, "relative_error": 0.8377192982456141, "thinking_text": null, "has_tool_call": false, "tool_call": null, "usage": {"prompt_tokens": 95, "completion_tokens": 5, "total_tokens": 100, "token_count_source": "tokenizer"}, "decoding": {"temperature": 0.2, "top_p": null, "top_k": null, "max_tokens": 256, "seed": 42}, "prompt_tokens": 95, "completion_tokens": 5, "total_tokens": 100, "token_count_source": "tokenizer", "diffusion_steps": null, "flops_estimate": null, "flops_arch": null, "flops_model_params": null, "flops_active_params": null, "tokens_non_final": 1, "tokens_reasoning": 0, "tokens_response": 1, "elapsed_seconds": 0.16857528686523438, "judgement": "Way off"}
{"id": "discounts_000503", "topic": "discounts", "subtopic": "stacked", "prompt": "Stacked deal: 20% off, then $5 coupon if you spend $30 or more. Cart: $29.58, $10.92, $29.18, $33.24, $8.11, $38.19. About how much do you pay?", "exact_value": 114.38, "model": "qwen/qwen2.5-3b-instruct", "provider": "transformers", "response": "Final answer: 29.58", "numeric_answer": 29.58, "relative_error": 0.7413883546074489, "thinking_text": null, "has_tool_call": false, "tool_call": null, "usage": {"prompt_tokens": 138, "completion_tokens": 10, "total_tokens": 148, "token_count_source": "tokenizer"}, "decoding": {"temperature": 0.2, "top_p": null, "top_k": null, "max_tokens": 256, "seed": 42}, "prompt_tokens": 138, "completion_tokens": 10, "total_tokens": 148, "token_count_source": "tokenizer", "diffusion_steps": null, "flops_estimate": null, "flops_arch": null, "flops_model_params": null, "flops_active_params": null, "tokens_non_final": 3, "tokens_reasoning": 0, "tokens_response": 3, "elapsed_seconds": 0.33158111572265625, "judgement": "Way off"}
{"id": "discounts_000523", "topic": "discounts", "subtopic": "bogo", "prompt": "BOGO sale (buy one, get one free; free item is the cheaper one in each pair). Items: $21.23, $17.95, $15.39, $10.11, $8.23, $4.52. About how much do you pay?", "exact_value": 44.85, "model": "qwen/qwen2.5-3b-instruct", "provider": "transformers", "response": "Final answer: 1.52", "numeric_answer": 1.52, "relative_error": 0.9661092530657748, "thinking_text": null, "has_tool_call": false, "tool_call": null, "usage": {"prompt_tokens": 135, "completion_tokens": 9, "total_tokens": 144, "token_count_source": "tokenizer"}, "decoding": {"temperature": 0.2, "top_p": null, "top_k": null, "max_tokens": 256, "seed": 42}, "prompt_tokens": 135, "completion_tokens": 9, "total_tokens": 144, "token_count_source": "tokenizer", "diffusion_steps": null, "flops_estimate": null, "flops_arch": null, "flops_model_params": null, "flops_active_params": null, "tokens_non_final": 3, "tokens_reasoning": 0, "tokens_response": 3, "elapsed_seconds": 0.29763007164001465, "judgement": "Way off"}
{"id": "discounts_000543", "topic": "discounts", "subtopic": "percent", "prompt": "Cart: $30.85, $43.81, $8.07. A 20% discount applies to everything. About how much do you pay?", "exact_value": 66.18, "model": "qwen/qwen2.5-3b-instruct", "provider": "transformers", "response": "9.85", "numeric_answer": 9.85, "relative_error": 0.8511634935025687, "thinking_text": null, "has_tool_call": false, "tool_call": null, "usage": {"prompt_tokens": 104, "completion_tokens": 5, "total_tokens": 109, "token_count_source": "tokenizer"}, "decoding": {"temperature": 0.2, "top_p": null, "top_k": null, "max_tokens": 256, "seed": 42}, "prompt_tokens": 104, "completion_tokens": 5, "total_tokens": 109, "token_count_source": "tokenizer", "diffusion_steps": null, "flops_estimate": null, "flops_arch": null, "flops_model_params": null, "flops_active_params": null, "tokens_non_final": 1, "tokens_reasoning": 0, "tokens_response": 1, "elapsed_seconds": 0.1935122013092041, "judgement": "Way off"}
{"id": "discounts_000563", "topic": "discounts", "subtopic": "threshold", "prompt": "Threshold coupon applies: $5 off $30+ spend. Cart: $4.94, $20.81, $22.55. About how much do you pay?", "exact_value": 43.3, "model": "qwen/qwen2.5-3b-instruct", "provider": "transformers", "response": "4.94", "numeric_answer": 4.94, "relative_error": 0.8859122401847576, "thinking_text": null, "has_tool_call": false, "tool_call": null, "usage": {"prompt_tokens": 107, "completion_tokens": 5, "total_tokens": 112, "token_count_source": "tokenizer"}, "decoding": {"temperature": 0.2, "top_p": null, "top_k": null, "max_tokens": 256, "seed": 42}, "prompt_tokens": 107, "completion_tokens": 5, "total_tokens": 112, "token_count_source": "tokenizer", "diffusion_steps": null, "flops_estimate": null, "flops_arch": null, "flops_model_params": null, "flops_active_params": null, "tokens_non_final": 1, "tokens_reasoning": 0, "tokens_response": 1, "elapsed_seconds": 0.18738079071044922, "judgement": "Way off"}
{"id": "discounts_000583", "topic": "discounts", "subtopic": "buy_n_get_m", "prompt": "Buy 5 get 3 free on items priced $4.97 each. You take 16 total. About how much do you pay?", "exact_value": 49.7, "model": "qwen/qwen2.5-3b-instruct", "provider": "transformers", "response": "2.9", "numeric_answer": 2.9, "relative_error": 0.9416498993963783, "thinking_text": null, "has_tool_call": false, "tool_call": null, "usage": {"prompt_tokens": 96, "completion_tokens": 4, "total_tokens": 100, "token_count_source": "tokenizer"}, "decoding": {"temperature": 0.2, "top_p": null, "top_k": null, "max_tokens": 256, "seed": 42}, "prompt_tokens": 96, "completion_tokens": 4, "total_tokens": 100, "token_count_source": "tokenizer", "diffusion_steps": null, "flops_estimate": null, "flops_arch": null, "flops_model_params": null, "flops_active_params": null, "tokens_non_final": 1, "tokens_reasoning": 0, "tokens_response": 1, "elapsed_seconds": 0.13615155220031738, "judgement": "Way off"}
{"id": "discounts_000603", "topic": "discounts", "subtopic": "bogo", "prompt": "BOGO sale (buy one, get one free; free item is the cheaper one in each pair). Items: $18.16, $13.58, $11.14, $8.88, $4.45. About how much do you pay?", "exact_value": 33.75, "model": "qwen/qwen2.5-3b-instruct", "provider": "transformers", "response": "Final answer: 13.58", "numeric_answer": 13.58, "relative_error": 0.5976296296296297, "thinking_text": null, "has_tool_call": false, "tool_call": null, "usage": {"prompt_tokens": 128, "completion_tokens": 10, "total_tokens": 138, "token_count_source": "tokenizer"}, "decoding": {"temperature": 0.2, "top_p": null, "top_k": null, "max_tokens": 256, "seed": 42}, "prompt_tokens": 128, "completion_tokens": 10, "total_tokens": 138, "token_count_source": "tokenizer", "diffusion_steps": null, "flops_estimate": null, "flops_arch": null, "flops_model_params": null, "flops_active_params": null, "tokens_non_final": 3, "tokens_reasoning": 0, "tokens_response": 3, "elapsed_seconds": 0.33138537406921387, "judgement": "Mildly off"}
{"id": "discounts_000623", "topic": "discounts", "subtopic": "bogo", "prompt": "BOGO sale (buy one, get one free; free item is the cheaper one in each pair). Items: $21.85, $18.63, $17.86, $11.60, $9.53. About how much do you pay?", "exact_value": 49.24, "model": "qwen/qwen2.5-3b-instruct", "provider": "transformers", "response": "Final answer: 1.60", "numeric_answer": 1.6, "relative_error": 0.9675060926076361, "thinking_text": null, "has_tool_call": false, "tool_call": null, "usage": {"prompt_tokens": 129, "completion_tokens": 9, "total_tokens": 138, "token_count_source": "tokenizer"}, "decoding": {"temperature": 0.2, "top_p": null, "top_k": null, "max_tokens": 256, "seed": 42}, "prompt_tokens": 129, "completion_tokens": 9, "total_tokens": 138, "token_count_source": "tokenizer", "diffusion_steps": null, "flops_estimate": null, "flops_arch": null, "flops_model_params": null, "flops_active_params": null, "tokens_non_final": 3, "tokens_reasoning": 0, "tokens_response": 3, "elapsed_seconds": 0.3002750873565674, "judgement": "Way off"}
{"id": "discounts_000643", "topic": "discounts", "subtopic": "buy_n_get_m", "prompt": "Buy 5 get 1 free on items priced $4.62 each. You take 12 total. About how much do you pay?", "exact_value": 46.2, "model": "qwen/qwen2.5-3b-instruct", "provider": "transformers", "response": "4.62", "numeric_answer": 4.62, "relative_error": 0.9, "thinking_text": null, "has_tool_call": false, "tool_call": null, "usage": {"prompt_tokens": 96, "completion_tokens": 5, "total_tokens": 101, "token_count_source": "tokenizer"}, "decoding": {"temperature": 0.2, "top_p": null, "top_k": null, "max_tokens": 256, "seed": 42}, "prompt_tokens": 96, "completion_tokens": 5, "total_tokens": 101, "token_count_source": "tokenizer", "diffusion_steps": null, "flops_estimate": null, "flops_arch": null, "flops_model_params": null, "flops_active_params": null, "tokens_non_final": 1, "tokens_reasoning": 0, "tokens_response": 1, "elapsed_seconds": 0.1903386116027832, "judgement": "Way off"}
{"id": "discounts_000663", "topic": "discounts", "subtopic": "stacked", "prompt": "Stacked deal: 15% off, then $5 coupon if you spend $50 or more. Cart: $16.58, $23.77, $10.19. About how much do you pay?", "exact_value": 42.96, "model": "qwen/qwen2.5-3b-instruct", "provider": "transformers", "response": "16.58", "numeric_answer": 16.58, "relative_error": 0.6140595903165736, "thinking_text": null, "has_tool_call": false, "tool_call": null, "usage": {"prompt_tokens": 118, "completion_tokens": 6, "total_tokens": 124, "token_count_source": "tokenizer"}, "decoding": {"temperature": 0.2, "top_p": null, "top_k": null, "max_tokens": 256, "seed": 42}, "prompt_tokens": 118, "completion_tokens": 6, "total_tokens": 124, "token_count_source": "tokenizer", "diffusion_steps": null, "flops_estimate": null, "flops_arch": null, "flops_model_params": null, "flops_active_params": null, "tokens_non_final": 1, "tokens_reasoning": 0, "tokens_response": 1, "elapsed_seconds": 0.1946108341217041, "judgement": "Way off"}
{"id": "discounts_000683", "topic": "discounts", "subtopic": "percent", "prompt": "Cart: $27.44, $47.42, $41.38, $11.58, $35.37. A 25% discount applies to everything. About how much do you pay?", "exact_value": 122.39, "model": "qwen/qwen2.5-3b-instruct", "provider": "transformers", "response": "Final answer: 2.64", "numeric_answer": 2.64, "relative_error": 0.9784296102622764, "thinking_text": null, "has_tool_call": false, "tool_call": null, "usage": {"prompt_tokens": 119, "completion_tokens": 9, "total_tokens": 128, "token_count_source": "tokenizer"}, "decoding": {"temperature": 0.2, "top_p": null, "top_k": null, "max_tokens": 256, "seed": 42}, "prompt_tokens": 119, "completion_tokens": 9, "total_tokens": 128, "token_count_source": "tokenizer", "diffusion_steps": null, "flops_estimate": null, "flops_arch": null, "flops_model_params": null, "flops_active_params": null, "tokens_non_final": 3, "tokens_reasoning": 0, "tokens_response": 3, "elapsed_seconds": 0.3011035919189453, "judgement": "Way off"}
{"id": "discounts_000703", "topic": "discounts", "subtopic": "percent", "prompt": "Cart: $19.91, $32.12, $19.55, $20.11, $21.65. A 15% discount applies to everything. About how much do you pay?", "exact_value": 96.34, "model": "qwen/qwen2.5-3b-instruct", "provider": "transformers", "response": "19.91", "numeric_answer": 19.91, "relative_error": 0.793336101307868, "thinking_text": null, "has_tool_call": false, "tool_call": null, "usage": {"prompt_tokens": 119, "completion_tokens": 6, "total_tokens": 125, "token_count_source": "tokenizer"}, "decoding": {"temperature": 0.2, "top_p": null, "top_k": null, "max_tokens": 256, "seed": 42}, "prompt_tokens": 119, "completion_tokens": 6, "total_tokens": 125, "token_count_source": "tokenizer", "diffusion_steps": null, "flops_estimate": null, "flops_arch": null, "flops_model_params": null, "flops_active_params": null, "tokens_non_final": 1, "tokens_reasoning": 0, "tokens_response": 1, "elapsed_seconds": 0.19862079620361328, "judgement": "Way off"}
{"id": "discounts_000723", "topic": "discounts", "subtopic": "percent", "prompt": "Cart: $48.29, $29.75, $30.14, $33.26, $21.69. A 25% discount applies to everything. About how much do you pay?", "exact_value": 122.35, "model": "qwen/qwen2.5-3b-instruct", "provider": "transformers", "response": "48.29", "numeric_answer": 48.29, "relative_error": 0.6053126277073969, "thinking_text": null, "has_tool_call": false, "tool_call": null, "usage": {"prompt_tokens": 119, "completion_tokens": 6, "total_tokens": 125, "token_count_source": "tokenizer"}, "decoding": {"temperature": 0.2, "top_p": null, "top_k": null, "max_tokens": 256, "seed": 42}, "prompt_tokens": 119, "completion_tokens": 6, "total_tokens": 125, "token_count_source": "tokenizer", "diffusion_steps": null, "flops_estimate": null, "flops_arch": null, "flops_model_params": null, "flops_active_params": null, "tokens_non_final": 1, "tokens_reasoning": 0, "tokens_response": 1, "elapsed_seconds": 0.20757031440734863, "judgement": "Way off"}
{"id": "discounts_000743", "topic": "discounts", "subtopic": "bogo", "prompt": "BOGO sale (buy one, get one free; free item is the cheaper one in each pair). Items: $22.88, $9.78. About how much do you pay?", "exact_value": 22.88, "model": "qwen/qwen2.5-3b-instruct", "provider": "transformers", "response": "Final answer: 9.78", "numeric_answer": 9.78, "relative_error": 0.5725524475524476, "thinking_text": null, "has_tool_call": false, "tool_call": null, "usage": {"prompt_tokens": 108, "completion_tokens": 9, "total_tokens": 117, "token_count_source": "tokenizer"}, "decoding": {"temperature": 0.2, "top_p": null, "top_k": null, "max_tokens": 256, "seed": 42}, "prompt_tokens": 108, "completion_tokens": 9, "total_tokens": 117, "token_count_source": "tokenizer", "diffusion_steps": null, "flops_estimate": null, "flops_arch": null, "flops_model_params": null, "flops_active_params": null, "tokens_non_final": 3, "tokens_reasoning": 0, "tokens_response": 3, "elapsed_seconds": 0.2934885025024414, "judgement": "Mildly off"}
{"id": "discounts_000763", "topic": "discounts", "subtopic": "bogo", "prompt": "BOGO sale (buy one, get one free; free item is the cheaper one in each pair). Items: $11.36, $1.82. About how much do you pay?", "exact_value": 11.36, "model": "qwen/qwen2.5-3b-instruct", "provider": "transformers", "response": "Final answer: 1.82", "numeric_answer": 1.82, "relative_error": 0.8397887323943661, "thinking_text": null, "has_tool_call": false, "tool_call": null, "usage": {"prompt_tokens": 108, "completion_tokens": 9, "total_tokens": 117, "token_count_source": "tokenizer"}, "decoding": {"temperature": 0.2, "top_p": null, "top_k": null, "max_tokens": 256, "seed": 42}, "prompt_tokens": 108, "completion_tokens": 9, "total_tokens": 117, "token_count_source": "tokenizer", "diffusion_steps": null, "flops_estimate": null, "flops_arch": null, "flops_model_params": null, "flops_active_params": null, "tokens_non_final": 3, "tokens_reasoning": 0, "tokens_response": 3, "elapsed_seconds": 0.29083847999572754, "judgement": "Way off"}
{"id": "discounts_000783", "topic": "discounts", "subtopic": "stacked", "prompt": "Stacked deal: 15% off, then $10 coupon if you spend $30 or more. Cart: $37.23, $37.65, $36.92, $14.32, $6.23. About how much do you pay?", "exact_value": 102.5, "model": "qwen/qwen2.5-3b-instruct", "provider": "transformers", "response": "8.6", "numeric_answer": 8.6, "relative_error": 0.9160975609756098, "thinking_text": null, "has_tool_call": false, "tool_call": null, "usage": {"prompt_tokens": 132, "completion_tokens": 4, "total_tokens": 136, "token_count_source": "tokenizer"}, "decoding": {"temperature": 0.2, "top_p": null, "top_k": null, "max_tokens": 256, "seed": 42}, "prompt_tokens": 132, "completion_tokens": 4, "total_tokens": 136, "token_count_source": "tokenizer", "diffusion_steps": null, "flops_estimate": null, "flops_arch": null, "flops_model_params": null, "flops_active_params": null, "tokens_non_final": 1, "tokens_reasoning": 0, "tokens_response": 1, "elapsed_seconds": 0.13470458984375, "judgement": "Way off"}
{"id": "discounts_000803", "topic": "discounts", "subtopic": "bogo", "prompt": "BOGO sale (buy one, get one free; free item is the cheaper one in each pair). Items: $23.07, $19.42, $17.76, $16.24, $13.92, $4.39. About how much do you pay?", "exact_value": 54.75, "model": "qwen/qwen2.5-3b-instruct", "provider": "transformers", "response": "Final answer: 17.76", "numeric_answer": 17.76, "relative_error": 0.6756164383561643, "thinking_text": null, "has_tool_call": false, "tool_call": null, "usage": {"prompt_tokens": 136, "completion_tokens": 10, "total_tokens": 146, "token_count_source": "tokenizer"}, "decoding": {"temperature": 0.2, "top_p": null, "top_k": null, "max_tokens": 256, "seed": 42}, "prompt_tokens": 136, "completion_tokens": 10, "total_tokens": 146, "token_count_source": "tokenizer", "diffusion_steps": null, "flops_estimate": null, "flops_arch": null, "flops_model_params": null, "flops_active_params": null, "tokens_non_final": 3, "tokens_reasoning": 0, "tokens_response": 3, "elapsed_seconds": 0.36116480827331543, "judgement": "Way off"}
{"id": "discounts_000823", "topic": "discounts", "subtopic": "stacked", "prompt": "Stacked deal: 20% off, then $10 coupon if you spend $30 or more. Cart: $8.48, $35.86, $5.64, $31.66, $9.45. About how much do you pay?", "exact_value": 62.87, "model": "qwen/qwen2.5-3b-instruct", "provider": "transformers", "response": "Final answer: 8.48", "numeric_answer": 8.48, "relative_error": 0.8651184984889455, "thinking_text": null, "has_tool_call": false, "tool_call": null, "usage": {"prompt_tokens": 130, "completion_tokens": 9, "total_tokens": 139, "token_count_source": "tokenizer"}, "decoding": {"temperature": 0.2, "top_p": null, "top_k": null, "max_tokens": 256, "seed": 42}, "prompt_tokens": 130, "completion_tokens": 9, "total_tokens": 139, "token_count_source": "tokenizer", "diffusion_steps": null, "flops_estimate": null, "flops_arch": null, "flops_model_params": null, "flops_active_params": null, "tokens_non_final": 3, "tokens_reasoning": 0, "tokens_response": 3, "elapsed_seconds": 0.30949974060058594, "judgement": "Way off"}
{"id": "discounts_000843", "topic": "discounts", "subtopic": "buy_n_get_m", "prompt": "Buy 4 get 2 free on items priced $5.03 each. You take 9 total. About how much do you pay?", "exact_value": 35.21, "model": "qwen/qwen2.5-3b-instruct", "provider": "transformers", "response": "1.0", "numeric_answer": 1.0, "relative_error": 0.9715989775631922, "thinking_text": null, "has_tool_call": false, "tool_call": null, "usage": {"prompt_tokens": 95, "completion_tokens": 4, "total_tokens": 99, "token_count_source": "tokenizer"}, "decoding": {"temperature": 0.2, "top_p": null, "top_k": null, "max_tokens": 256, "seed": 42}, "prompt_tokens": 95, "completion_tokens": 4, "total_tokens": 99, "token_count_source": "tokenizer", "diffusion_steps": null, "flops_estimate": null, "flops_arch": null, "flops_model_params": null, "flops_active_params": null, "tokens_non_final": 1, "tokens_reasoning": 0, "tokens_response": 1, "elapsed_seconds": 0.14660048484802246, "judgement": "Way off"}
{"id": "discounts_000863", "topic": "discounts", "subtopic": "threshold", "prompt": "Threshold coupon applies: $10 off $25+ spend. Cart: $34.92, $8.51, $12.79. About how much do you pay?", "exact_value": 46.22, "model": "qwen/qwen2.5-3b-instruct", "provider": "transformers", "response": "Final answer: 34", "numeric_answer": 34.0, "relative_error": 0.2643877109476417, "thinking_text": null, "has_tool_call": false, "tool_call": null, "usage": {"prompt_tokens": 108, "completion_tokens": 7, "total_tokens": 115, "token_count_source": "tokenizer"}, "decoding": {"temperature": 0.2, "top_p": null, "top_k": null, "max_tokens": 256, "seed": 42}, "prompt_tokens": 108, "completion_tokens": 7, "total_tokens": 115, "token_count_source": "tokenizer", "diffusion_steps": null, "flops_estimate": null, "flops_arch": null, "flops_model_params": null, "flops_active_params": null, "tokens_non_final": 3, "tokens_reasoning": 0, "tokens_response": 3, "elapsed_seconds": 0.23465561866760254, "judgement": "Mildly off"}
{"id": "discounts_000883", "topic": "discounts", "subtopic": "percent", "prompt": "Cart: $39.81, $20.15, $41.33, $23.55, $23.05. A 25% discount applies to everything. About how much do you pay?", "exact_value": 110.92, "model": "qwen/qwen2.5-3b-instruct", "provider": "transformers", "response": "Final answer: 39.81", "numeric_answer": 39.81, "relative_error": 0.6410926794085827, "thinking_text": null, "has_tool_call": false, "tool_call": null, "usage": {"prompt_tokens": 119, "completion_tokens": 10, "total_tokens": 129, "token_count_source": "tokenizer"}, "decoding": {"temperature": 0.2, "top_p": null, "top_k": null, "max_tokens": 256, "seed": 42}, "prompt_tokens": 119, "completion_tokens": 10, "total_tokens": 129, "token_count_source": "tokenizer", "diffusion_steps": null, "flops_estimate": null, "flops_arch": null, "flops_model_params": null, "flops_active_params": null, "tokens_non_final": 3, "tokens_reasoning": 0, "tokens_response": 3, "elapsed_seconds": 0.32754063606262207, "judgement": "Way off"}
{"id": "discounts_000903", "topic": "discounts", "subtopic": "percent", "prompt": "Cart: $12.50, $16.62, $17.19. A 10% discount applies to everything. About how much do you pay?", "exact_value": 41.68, "model": "qwen/qwen2.5-3b-instruct", "provider": "transformers", "response": "1.250", "numeric_answer": 1.25, "relative_error": 0.9700095969289827, "thinking_text": null, "has_tool_call": false, "tool_call": null, "usage": {"prompt_tokens": 105, "completion_tokens": 6, "total_tokens": 111, "token_count_source": "tokenizer"}, "decoding": {"temperature": 0.2, "top_p": null, "top_k": null, "max_tokens": 256, "seed": 42}, "prompt_tokens": 105, "completion_tokens": 6, "total_tokens": 111, "token_count_source": "tokenizer", "diffusion_steps": null, "flops_estimate": null, "flops_arch": null, "flops_model_params": null, "flops_active_params": null, "tokens_non_final": 1, "tokens_reasoning": 0, "tokens_response": 1, "elapsed_seconds": 0.19395232200622559, "judgement": "Way off"}
{"id": "discounts_000923", "topic": "discounts", "subtopic": "bogo", "prompt": "BOGO sale (buy one, get one free; free item is the cheaper one in each pair). Items: $10.61, $2.49. About how much do you pay?", "exact_value": 10.61, "model": "qwen/qwen2.5-3b-instruct", "provider": "transformers", "response": "Final answer: 1.61", "numeric_answer": 1.61, "relative_error": 0.8482563619227145, "thinking_text": null, "has_tool_call": false, "tool_call": null, "usage": {"prompt_tokens": 108, "completion_tokens": 9, "total_tokens": 117, "token_count_source": "tokenizer"}, "decoding": {"temperature": 0.2, "top_p": null, "top_k": null, "max_tokens": 256, "seed": 42}, "prompt_tokens": 108, "completion_tokens": 9, "total_tokens": 117, "token_count_source": "tokenizer", "diffusion_steps": null, "flops_estimate": null, "flops_arch": null, "flops_model_params": null, "flops_active_params": null, "tokens_non_final": 3, "tokens_reasoning": 0, "tokens_response": 3, "elapsed_seconds": 0.32293701171875, "judgement": "Way off"}
{"id": "discounts_000943", "topic": "discounts", "subtopic": "stacked", "prompt": "Stacked deal: 20% off, then $5 coupon if you spend $50 or more. Cart: $22.54, $15.03, $37.69. About how much do you pay?", "exact_value": 55.21, "model": "qwen/qwen2.5-3b-instruct", "provider": "transformers", "response": "Final answer: 22.54", "numeric_answer": 22.54, "relative_error": 0.5917406266980619, "thinking_text": null, "has_tool_call": false, "tool_call": null, "usage": {"prompt_tokens": 118, "completion_tokens": 10, "total_tokens": 128, "token_count_source": "tokenizer"}, "decoding": {"temperature": 0.2, "top_p": null, "top_k": null, "max_tokens": 256, "seed": 42}, "prompt_tokens": 118, "completion_tokens": 10, "total_tokens": 128, "token_count_source": "tokenizer", "diffusion_steps": null, "flops_estimate": null, "flops_arch": null, "flops_model_params": null, "flops_active_params": null, "tokens_non_final": 3, "tokens_reasoning": 0, "tokens_response": 3, "elapsed_seconds": 0.3535900115966797, "judgement": "Mildly off"}
{"id": "discounts_000963", "topic": "discounts", "subtopic": "bogo", "prompt": "BOGO sale (buy one, get one free; free item is the cheaper one in each pair). Items: $23.00, $20.02, $17.46, $6.49, $2.60. About how much do you pay?", "exact_value": 43.06, "model": "qwen/qwen2.5-3b-instruct", "provider": "transformers", "response": "Final answer: 1.4", "numeric_answer": 1.4, "relative_error": 0.967487227124942, "thinking_text": null, "has_tool_call": false, "tool_call": null, "usage": {"prompt_tokens": 128, "completion_tokens": 8, "total_tokens": 136, "token_count_source": "tokenizer"}, "decoding": {"temperature": 0.2, "top_p": null, "top_k": null, "max_tokens": 256, "seed": 42}, "prompt_tokens": 128, "completion_tokens": 8, "total_tokens": 136, "token_count_source": "tokenizer", "diffusion_steps": null, "flops_estimate": null, "flops_arch": null, "flops_model_params": null, "flops_active_params": null, "tokens_non_final": 3, "tokens_reasoning": 0, "tokens_response": 3, "elapsed_seconds": 0.28791022300720215, "judgement": "Way off"}
{"id": "discounts_000983", "topic": "discounts", "subtopic": "bogo", "prompt": "BOGO sale (buy one, get one free; free item is the cheaper one in each pair). Items: $17.50, $15.22, $8.66. About how much do you pay?", "exact_value": 26.16, "model": "qwen/qwen2.5-3b-instruct", "provider": "transformers", "response": "15.22", "numeric_answer": 15.22, "relative_error": 0.4181957186544342, "thinking_text": null, "has_tool_call": false, "tool_call": null, "usage": {"prompt_tokens": 115, "completion_tokens": 6, "total_tokens": 121, "token_count_source": "tokenizer"}, "decoding": {"temperature": 0.2, "top_p": null, "top_k": null, "max_tokens": 256, "seed": 42}, "prompt_tokens": 115, "completion_tokens": 6, "total_tokens": 121, "token_count_source": "tokenizer", "diffusion_steps": null, "flops_estimate": null, "flops_arch": null, "flops_model_params": null, "flops_active_params": null, "tokens_non_final": 1, "tokens_reasoning": 0, "tokens_response": 1, "elapsed_seconds": 0.21727824211120605, "judgement": "Mildly off"}
{"id": "discounts_001003", "topic": "discounts", "subtopic": "bogo", "prompt": "BOGO sale (buy one, get one free; free item is the cheaper one in each pair). Items: $22.78, $21.06, $17.56, $9.49, $3.73, $1.89. About how much do you pay?", "exact_value": 44.07, "model": "qwen/qwen2.5-3b-instruct", "provider": "transformers", "response": "Final answer: 1.89", "numeric_answer": 1.89, "relative_error": 0.9571136827773996, "thinking_text": null, "has_tool_call": false, "tool_call": null, "usage": {"prompt_tokens": 134, "completion_tokens": 9, "total_tokens": 143, "token_count_source": "tokenizer"}, "decoding": {"temperature": 0.2, "top_p": null, "top_k": null, "max_tokens": 256, "seed": 42}, "prompt_tokens": 134, "completion_tokens": 9, "total_tokens": 143, "token_count_source": "tokenizer", "diffusion_steps": null, "flops_estimate": null, "flops_arch": null, "flops_model_params": null, "flops_active_params": null, "tokens_non_final": 3, "tokens_reasoning": 0, "tokens_response": 3, "elapsed_seconds": 0.31624269485473633, "judgement": "Way off"}
{"id": "discounts_001023", "topic": "discounts", "subtopic": "buy_n_get_m", "prompt": "Buy 4 get 1 free on items priced $2.87 each. You take 8 total. About how much do you pay?", "exact_value": 20.09, "model": "qwen/qwen2.5-3b-instruct", "provider": "transformers", "response": "4", "numeric_answer": 4.0, "relative_error": 0.800895968143355, "thinking_text": null, "has_tool_call": false, "tool_call": null, "usage": {"prompt_tokens": 95, "completion_tokens": 2, "total_tokens": 97, "token_count_source": "tokenizer"}, "decoding": {"temperature": 0.2, "top_p": null, "top_k": null, "max_tokens": 256, "seed": 42}, "prompt_tokens": 95, "completion_tokens": 2, "total_tokens": 97, "token_count_source": "tokenizer", "diffusion_steps": null, "flops_estimate": null, "flops_arch": null, "flops_model_params": null, "flops_active_params": null, "tokens_non_final": 1, "tokens_reasoning": 0, "tokens_response": 1, "elapsed_seconds": 0.07572388648986816, "judgement": "Way off"}
{"id": "discounts_001043", "topic": "discounts", "subtopic": "threshold", "prompt": "Threshold coupon applies: $5 off $25+ spend. Cart: $35.97, $4.76, $38.83, $33.01. About how much do you pay?", "exact_value": 107.57, "model": "qwen/qwen2.5-3b-instruct", "provider": "transformers", "response": "33.01", "numeric_answer": 33.01, "relative_error": 0.693130054848006, "thinking_text": null, "has_tool_call": false, "tool_call": null, "usage": {"prompt_tokens": 114, "completion_tokens": 6, "total_tokens": 120, "token_count_source": "tokenizer"}, "decoding": {"temperature": 0.2, "top_p": null, "top_k": null, "max_tokens": 256, "seed": 42}, "prompt_tokens": 114, "completion_tokens": 6, "total_tokens": 120, "token_count_source": "tokenizer", "diffusion_steps": null, "flops_estimate": null, "flops_arch": null, "flops_model_params": null, "flops_active_params": null, "tokens_non_final": 1, "tokens_reasoning": 0, "tokens_response": 1, "elapsed_seconds": 0.2176816463470459, "judgement": "Way off"}
{"id": "discounts_001063", "topic": "discounts", "subtopic": "stacked", "prompt": "Stacked deal: 10% off, then $5 coupon if you spend $30 or more. Cart: $3.36, $20.19, $25.37. About how much do you pay?", "exact_value": 39.03, "model": "qwen/qwen2.5-3b-instruct", "provider": "transformers", "response": "Final answer: 2.36", "numeric_answer": 2.36, "relative_error": 0.9395336920317704, "thinking_text": null, "has_tool_call": false, "tool_call": null, "usage": {"prompt_tokens": 117, "completion_tokens": 9, "total_tokens": 126, "token_count_source": "tokenizer"}, "decoding": {"temperature": 0.2, "top_p": null, "top_k": null, "max_tokens": 256, "seed": 42}, "prompt_tokens": 117, "completion_tokens": 9, "total_tokens": 126, "token_count_source": "tokenizer", "diffusion_steps": null, "flops_estimate": null, "flops_arch": null, "flops_model_params": null, "flops_active_params": null, "tokens_non_final": 3, "tokens_reasoning": 0, "tokens_response": 3, "elapsed_seconds": 0.3141648769378662, "judgement": "Way off"}
{"id": "discounts_001083", "topic": "discounts", "subtopic": "stacked", "prompt": "Stacked deal: 10% off, then $10 coupon if you spend $40 or more. Cart: $21.15, $25.92, $23.98. About how much do you pay?", "exact_value": 53.95, "model": "qwen/qwen2.5-3b-instruct", "provider": "transformers", "response": "Final answer: 2", "numeric_answer": 2.0, "relative_error": 0.9629286376274329, "thinking_text": null, "has_tool_call": false, "tool_call": null, "usage": {"prompt_tokens": 119, "completion_tokens": 6, "total_tokens": 125, "token_count_source": "tokenizer"}, "decoding": {"temperature": 0.2, "top_p": null, "top_k": null, "max_tokens": 256, "seed": 42}, "prompt_tokens": 119, "completion_tokens": 6, "total_tokens": 125, "token_count_source": "tokenizer", "diffusion_steps": null, "flops_estimate": null, "flops_arch": null, "flops_model_params": null, "flops_active_params": null, "tokens_non_final": 3, "tokens_reasoning": 0, "tokens_response": 3, "elapsed_seconds": 0.21288418769836426, "judgement": "Way off"}
{"id": "discounts_001103", "topic": "discounts", "subtopic": "threshold", "prompt": "Threshold coupon applies: $10 off $40+ spend. Cart: $20.06, $17.49. About how much do you pay?", "exact_value": 37.55, "model": "qwen/qwen2.5-3b-instruct", "provider": "transformers", "response": "Final answer: 20.6", "numeric_answer": 20.6, "relative_error": 0.45139813581890803, "thinking_text": null, "has_tool_call": false, "tool_call": null, "usage": {"prompt_tokens": 102, "completion_tokens": 9, "total_tokens": 111, "token_count_source": "tokenizer"}, "decoding": {"temperature": 0.2, "top_p": null, "top_k": null, "max_tokens": 256, "seed": 42}, "prompt_tokens": 102, "completion_tokens": 9, "total_tokens": 111, "token_count_source": "tokenizer", "diffusion_steps": null, "flops_estimate": null, "flops_arch": null, "flops_model_params": null, "flops_active_params": null, "tokens_non_final": 3, "tokens_reasoning": 0, "tokens_response": 3, "elapsed_seconds": 0.31745433807373047, "judgement": "Mildly off"}
{"id": "discounts_001123", "topic": "discounts", "subtopic": "threshold", "prompt": "Threshold coupon applies: $15 off $50+ spend. Cart: $18.18, $39.52, $22.33. About how much do you pay?", "exact_value": 65.03, "model": "qwen/qwen2.5-3b-instruct", "provider": "transformers", "response": "Final answer: 18", "numeric_answer": 18.0, "relative_error": 0.7232046747654929, "thinking_text": null, "has_tool_call": false, "tool_call": null, "usage": {"prompt_tokens": 109, "completion_tokens": 7, "total_tokens": 116, "token_count_source": "tokenizer"}, "decoding": {"temperature": 0.2, "top_p": null, "top_k": null, "max_tokens": 256, "seed": 42}, "prompt_tokens": 109, "completion_tokens": 7, "total_tokens": 116, "token_count_source": "tokenizer", "diffusion_steps": null, "flops_estimate": null, "flops_arch": null, "flops_model_params": null, "flops_active_params": null, "tokens_non_final": 3, "tokens_reasoning": 0, "tokens_response": 3, "elapsed_seconds": 0.25162696838378906, "judgement": "Way off"}
{"id": "discounts_001143", "topic": "discounts", "subtopic": "threshold", "prompt": "Threshold coupon applies: $5 off $25+ spend. Cart: $6.88, $33.06. About how much do you pay?", "exact_value": 34.94, "model": "qwen/qwen2.5-3b-instruct", "provider": "transformers", "response": "6.88", "numeric_answer": 6.88, "relative_error": 0.8030910131654264, "thinking_text": null, "has_tool_call": false, "tool_call": null, "usage": {"prompt_tokens": 100, "completion_tokens": 5, "total_tokens": 105, "token_count_source": "tokenizer"}, "decoding": {"temperature": 0.2, "top_p": null, "top_k": null, "max_tokens": 256, "seed": 42}, "prompt_tokens": 100, "completion_tokens": 5, "total_tokens": 105, "token_count_source": "tokenizer", "diffusion_steps": null, "flops_estimate": null, "flops_arch": null, "flops_model_params": null, "flops_active_params": null, "tokens_non_final": 1, "tokens_reasoning": 0, "tokens_response": 1, "elapsed_seconds": 0.16580486297607422, "judgement": "Way off"}
{"id": "discounts_001163", "topic": "discounts", "subtopic": "buy_n_get_m", "prompt": "Buy 5 get 3 free on items priced $1.79 each. You take 12 total. About how much do you pay?", "exact_value": 16.11, "model": "qwen/qwen2.5-3b-instruct", "provider": "transformers", "response": "4.8", "numeric_answer": 4.8, "relative_error": 0.702048417132216, "thinking_text": null, "has_tool_call": false, "tool_call": null, "usage": {"prompt_tokens": 96, "completion_tokens": 4, "total_tokens": 100, "token_count_source": "tokenizer"}, "decoding": {"temperature": 0.2, "top_p": null, "top_k": null, "max_tokens": 256, "seed": 42}, "prompt_tokens": 96, "completion_tokens": 4, "total_tokens": 100, "token_count_source": "tokenizer", "diffusion_steps": null, "flops_estimate": null, "flops_arch": null, "flops_model_params": null, "flops_active_params": null, "tokens_non_final": 1, "tokens_reasoning": 0, "tokens_response": 1, "elapsed_seconds": 0.13263893127441406, "judgement": "Way off"}
{"id": "discounts_001183", "topic": "discounts", "subtopic": "threshold", "prompt": "Threshold coupon applies: $10 off $40+ spend. Cart: $17.79, $9.82, $10.21. About how much do you pay?", "exact_value": 37.82, "model": "qwen/qwen2.5-3b-instruct", "provider": "transformers", "response": "17.79", "numeric_answer": 17.79, "relative_error": 0.529613960867266, "thinking_text": null, "has_tool_call": false, "tool_call": null, "usage": {"prompt_tokens": 108, "completion_tokens": 6, "total_tokens": 114, "token_count_source": "tokenizer"}, "decoding": {"temperature": 0.2, "top_p": null, "top_k": null, "max_tokens": 256, "seed": 42}, "prompt_tokens": 108, "completion_tokens": 6, "total_tokens": 114, "token_count_source": "tokenizer", "diffusion_steps": null, "flops_estimate": null, "flops_arch": null, "flops_model_params": null, "flops_active_params": null, "tokens_non_final": 1, "tokens_reasoning": 0, "tokens_response": 1, "elapsed_seconds": 0.20714807510375977, "judgement": "Mildly off"}
{"id": "discounts_001203", "topic": "discounts", "subtopic": "threshold", "prompt": "Threshold coupon applies: $10 off $25+ spend. Cart: $21.83, $6.78, $19.19, $4.90. About how much do you pay?", "exact_value": 42.7, "model": "qwen/qwen2.5-3b-instruct", "provider": "transformers", "response": "Final answer: 19.19", "numeric_answer": 19.19, "relative_error": 0.5505854800936768, "thinking_text": null, "has_tool_call": false, "tool_call": null, "usage": {"prompt_tokens": 114, "completion_tokens": 10, "total_tokens": 124, "token_count_source": "tokenizer"}, "decoding": {"temperature": 0.2, "top_p": null, "top_k": null, "max_tokens": 256, "seed": 42}, "prompt_tokens": 114, "completion_tokens": 10, "total_tokens": 124, "token_count_source": "tokenizer", "diffusion_steps": null, "flops_estimate": null, "flops_arch": null, "flops_model_params": null, "flops_active_params": null, "tokens_non_final": 3, "tokens_reasoning": 0, "tokens_response": 3, "elapsed_seconds": 0.35941267013549805, "judgement": "Mildly off"}
{"id": "discounts_001223", "topic": "discounts", "subtopic": "bogo", "prompt": "BOGO sale (buy one, get one free; free item is the cheaper one in each pair). Items: $9.89, $5.43, $1.64. About how much do you pay?", "exact_value": 11.53, "model": "qwen/qwen2.5-3b-instruct", "provider": "transformers", "response": "Final answer: 5.43", "numeric_answer": 5.43, "relative_error": 0.5290546400693842, "thinking_text": null, "has_tool_call": false, "tool_call": null, "usage": {"prompt_tokens": 113, "completion_tokens": 9, "total_tokens": 122, "token_count_source": "tokenizer"}, "decoding": {"temperature": 0.2, "top_p": null, "top_k": null, "max_tokens": 256, "seed": 42}, "prompt_tokens": 113, "completion_tokens": 9, "total_tokens": 122, "token_count_source": "tokenizer", "diffusion_steps": null, "flops_estimate": null, "flops_arch": null, "flops_model_params": null, "flops_active_params": null, "tokens_non_final": 3, "tokens_reasoning": 0, "tokens_response": 3, "elapsed_seconds": 0.31858038902282715, "judgement": "Mildly off"}
{"id": "discounts_001243", "topic": "discounts", "subtopic": "bogo", "prompt": "BOGO sale (buy one, get one free; free item is the cheaper one in each pair). Items: $13.65, $11.87. About how much do you pay?", "exact_value": 13.65, "model": "qwen/qwen2.5-3b-instruct", "provider": "transformers", "response": "11.87", "numeric_answer": 11.87, "relative_error": 0.1304029304029305, "thinking_text": null, "has_tool_call": false, "tool_call": null, "usage": {"prompt_tokens": 109, "completion_tokens": 6, "total_tokens": 115, "token_count_source": "tokenizer"}, "decoding": {"temperature": 0.2, "top_p": null, "top_k": null, "max_tokens": 256, "seed": 42}, "prompt_tokens": 109, "completion_tokens": 6, "total_tokens": 115, "token_count_source": "tokenizer", "diffusion_steps": null, "flops_estimate": null, "flops_arch": null, "flops_model_params": null, "flops_active_params": null, "tokens_non_final": 1, "tokens_reasoning": 0, "tokens_response": 1, "elapsed_seconds": 0.20508551597595215, "judgement": "Good approximation"}
{"id": "discounts_001263", "topic": "discounts", "subtopic": "stacked", "prompt": "Stacked deal: 20% off, then $10 coupon if you spend $30 or more. Cart: $7.97, $14.01, $20.15, $6.20. About how much do you pay?", "exact_value": 28.66, "model": "qwen/qwen2.5-3b-instruct", "provider": "transformers", "response": "8.99", "numeric_answer": 8.99, "relative_error": 0.6863224005582694, "thinking_text": null, "has_tool_call": false, "tool_call": null, "usage": {"prompt_tokens": 124, "completion_tokens": 5, "total_tokens": 129, "token_count_source": "tokenizer"}, "decoding": {"temperature": 0.2, "top_p": null, "top_k": null, "max_tokens": 256, "seed": 42}, "prompt_tokens": 124, "completion_tokens": 5, "total_tokens": 129, "token_count_source": "tokenizer", "diffusion_steps": null, "flops_estimate": null, "flops_arch": null, "flops_model_params": null, "flops_active_params": null, "tokens_non_final": 1, "tokens_reasoning": 0, "tokens_response": 1, "elapsed_seconds": 0.17673420906066895, "judgement": "Way off"}
{"id": "discounts_001283", "topic": "discounts", "subtopic": "bogo", "prompt": "BOGO sale (buy one, get one free; free item is the cheaper one in each pair). Items: $23.99, $18.08, $15.49, $11.69, $2.98, $1.77. About how much do you pay?", "exact_value": 42.46, "model": "qwen/qwen2.5-3b-instruct", "provider": "transformers", "response": "Final answer: 1.77", "numeric_answer": 1.77, "relative_error": 0.9583137070183702, "thinking_text": null, "has_tool_call": false, "tool_call": null, "usage": {"prompt_tokens": 135, "completion_tokens": 9, "total_tokens": 144, "token_count_source": "tokenizer"}, "decoding": {"temperature": 0.2, "top_p": null, "top_k": null, "max_tokens": 256, "seed": 42}, "prompt_tokens": 135, "completion_tokens": 9, "total_tokens": 144, "token_count_source": "tokenizer", "diffusion_steps": null, "flops_estimate": null, "flops_arch": null, "flops_model_params": null, "flops_active_params": null, "tokens_non_final": 3, "tokens_reasoning": 0, "tokens_response": 3, "elapsed_seconds": 0.30302929878234863, "judgement": "Way off"}
{"id": "discounts_001303", "topic": "discounts", "subtopic": "buy_n_get_m", "prompt": "Buy 3 get 1 free on items priced $5.20 each. You take 7 total. About how much do you pay?", "exact_value": 31.2, "model": "qwen/qwen2.5-3b-instruct", "provider": "transformers", "response": "4.6", "numeric_answer": 4.6, "relative_error": 0.8525641025641026, "thinking_text": null, "has_tool_call": false, "tool_call": null, "usage": {"prompt_tokens": 95, "completion_tokens": 4, "total_tokens": 99, "token_count_source": "tokenizer"}, "decoding": {"temperature": 0.2, "top_p": null, "top_k": null, "max_tokens": 256, "seed": 42}, "prompt_tokens": 95, "completion_tokens": 4, "total_tokens": 99, "token_count_source": "tokenizer", "diffusion_steps": null, "flops_estimate": null, "flops_arch": null, "flops_model_params": null, "flops_active_params": null, "tokens_non_final": 1, "tokens_reasoning": 0, "tokens_response": 1, "elapsed_seconds": 0.12923765182495117, "judgement": "Way off"}
{"id": "discounts_001323", "topic": "discounts", "subtopic": "buy_n_get_m", "prompt": "Buy 5 get 2 free on items priced $6.90 each. You take 7 total. About how much do you pay?", "exact_value": 34.5, "model": "qwen/qwen2.5-3b-instruct", "provider": "transformers", "response": "1.9", "numeric_answer": 1.9, "relative_error": 0.9449275362318841, "thinking_text": null, "has_tool_call": false, "tool_call": null, "usage": {"prompt_tokens": 95, "completion_tokens": 4, "total_tokens": 99, "token_count_source": "tokenizer"}, "decoding": {"temperature": 0.2, "top_p": null, "top_k": null, "max_tokens": 256, "seed": 42}, "prompt_tokens": 95, "completion_tokens": 4, "total_tokens": 99, "token_count_source": "tokenizer", "diffusion_steps": null, "flops_estimate": null, "flops_arch": null, "flops_model_params": null, "flops_active_params": null, "tokens_non_final": 1, "tokens_reasoning": 0, "tokens_response": 1, "elapsed_seconds": 0.13160419464111328, "judgement": "Way off"}
{"id": "discounts_001343", "topic": "discounts", "subtopic": "threshold", "prompt": "Threshold coupon applies: $5 off $30+ spend. Cart: $14.20, $6.64, $17.41, $15.16, $33.39. About how much do you pay?", "exact_value": 81.8, "model": "qwen/qwen2.5-3b-instruct", "provider": "transformers", "response": "14.20", "numeric_answer": 14.2, "relative_error": 0.8264058679706601, "thinking_text": null, "has_tool_call": false, "tool_call": null, "usage": {"prompt_tokens": 121, "completion_tokens": 6, "total_tokens": 127, "token_count_source": "tokenizer"}, "decoding": {"temperature": 0.2, "top_p": null, "top_k": null, "max_tokens": 256, "seed": 42}, "prompt_tokens": 121, "completion_tokens": 6, "total_tokens": 127, "token_count_source": "tokenizer", "diffusion_steps": null, "flops_estimate": null, "flops_arch": null, "flops_model_params": null, "flops_active_params": null, "tokens_non_final": 1, "tokens_reasoning": 0, "tokens_response": 1, "elapsed_seconds": 0.19705772399902344, "judgement": "Way off"}
{"id": "discounts_001363", "topic": "discounts", "subtopic": "percent", "prompt": "Cart: $17.94, $48.32, $33.85. A 25% discount applies to everything. About how much do you pay?", "exact_value": 75.08, "model": "qwen/qwen2.5-3b-instruct", "provider": "transformers", "response": "17.94", "numeric_answer": 17.94, "relative_error": 0.7610548748002132, "thinking_text": null, "has_tool_call": false, "tool_call": null, "usage": {"prompt_tokens": 105, "completion_tokens": 6, "total_tokens": 111, "token_count_source": "tokenizer"}, "decoding": {"temperature": 0.2, "top_p": null, "top_k": null, "max_tokens": 256, "seed": 42}, "prompt_tokens": 105, "completion_tokens": 6, "total_tokens": 111, "token_count_source": "tokenizer", "diffusion_steps": null, "flops_estimate": null, "flops_arch": null, "flops_model_params": null, "flops_active_params": null, "tokens_non_final": 1, "tokens_reasoning": 0, "tokens_response": 1, "elapsed_seconds": 0.19195318222045898, "judgement": "Way off"}
{"id": "discounts_001383", "topic": "discounts", "subtopic": "buy_n_get_m", "prompt": "Buy 5 get 2 free on items priced $2.51 each. You take 8 total. About how much do you pay?", "exact_value": 15.06, "model": "qwen/qwen2.5-3b-instruct", "provider": "transformers", "response": "4", "numeric_answer": 4.0, "relative_error": 0.7343957503320053, "thinking_text": null, "has_tool_call": false, "tool_call": null, "usage": {"prompt_tokens": 95, "completion_tokens": 2, "total_tokens": 97, "token_count_source": "tokenizer"}, "decoding": {"temperature": 0.2, "top_p": null, "top_k": null, "max_tokens": 256, "seed": 42}, "prompt_tokens": 95, "completion_tokens": 2, "total_tokens": 97, "token_count_source": "tokenizer", "diffusion_steps": null, "flops_estimate": null, "flops_arch": null, "flops_model_params": null, "flops_active_params": null, "tokens_non_final": 1, "tokens_reasoning": 0, "tokens_response": 1, "elapsed_seconds": 0.06551957130432129, "judgement": "Way off"}
{"id": "discounts_001403", "topic": "discounts", "subtopic": "percent", "prompt": "Cart: $49.45, $5.75. A 15% discount applies to everything. About how much do you pay?", "exact_value": 46.92, "model": "qwen/qwen2.5-3b-instruct", "provider": "transformers", "response": "49.45", "numeric_answer": 49.45, "relative_error": 0.053921568627451004, "thinking_text": null, "has_tool_call": false, "tool_call": null, "usage": {"prompt_tokens": 97, "completion_tokens": 6, "total_tokens": 103, "token_count_source": "tokenizer"}, "decoding": {"temperature": 0.2, "top_p": null, "top_k": null, "max_tokens": 256, "seed": 42}, "prompt_tokens": 97, "completion_tokens": 6, "total_tokens": 103, "token_count_source": "tokenizer", "diffusion_steps": null, "flops_estimate": null, "flops_arch": null, "flops_model_params": null, "flops_active_params": null, "tokens_non_final": 1, "tokens_reasoning": 0, "tokens_response": 1, "elapsed_seconds": 0.19323945045471191, "judgement": "Good approximation"}
{"id": "discounts_001423", "topic": "discounts", "subtopic": "stacked", "prompt": "Stacked deal: 15% off, then $5 coupon if you spend $30 or more. Cart: $19.07, $30.50, $14.10, $29.57, $24.48, $18.89. About how much do you pay?", "exact_value": 111.12, "model": "qwen/qwen2.5-3b-instruct", "provider": "transformers", "response": "Final answer: 14.10", "numeric_answer": 14.1, "relative_error": 0.873110151187905, "thinking_text": null, "has_tool_call": false, "tool_call": null, "usage": {"prompt_tokens": 139, "completion_tokens": 10, "total_tokens": 149, "token_count_source": "tokenizer"}, "decoding": {"temperature": 0.2, "top_p": null, "top_k": null, "max_tokens": 256, "seed": 42}, "prompt_tokens": 139, "completion_tokens": 10, "total_tokens": 149, "token_count_source": "tokenizer", "diffusion_steps": null, "flops_estimate": null, "flops_arch": null, "flops_model_params": null, "flops_active_params": null, "tokens_non_final": 3, "tokens_reasoning": 0, "tokens_response": 3, "elapsed_seconds": 0.3436546325683594, "judgement": "Way off"}
{"id": "discounts_001443", "topic": "discounts", "subtopic": "threshold", "prompt": "Threshold coupon applies: $5 off $40+ spend. Cart: $30.27, $5.01, $32.89, $4.11. About how much do you pay?", "exact_value": 67.28, "model": "qwen/qwen2.5-3b-instruct", "provider": "transformers", "response": "Final answer: 32.89", "numeric_answer": 32.89, "relative_error": 0.5111474435196195, "thinking_text": null, "has_tool_call": false, "tool_call": null, "usage": {"prompt_tokens": 113, "completion_tokens": 10, "total_tokens": 123, "token_count_source": "tokenizer"}, "decoding": {"temperature": 0.2, "top_p": null, "top_k": null, "max_tokens": 256, "seed": 42}, "prompt_tokens": 113, "completion_tokens": 10, "total_tokens": 123, "token_count_source": "tokenizer", "diffusion_steps": null, "flops_estimate": null, "flops_arch": null, "flops_model_params": null, "flops_active_params": null, "tokens_non_final": 3, "tokens_reasoning": 0, "tokens_response": 3, "elapsed_seconds": 0.3259086608886719, "judgement": "Mildly off"}
{"id": "discounts_001463", "topic": "discounts", "subtopic": "stacked", "prompt": "Stacked deal: 20% off, then $10 coupon if you spend $50 or more. Cart: $17.21, $5.84, $30.05. About how much do you pay?", "exact_value": 42.48, "model": "qwen/qwen2.5-3b-instruct", "provider": "transformers", "response": "Final answer: 17.21", "numeric_answer": 17.21, "relative_error": 0.5948681732580037, "thinking_text": null, "has_tool_call": false, "tool_call": null, "usage": {"prompt_tokens": 118, "completion_tokens": 10, "total_tokens": 128, "token_count_source": "tokenizer"}, "decoding": {"temperature": 0.2, "top_p": null, "top_k": null, "max_tokens": 256, "seed": 42}, "prompt_tokens": 118, "completion_tokens": 10, "total_tokens": 128, "token_count_source": "tokenizer", "diffusion_steps": null, "flops_estimate": null, "flops_arch": null, "flops_model_params": null, "flops_active_params": null, "tokens_non_final": 3, "tokens_reasoning": 0, "tokens_response": 3, "elapsed_seconds": 0.3276550769805908, "judgement": "Mildly off"}
{"id": "discounts_001483", "topic": "discounts", "subtopic": "stacked", "prompt": "Stacked deal: 20% off, then $5 coupon if you spend $40 or more. Cart: $7.98, $13.08, $39.62, $23.53, $7.04, $16.41. About how much do you pay?", "exact_value": 81.13, "model": "qwen/qwen2.5-3b-instruct", "provider": "transformers", "response": "Final answer: 23.53", "numeric_answer": 23.53, "relative_error": 0.7099716504375693, "thinking_text": null, "has_tool_call": false, "tool_call": null, "usage": {"prompt_tokens": 137, "completion_tokens": 10, "total_tokens": 147, "token_count_source": "tokenizer"}, "decoding": {"temperature": 0.2, "top_p": null, "top_k": null, "max_tokens": 256, "seed": 42}, "prompt_tokens": 137, "completion_tokens": 10, "total_tokens": 147, "token_count_source": "tokenizer", "diffusion_steps": null, "flops_estimate": null, "flops_arch": null, "flops_model_params": null, "flops_active_params": null, "tokens_non_final": 3, "tokens_reasoning": 0, "tokens_response": 3, "elapsed_seconds": 0.37148046493530273, "judgement": "Way off"}
{"id": "discounts_001503", "topic": "discounts", "subtopic": "stacked", "prompt": "Stacked deal: 15% off, then $10 coupon if you spend $30 or more. Cart: $5.05, $35.87, $13.37, $20.23, $19.52, $14.94. About how much do you pay?", "exact_value": 82.63, "model": "qwen/qwen2.5-3b-instruct", "provider": "transformers", "response": "Final answer: 13.37", "numeric_answer": 13.37, "relative_error": 0.8381943604017911, "thinking_text": null, "has_tool_call": false, "tool_call": null, "usage": {"prompt_tokens": 139, "completion_tokens": 10, "total_tokens": 149, "token_count_source": "tokenizer"}, "decoding": {"temperature": 0.2, "top_p": null, "top_k": null, "max_tokens": 256, "seed": 42}, "prompt_tokens": 139, "completion_tokens": 10, "total_tokens": 149, "token_count_source": "tokenizer", "diffusion_steps": null, "flops_estimate": null, "flops_arch": null, "flops_model_params": null, "flops_active_params": null, "tokens_non_final": 3, "tokens_reasoning": 0, "tokens_response": 3, "elapsed_seconds": 0.33527183532714844, "judgement": "Way off"}
{"id": "discounts_001523", "topic": "discounts", "subtopic": "percent", "prompt": "Cart: $17.62, $17.49. A 25% discount applies to everything. About how much do you pay?", "exact_value": 26.33, "model": "qwen/qwen2.5-3b-instruct", "provider": "transformers", "response": "17.49", "numeric_answer": 17.49, "relative_error": 0.33573870110140525, "thinking_text": null, "has_tool_call": false, "tool_call": null, "usage": {"prompt_tokens": 98, "completion_tokens": 6, "total_tokens": 104, "token_count_source": "tokenizer"}, "decoding": {"temperature": 0.2, "top_p": null, "top_k": null, "max_tokens": 256, "seed": 42}, "prompt_tokens": 98, "completion_tokens": 6, "total_tokens": 104, "token_count_source": "tokenizer", "diffusion_steps": null, "flops_estimate": null, "flops_arch": null, "flops_model_params": null, "flops_active_params": null, "tokens_non_final": 1, "tokens_reasoning": 0, "tokens_response": 1, "elapsed_seconds": 0.19617128372192383, "judgement": "Mildly off"}
{"id": "discounts_001543", "topic": "discounts", "subtopic": "percent", "prompt": "Cart: $41.40, $12.55, $25.87, $24.13. A 10% discount applies to everything. About how much do you pay?", "exact_value": 93.56, "model": "qwen/qwen2.5-3b-instruct", "provider": "transformers", "response": "41.13", "numeric_answer": 41.13, "relative_error": 0.5603890551517743, "thinking_text": null, "has_tool_call": false, "tool_call": null, "usage": {"prompt_tokens": 112, "completion_tokens": 6, "total_tokens": 118, "token_count_source": "tokenizer"}, "decoding": {"temperature": 0.2, "top_p": null, "top_k": null, "max_tokens": 256, "seed": 42}, "prompt_tokens": 112, "completion_tokens": 6, "total_tokens": 118, "token_count_source": "tokenizer", "diffusion_steps": null, "flops_estimate": null, "flops_arch": null, "flops_model_params": null, "flops_active_params": null, "tokens_non_final": 1, "tokens_reasoning": 0, "tokens_response": 1, "elapsed_seconds": 0.21590709686279297, "judgement": "Mildly off"}
{"id": "discounts_001563", "topic": "discounts", "subtopic": "buy_n_get_m", "prompt": "Buy 5 get 2 free on items priced $6.56 each. You take 13 total. About how much do you pay?", "exact_value": 65.6, "model": "qwen/qwen2.5-3b-instruct", "provider": "transformers", "response": "4.8", "numeric_answer": 4.8, "relative_error": 0.926829268292683, "thinking_text": null, "has_tool_call": false, "tool_call": null, "usage": {"prompt_tokens": 96, "completion_tokens": 4, "total_tokens": 100, "token_count_source": "tokenizer"}, "decoding": {"temperature": 0.2, "top_p": null, "top_k": null, "max_tokens": 256, "seed": 42}, "prompt_tokens": 96, "completion_tokens": 4, "total_tokens": 100, "token_count_source": "tokenizer", "diffusion_steps": null, "flops_estimate": null, "flops_arch": null, "flops_model_params": null, "flops_active_params": null, "tokens_non_final": 1, "tokens_reasoning": 0, "tokens_response": 1, "elapsed_seconds": 0.15494227409362793, "judgement": "Way off"}
{"id": "discounts_001583", "topic": "discounts", "subtopic": "percent", "prompt": "Cart: $16.59, $10.20. A 25% discount applies to everything. About how much do you pay?", "exact_value": 20.09, "model": "qwen/qwen2.5-3b-instruct", "provider": "transformers", "response": "16.59", "numeric_answer": 16.59, "relative_error": 0.17421602787456447, "thinking_text": null, "has_tool_call": false, "tool_call": null, "usage": {"prompt_tokens": 98, "completion_tokens": 6, "total_tokens": 104, "token_count_source": "tokenizer"}, "decoding": {"temperature": 0.2, "top_p": null, "top_k": null, "max_tokens": 256, "seed": 42}, "prompt_tokens": 98, "completion_tokens": 6, "total_tokens": 104, "token_count_source": "tokenizer", "diffusion_steps": null, "flops_estimate": null, "flops_arch": null, "flops_model_params": null, "flops_active_params": null, "tokens_non_final": 1, "tokens_reasoning": 0, "tokens_response": 1, "elapsed_seconds": 0.21588778495788574, "judgement": "Good approximation"}
{"id": "discounts_001603", "topic": "discounts", "subtopic": "stacked", "prompt": "Stacked deal: 15% off, then $5 coupon if you spend $40 or more. Cart: $30.66, $8.69, $10.48, $36.69, $30.92. About how much do you pay?", "exact_value": 94.82, "model": "qwen/qwen2.5-3b-instruct", "provider": "transformers", "response": "Final answer: 36.69", "numeric_answer": 36.69, "relative_error": 0.6130563172326513, "thinking_text": null, "has_tool_call": false, "tool_call": null, "usage": {"prompt_tokens": 131, "completion_tokens": 10, "total_tokens": 141, "token_count_source": "tokenizer"}, "decoding": {"temperature": 0.2, "top_p": null, "top_k": null, "max_tokens": 256, "seed": 42}, "prompt_tokens": 131, "completion_tokens": 10, "total_tokens": 141, "token_count_source": "tokenizer", "diffusion_steps": null, "flops_estimate": null, "flops_arch": null, "flops_model_params": null, "flops_active_params": null, "tokens_non_final": 3, "tokens_reasoning": 0, "tokens_response": 3, "elapsed_seconds": 0.3870539665222168, "judgement": "Way off"}
{"id": "discounts_001623", "topic": "discounts", "subtopic": "threshold", "prompt": "Threshold coupon applies: $15 off $25+ spend. Cart: $27.63, $11.37, $28.67, $23.20, $7.60. About how much do you pay?", "exact_value": 83.47, "model": "qwen/qwen2.5-3b-instruct", "provider": "transformers", "response": "23.20", "numeric_answer": 23.2, "relative_error": 0.7220558284413562, "thinking_text": null, "has_tool_call": false, "tool_call": null, "usage": {"prompt_tokens": 122, "completion_tokens": 6, "total_tokens": 128, "token_count_source": "tokenizer"}, "decoding": {"temperature": 0.2, "top_p": null, "top_k": null, "max_tokens": 256, "seed": 42}, "prompt_tokens": 122, "completion_tokens": 6, "total_tokens": 128, "token_count_source": "tokenizer", "diffusion_steps": null, "flops_estimate": null, "flops_arch": null, "flops_model_params": null, "flops_active_params": null, "tokens_non_final": 1, "tokens_reasoning": 0, "tokens_response": 1, "elapsed_seconds": 0.22513699531555176, "judgement": "Way off"}
{"id": "discounts_001643", "topic": "discounts", "subtopic": "percent", "prompt": "Cart: $6.86, $18.76, $18.57. A 25% discount applies to everything. About how much do you pay?", "exact_value": 33.14, "model": "qwen/qwen2.5-3b-instruct", "provider": "transformers", "response": "6.86", "numeric_answer": 6.86, "relative_error": 0.7929993964996983, "thinking_text": null, "has_tool_call": false, "tool_call": null, "usage": {"prompt_tokens": 104, "completion_tokens": 5, "total_tokens": 109, "token_count_source": "tokenizer"}, "decoding": {"temperature": 0.2, "top_p": null, "top_k": null, "max_tokens": 256, "seed": 42}, "prompt_tokens": 104, "completion_tokens": 5, "total_tokens": 109, "token_count_source": "tokenizer", "diffusion_steps": null, "flops_estimate": null, "flops_arch": null, "flops_model_params": null, "flops_active_params": null, "tokens_non_final": 1, "tokens_reasoning": 0, "tokens_response": 1, "elapsed_seconds": 0.19351792335510254, "judgement": "Way off"}
{"id": "discounts_001663", "topic": "discounts", "subtopic": "percent", "prompt": "Cart: $12.12, $48.45, $47.34, $46.59. A 15% discount applies to everything. About how much do you pay?", "exact_value": 131.33, "model": "qwen/qwen2.5-3b-instruct", "provider": "transformers", "response": "47.34", "numeric_answer": 47.34, "relative_error": 0.6395339983248306, "thinking_text": null, "has_tool_call": false, "tool_call": null, "usage": {"prompt_tokens": 112, "completion_tokens": 6, "total_tokens": 118, "token_count_source": "tokenizer"}, "decoding": {"temperature": 0.2, "top_p": null, "top_k": null, "max_tokens": 256, "seed": 42}, "prompt_tokens": 112, "completion_tokens": 6, "total_tokens": 118, "token_count_source": "tokenizer", "diffusion_steps": null, "flops_estimate": null, "flops_arch": null, "flops_model_params": null, "flops_active_params": null, "tokens_non_final": 1, "tokens_reasoning": 0, "tokens_response": 1, "elapsed_seconds": 0.22264599800109863, "judgement": "Way off"}
{"id": "discounts_001683", "topic": "discounts", "subtopic": "threshold", "prompt": "Threshold coupon applies: $10 off $50+ spend. Cart: $26.16, $9.78, $26.05, $18.31, $13.69. About how much do you pay?", "exact_value": 83.99, "model": "qwen/qwen2.5-3b-instruct", "provider": "transformers", "response": "26.05", "numeric_answer": 26.05, "relative_error": 0.6898440290510776, "thinking_text": null, "has_tool_call": false, "tool_call": null, "usage": {"prompt_tokens": 122, "completion_tokens": 6, "total_tokens": 128, "token_count_source": "tokenizer"}, "decoding": {"temperature": 0.2, "top_p": null, "top_k": null, "max_tokens": 256, "seed": 42}, "prompt_tokens": 122, "completion_tokens": 6, "total_tokens": 128, "token_count_source": "tokenizer", "diffusion_steps": null, "flops_estimate": null, "flops_arch": null, "flops_model_params": null, "flops_active_params": null, "tokens_non_final": 1, "tokens_reasoning": 0, "tokens_response": 1, "elapsed_seconds": 0.2249746322631836, "judgement": "Way off"}
{"id": "discounts_001703", "topic": "discounts", "subtopic": "percent", "prompt": "Cart: $19.62, $31.18, $3.11, $24.12. A 30% discount applies to everything. About how much do you pay?", "exact_value": 54.62, "model": "qwen/qwen2.5-3b-instruct", "provider": "transformers", "response": "1.96", "numeric_answer": 1.96, "relative_error": 0.9641157085316734, "thinking_text": null, "has_tool_call": false, "tool_call": null, "usage": {"prompt_tokens": 111, "completion_tokens": 5, "total_tokens": 116, "token_count_source": "tokenizer"}, "decoding": {"temperature": 0.2, "top_p": null, "top_k": null, "max_tokens": 256, "seed": 42}, "prompt_tokens": 111, "completion_tokens": 5, "total_tokens": 116, "token_count_source": "tokenizer", "diffusion_steps": null, "flops_estimate": null, "flops_arch": null, "flops_model_params": null, "flops_active_params": null, "tokens_non_final": 1, "tokens_reasoning": 0, "tokens_response": 1, "elapsed_seconds": 0.17756128311157227, "judgement": "Way off"}
{"id": "discounts_001723", "topic": "discounts", "subtopic": "buy_n_get_m", "prompt": "Buy 4 get 2 free on items priced $2.55 each. You take 8 total. About how much do you pay?", "exact_value": 15.3, "model": "qwen/qwen2.5-3b-instruct", "provider": "transformers", "response": "1.5", "numeric_answer": 1.5, "relative_error": 0.9019607843137255, "thinking_text": null, "has_tool_call": false, "tool_call": null, "usage": {"prompt_tokens": 95, "completion_tokens": 4, "total_tokens": 99, "token_count_source": "tokenizer"}, "decoding": {"temperature": 0.2, "top_p": null, "top_k": null, "max_tokens": 256, "seed": 42}, "prompt_tokens": 95, "completion_tokens": 4, "total_tokens": 99, "token_count_source": "tokenizer", "diffusion_steps": null, "flops_estimate": null, "flops_arch": null, "flops_model_params": null, "flops_active_params": null, "tokens_non_final": 1, "tokens_reasoning": 0, "tokens_response": 1, "elapsed_seconds": 0.13682079315185547, "judgement": "Way off"}
{"id": "discounts_001743", "topic": "discounts", "subtopic": "threshold", "prompt": "Threshold coupon applies: $5 off $30+ spend. Cart: $4.15, $6.42, $8.97. About how much do you pay?", "exact_value": 19.54, "model": "qwen/qwen2.5-3b-instruct", "provider": "transformers", "response": "Final answer: 4.15", "numeric_answer": 4.15, "relative_error": 0.7876151484135108, "thinking_text": null, "has_tool_call": false, "tool_call": null, "usage": {"prompt_tokens": 105, "completion_tokens": 9, "total_tokens": 114, "token_count_source": "tokenizer"}, "decoding": {"temperature": 0.2, "top_p": null, "top_k": null, "max_tokens": 256, "seed": 42}, "prompt_tokens": 105, "completion_tokens": 9, "total_tokens": 114, "token_count_source": "tokenizer", "diffusion_steps": null, "flops_estimate": null, "flops_arch": null, "flops_model_params": null, "flops_active_params": null, "tokens_non_final": 3, "tokens_reasoning": 0, "tokens_response": 3, "elapsed_seconds": 0.3141775131225586, "judgement": "Way off"}
{"id": "discounts_001763", "topic": "discounts", "subtopic": "bogo", "prompt": "BOGO sale (buy one, get one free; free item is the cheaper one in each pair). Items: $12.69, $11.21, $2.47. About how much do you pay?", "exact_value": 15.16, "model": "qwen/qwen2.5-3b-instruct", "provider": "transformers", "response": "Final answer: 1.21", "numeric_answer": 1.21, "relative_error": 0.9201846965699207, "thinking_text": null, "has_tool_call": false, "tool_call": null, "usage": {"prompt_tokens": 115, "completion_tokens": 9, "total_tokens": 124, "token_count_source": "tokenizer"}, "decoding": {"temperature": 0.2, "top_p": null, "top_k": null, "max_tokens": 256, "seed": 42}, "prompt_tokens": 115, "completion_tokens": 9, "total_tokens": 124, "token_count_source": "tokenizer", "diffusion_steps": null, "flops_estimate": null, "flops_arch": null, "flops_model_params": null, "flops_active_params": null, "tokens_non_final": 3, "tokens_reasoning": 0, "tokens_response": 3, "elapsed_seconds": 0.3119697570800781, "judgement": "Way off"}
{"id": "discounts_001783", "topic": "discounts", "subtopic": "stacked", "prompt": "Stacked deal: 15% off, then $5 coupon if you spend $40 or more. Cart: $7.00, $16.49, $25.56, $15.94, $17.74, $31.47. About how much do you pay?", "exact_value": 92.07, "model": "qwen/qwen2.5-3b-instruct", "provider": "transformers", "response": "Final answer: 3", "numeric_answer": 3.0, "relative_error": 0.9674160964483545, "thinking_text": null, "has_tool_call": false, "tool_call": null, "usage": {"prompt_tokens": 138, "completion_tokens": 6, "total_tokens": 144, "token_count_source": "tokenizer"}, "decoding": {"temperature": 0.2, "top_p": null, "top_k": null, "max_tokens": 256, "seed": 42}, "prompt_tokens": 138, "completion_tokens": 6, "total_tokens": 144, "token_count_source": "tokenizer", "diffusion_steps": null, "flops_estimate": null, "flops_arch": null, "flops_model_params": null, "flops_active_params": null, "tokens_non_final": 3, "tokens_reasoning": 0, "tokens_response": 3, "elapsed_seconds": 0.240828275680542, "judgement": "Way off"}
{"id": "discounts_001803", "topic": "discounts", "subtopic": "stacked", "prompt": "Stacked deal: 20% off, then $5 coupon if you spend $30 or more. Cart: $33.03, $6.30, $5.14, $29.72. About how much do you pay?", "exact_value": 54.35, "model": "qwen/qwen2.5-3b-instruct", "provider": "transformers", "response": "Final answer: 29.72", "numeric_answer": 29.72, "relative_error": 0.4531738730450782, "thinking_text": null, "has_tool_call": false, "tool_call": null, "usage": {"prompt_tokens": 123, "completion_tokens": 10, "total_tokens": 133, "token_count_source": "tokenizer"}, "decoding": {"temperature": 0.2, "top_p": null, "top_k": null, "max_tokens": 256, "seed": 42}, "prompt_tokens": 123, "completion_tokens": 10, "total_tokens": 133, "token_count_source": "tokenizer", "diffusion_steps": null, "flops_estimate": null, "flops_arch": null, "flops_model_params": null, "flops_active_params": null, "tokens_non_final": 3, "tokens_reasoning": 0, "tokens_response": 3, "elapsed_seconds": 0.3649160861968994, "judgement": "Mildly off"}
{"id": "discounts_001823", "topic": "discounts", "subtopic": "bogo", "prompt": "BOGO sale (buy one, get one free; free item is the cheaper one in each pair). Items: $12.69, $12.41, $11.69, $9.51. About how much do you pay?", "exact_value": 24.38, "model": "qwen/qwen2.5-3b-instruct", "provider": "transformers", "response": "12.41", "numeric_answer": 12.41, "relative_error": 0.4909762100082034, "thinking_text": null, "has_tool_call": false, "tool_call": null, "usage": {"prompt_tokens": 122, "completion_tokens": 6, "total_tokens": 128, "token_count_source": "tokenizer"}, "decoding": {"temperature": 0.2, "top_p": null, "top_k": null, "max_tokens": 256, "seed": 42}, "prompt_tokens": 122, "completion_tokens": 6, "total_tokens": 128, "token_count_source": "tokenizer", "diffusion_steps": null, "flops_estimate": null, "flops_arch": null, "flops_model_params": null, "flops_active_params": null, "tokens_non_final": 1, "tokens_reasoning": 0, "tokens_response": 1, "elapsed_seconds": 0.2051539421081543, "judgement": "Mildly off"}
{"id": "discounts_001843", "topic": "discounts", "subtopic": "buy_n_get_m", "prompt": "Buy 4 get 2 free on items priced $5.69 each. You take 7 total. About how much do you pay?", "exact_value": 28.45, "model": "qwen/qwen2.5-3b-instruct", "provider": "transformers", "response": "1.6", "numeric_answer": 1.6, "relative_error": 0.9437609841827768, "thinking_text": null, "has_tool_call": false, "tool_call": null, "usage": {"prompt_tokens": 95, "completion_tokens": 4, "total_tokens": 99, "token_count_source": "tokenizer"}, "decoding": {"temperature": 0.2, "top_p": null, "top_k": null, "max_tokens": 256, "seed": 42}, "prompt_tokens": 95, "completion_tokens": 4, "total_tokens": 99, "token_count_source": "tokenizer", "diffusion_steps": null, "flops_estimate": null, "flops_arch": null, "flops_model_params": null, "flops_active_params": null, "tokens_non_final": 1, "tokens_reasoning": 0, "tokens_response": 1, "elapsed_seconds": 0.14626145362854004, "judgement": "Way off"}
{"id": "discounts_001863", "topic": "discounts", "subtopic": "percent", "prompt": "Cart: $49.70, $10.83, $19.81, $44.58. A 20% discount applies to everything. About how much do you pay?", "exact_value": 99.94, "model": "qwen/qwen2.5-3b-instruct", "provider": "transformers", "response": "44.58", "numeric_answer": 44.58, "relative_error": 0.5539323594156494, "thinking_text": null, "has_tool_call": false, "tool_call": null, "usage": {"prompt_tokens": 112, "completion_tokens": 6, "total_tokens": 118, "token_count_source": "tokenizer"}, "decoding": {"temperature": 0.2, "top_p": null, "top_k": null, "max_tokens": 256, "seed": 42}, "prompt_tokens": 112, "completion_tokens": 6, "total_tokens": 118, "token_count_source": "tokenizer", "diffusion_steps": null, "flops_estimate": null, "flops_arch": null, "flops_model_params": null, "flops_active_params": null, "tokens_non_final": 1, "tokens_reasoning": 0, "tokens_response": 1, "elapsed_seconds": 0.21645092964172363, "judgement": "Mildly off"}
{"id": "taxes_000125", "topic": "taxes", "subtopic": "pre_discount_tax", "prompt": "Cart: $17.54, $53.38, $24.54, $55.21. Local sales tax is 6.0% (tax calculated before discount). About how much is the total?", "exact_value": 159.71, "model": "qwen/qwen2.5-3b-instruct", "provider": "transformers", "response": "Final answer: -1", "numeric_answer": -1.0, "relative_error": 1.006261348694509, "thinking_text": null, "has_tool_call": false, "tool_call": null, "usage": {"prompt_tokens": 117, "completion_tokens": 6, "total_tokens": 123, "token_count_source": "tokenizer"}, "decoding": {"temperature": 0.2, "top_p": null, "top_k": null, "max_tokens": 256, "seed": 42}, "prompt_tokens": 117, "completion_tokens": 6, "total_tokens": 123, "token_count_source": "tokenizer", "diffusion_steps": null, "flops_estimate": null, "flops_arch": null, "flops_model_params": null, "flops_active_params": null, "tokens_non_final": 3, "tokens_reasoning": 0, "tokens_response": 3, "elapsed_seconds": 0.21852421760559082, "judgement": "Way off"}
{"id": "taxes_000145", "topic": "taxes", "subtopic": "post_discount_tax", "prompt": "Cart: $18.69, $24.12, $48.37 with a 15% store discount. Local sales tax is 8.5% (tax after discount). About how much is the total?", "exact_value": 84.09, "model": "qwen/qwen2.5-3b-instruct", "provider": "transformers", "response": "Final answer: -1", "numeric_answer": -1.0, "relative_error": 1.0118920204542752, "thinking_text": null, "has_tool_call": false, "tool_call": null, "usage": {"prompt_tokens": 117, "completion_tokens": 6, "total_tokens": 123, "token_count_source": "tokenizer"}, "decoding": {"temperature": 0.2, "top_p": null, "top_k": null, "max_tokens": 256, "seed": 42}, "prompt_tokens": 117, "completion_tokens": 6, "total_tokens": 123, "token_count_source": "tokenizer", "diffusion_steps": null, "flops_estimate": null, "flops_arch": null, "flops_model_params": null, "flops_active_params": null, "tokens_non_final": 3, "tokens_reasoning": 0, "tokens_response": 3, "elapsed_seconds": 0.20609498023986816, "judgement": "Way off"}
{"id": "taxes_000165", "topic": "taxes", "subtopic": "post_discount_tax", "prompt": "Cart: $36.35, $28.85, $37.41, $21.33. Local sales tax is 7.0% (tax after discount). About how much is the total?", "exact_value": 132.62, "model": "qwen/qwen2.5-3b-instruct", "provider": "transformers", "response": "Final answer: -1", "numeric_answer": -1.0, "relative_error": 1.0075403408234052, "thinking_text": null, "has_tool_call": false, "tool_call": null, "usage": {"prompt_tokens": 116, "completion_tokens": 6, "total_tokens": 122, "token_count_source": "tokenizer"}, "decoding": {"temperature": 0.2, "top_p": null, "top_k": null, "max_tokens": 256, "seed": 42}, "prompt_tokens": 116, "completion_tokens": 6, "total_tokens": 122, "token_count_source": "tokenizer", "diffusion_steps": null, "flops_estimate": null, "flops_arch": null, "flops_model_params": null, "flops_active_params": null, "tokens_non_final": 3, "tokens_reasoning": 0, "tokens_response": 3, "elapsed_seconds": 0.21609020233154297, "judgement": "Way off"}
{"id": "taxes_000185", "topic": "taxes", "subtopic": "post_discount_tax", "prompt": "Cart: $39.06, $55.17, $5.30 with a 10% store discount. Local sales tax is 8.5% (tax after discount). About how much is the total?", "exact_value": 97.19, "model": "qwen/qwen2.5-3b-instruct", "provider": "transformers", "response": "Final answer: -4.6", "numeric_answer": -4.6, "relative_error": 1.047329972219364, "thinking_text": null, "has_tool_call": false, "tool_call": null, "usage": {"prompt_tokens": 116, "completion_tokens": 8, "total_tokens": 124, "token_count_source": "tokenizer"}, "decoding": {"temperature": 0.2, "top_p": null, "top_k": null, "max_tokens": 256, "seed": 42}, "prompt_tokens": 116, "completion_tokens": 8, "total_tokens": 124, "token_count_source": "tokenizer", "diffusion_steps": null, "flops_estimate": null, "flops_arch": null, "flops_model_params": null, "flops_active_params": null, "tokens_non_final": 3, "tokens_reasoning": 0, "tokens_response": 3, "elapsed_seconds": 0.27086782455444336, "judgement": "Way off"}
{"id": "taxes_000205", "topic": "taxes", "subtopic": "post_discount_tax", "prompt": "Cart: $32.18, $47.34 with a 15% store discount. Local sales tax is 7.5% (tax after discount). About how much is the total?", "exact_value": 72.66, "model": "qwen/qwen2.5-3b-instruct", "provider": "transformers", "response": "Final answer: 3.69", "numeric_answer": 3.69, "relative_error": 0.9492155243600331, "thinking_text": null, "has_tool_call": false, "tool_call": null, "usage": {"prompt_tokens": 110, "completion_tokens": 9, "total_tokens": 119, "token_count_source": "tokenizer"}, "decoding": {"temperature": 0.2, "top_p": null, "top_k": null, "max_tokens": 256, "seed": 42}, "prompt_tokens": 110, "completion_tokens": 9, "total_tokens": 119, "token_count_source": "tokenizer", "diffusion_steps": null, "flops_estimate": null, "flops_arch": null, "flops_model_params": null, "flops_active_params": null, "tokens_non_final": 3, "tokens_reasoning": 0, "tokens_response": 3, "elapsed_seconds": 0.3079390525817871, "judgement": "Way off"}
{"id": "taxes_000225", "topic": "taxes", "subtopic": "pre_discount_tax", "prompt": "Cart: $46.98, $51.52 with a 20% store discount. Local sales tax is 7.0% (tax calculated before discount). About how much is the total?", "exact_value": 85.7, "model": "qwen/qwen2.5-3b-instruct", "provider": "transformers", "response": "Final answer: -46.98", "numeric_answer": -46.98, "relative_error": 1.5481913652275379, "thinking_text": null, "has_tool_call": false, "tool_call": null, "usage": {"prompt_tokens": 111, "completion_tokens": 10, "total_tokens": 121, "token_count_source": "tokenizer"}, "decoding": {"temperature": 0.2, "top_p": null, "top_k": null, "max_tokens": 256, "seed": 42}, "prompt_tokens": 111, "completion_tokens": 10, "total_tokens": 121, "token_count_source": "tokenizer", "diffusion_steps": null, "flops_estimate": null, "flops_arch": null, "flops_model_params": null, "flops_active_params": null, "tokens_non_final": 3, "tokens_reasoning": 0, "tokens_response": 3, "elapsed_seconds": 0.32886838912963867, "judgement": "Way off"}
{"id": "taxes_000245", "topic": "taxes", "subtopic": "post_discount_tax", "prompt": "Cart: $7.93, $42.44 with a 20% store discount. Local sales tax is 8.5% (tax after discount). About how much is the total?", "exact_value": 43.72, "model": "qwen/qwen2.5-3b-instruct", "provider": "transformers", "response": "Final answer: -1", "numeric_answer": -1.0, "relative_error": 1.0228728270814273, "thinking_text": null, "has_tool_call": false, "tool_call": null, "usage": {"prompt_tokens": 109, "completion_tokens": 6, "total_tokens": 115, "token_count_source": "tokenizer"}, "decoding": {"temperature": 0.2, "top_p": null, "top_k": null, "max_tokens": 256, "seed": 42}, "prompt_tokens": 109, "completion_tokens": 6, "total_tokens": 115, "token_count_source": "tokenizer", "diffusion_steps": null, "flops_estimate": null, "flops_arch": null, "flops_model_params": null, "flops_active_params": null, "tokens_non_final": 3, "tokens_reasoning": 0, "tokens_response": 3, "elapsed_seconds": 0.1967611312866211, "judgement": "Way off"}
{"id": "taxes_000265", "topic": "taxes", "subtopic": "pre_discount_tax", "prompt": "Cart: $49.77, $52.43 with a 15% store discount. Local sales tax is 7.0% (tax calculated before discount). About how much is the total?", "exact_value": 94.02, "model": "qwen/qwen2.5-3b-instruct", "provider": "transformers", "response": "Final answer: -8.69", "numeric_answer": -8.69, "relative_error": 1.0924271431610295, "thinking_text": null, "has_tool_call": false, "tool_call": null, "usage": {"prompt_tokens": 111, "completion_tokens": 9, "total_tokens": 120, "token_count_source": "tokenizer"}, "decoding": {"temperature": 0.2, "top_p": null, "top_k": null, "max_tokens": 256, "seed": 42}, "prompt_tokens": 111, "completion_tokens": 9, "total_tokens": 120, "token_count_source": "tokenizer", "diffusion_steps": null, "flops_estimate": null, "flops_arch": null, "flops_model_params": null, "flops_active_params": null, "tokens_non_final": 3, "tokens_reasoning": 0, "tokens_response": 3, "elapsed_seconds": 0.29418182373046875, "judgement": "Way off"}
{"id": "taxes_000285", "topic": "taxes", "subtopic": "pre_discount_tax", "prompt": "Cart: $55.10, $57.04, $26.06. Local sales tax is 8.0% (tax calculated before discount). About how much is the total?", "exact_value": 149.26, "model": "qwen/qwen2.5-3b-instruct", "provider": "transformers", "response": "Final answer: 5.15", "numeric_answer": 5.15, "relative_error": 0.9654964491491357, "thinking_text": null, "has_tool_call": false, "tool_call": null, "usage": {"prompt_tokens": 110, "completion_tokens": 9, "total_tokens": 119, "token_count_source": "tokenizer"}, "decoding": {"temperature": 0.2, "top_p": null, "top_k": null, "max_tokens": 256, "seed": 42}, "prompt_tokens": 110, "completion_tokens": 9, "total_tokens": 119, "token_count_source": "tokenizer", "diffusion_steps": null, "flops_estimate": null, "flops_arch": null, "flops_model_params": null, "flops_active_params": null, "tokens_non_final": 3, "tokens_reasoning": 0, "tokens_response": 3, "elapsed_seconds": 0.30374860763549805, "judgement": "Way off"}
{"id": "taxes_000305", "topic": "taxes", "subtopic": "post_discount_tax", "prompt": "Cart: $11.77, $16.54, $39.43, $8.08 with a 15% store discount. Local sales tax is 8.0% (tax after discount). About how much is the total?", "exact_value": 69.6, "model": "qwen/qwen2.5-3b-instruct", "provider": "transformers", "response": "Final answer: -1.2", "numeric_answer": -1.2, "relative_error": 1.017241379310345, "thinking_text": null, "has_tool_call": false, "tool_call": null, "usage": {"prompt_tokens": 123, "completion_tokens": 8, "total_tokens": 131, "token_count_source": "tokenizer"}, "decoding": {"temperature": 0.2, "top_p": null, "top_k": null, "max_tokens": 256, "seed": 42}, "prompt_tokens": 123, "completion_tokens": 8, "total_tokens": 131, "token_count_source": "tokenizer", "diffusion_steps": null, "flops_estimate": null, "flops_arch": null, "flops_model_params": null, "flops_active_params": null, "tokens_non_final": 3, "tokens_reasoning": 0, "tokens_response": 3, "elapsed_seconds": 0.2653212547302246, "judgement": "Way off"}
{"id": "taxes_000325", "topic": "taxes", "subtopic": "post_discount_tax", "prompt": "Cart: $39.73, $18.58, $45.77, $3.63, $35.20 with a 20% store discount. Local sales tax is 6.0% (tax after discount). About how much is the total?", "exact_value": 121.19, "model": "qwen/qwen2.5-3b-instruct", "provider": "transformers", "response": "Final answer: -1", "numeric_answer": -1.0, "relative_error": 1.0082515058998267, "thinking_text": null, "has_tool_call": false, "tool_call": null, "usage": {"prompt_tokens": 130, "completion_tokens": 6, "total_tokens": 136, "token_count_source": "tokenizer"}, "decoding": {"temperature": 0.2, "top_p": null, "top_k": null, "max_tokens": 256, "seed": 42}, "prompt_tokens": 130, "completion_tokens": 6, "total_tokens": 136, "token_count_source": "tokenizer", "diffusion_steps": null, "flops_estimate": null, "flops_arch": null, "flops_model_params": null, "flops_active_params": null, "tokens_non_final": 3, "tokens_reasoning": 0, "tokens_response": 3, "elapsed_seconds": 0.19999408721923828, "judgement": "Way off"}
{"id": "taxes_000345", "topic": "taxes", "subtopic": "post_discount_tax", "prompt": "Cart: $24.56, $46.80, $5.58, $29.56 with a 20% store discount. Local sales tax is 7.0% (tax after discount). About how much is the total?", "exact_value": 91.16, "model": "qwen/qwen2.5-3b-instruct", "provider": "transformers", "response": "Final answer: -1", "numeric_answer": -1.0, "relative_error": 1.0109697235629662, "thinking_text": null, "has_tool_call": false, "tool_call": null, "usage": {"prompt_tokens": 123, "completion_tokens": 6, "total_tokens": 129, "token_count_source": "tokenizer"}, "decoding": {"temperature": 0.2, "top_p": null, "top_k": null, "max_tokens": 256, "seed": 42}, "prompt_tokens": 123, "completion_tokens": 6, "total_tokens": 129, "token_count_source": "tokenizer", "diffusion_steps": null, "flops_estimate": null, "flops_arch": null, "flops_model_params": null, "flops_active_params": null, "tokens_non_final": 3, "tokens_reasoning": 0, "tokens_response": 3, "elapsed_seconds": 0.19832944869995117, "judgement": "Way off"}
{"id": "taxes_000365", "topic": "taxes", "subtopic": "pre_discount_tax", "prompt": "Cart: $25.08, $28.92, $32.37 with a 15% store discount. Local sales tax is 6.0% (tax calculated before discount). About how much is the total?", "exact_value": 78.6, "model": "qwen/qwen2.5-3b-instruct", "provider": "transformers", "response": "Final answer: -4.6", "numeric_answer": -4.6, "relative_error": 1.0585241730279897, "thinking_text": null, "has_tool_call": false, "tool_call": null, "usage": {"prompt_tokens": 118, "completion_tokens": 8, "total_tokens": 126, "token_count_source": "tokenizer"}, "decoding": {"temperature": 0.2, "top_p": null, "top_k": null, "max_tokens": 256, "seed": 42}, "prompt_tokens": 118, "completion_tokens": 8, "total_tokens": 126, "token_count_source": "tokenizer", "diffusion_steps": null, "flops_estimate": null, "flops_arch": null, "flops_model_params": null, "flops_active_params": null, "tokens_non_final": 3, "tokens_reasoning": 0, "tokens_response": 3, "elapsed_seconds": 0.2655966281890869, "judgement": "Way off"}
{"id": "taxes_000385", "topic": "taxes", "subtopic": "pre_discount_tax", "prompt": "Cart: $51.59, $30.61, $22.59, $17.83 with a 10% store discount. Local sales tax is 8.5% (tax calculated before discount). About how much is the total?", "exact_value": 120.78, "model": "qwen/qwen2.5-3b-instruct", "provider": "transformers", "response": "Final answer: -1", "numeric_answer": -1.0, "relative_error": 1.0082795164762377, "thinking_text": null, "has_tool_call": false, "tool_call": null, "usage": {"prompt_tokens": 125, "completion_tokens": 6, "total_tokens": 131, "token_count_source": "tokenizer"}, "decoding": {"temperature": 0.2, "top_p": null, "top_k": null, "max_tokens": 256, "seed": 42}, "prompt_tokens": 125, "completion_tokens": 6, "total_tokens": 131, "token_count_source": "tokenizer", "diffusion_steps": null, "flops_estimate": null, "flops_arch": null, "flops_model_params": null, "flops_active_params": null, "tokens_non_final": 3, "tokens_reasoning": 0, "tokens_response": 3, "elapsed_seconds": 0.19901466369628906, "judgement": "Way off"}
{"id": "taxes_000405", "topic": "taxes", "subtopic": "pre_discount_tax", "prompt": "Cart: $53.39, $53.80, $28.30, $24.65, $5.80 with a 20% store discount. Local sales tax is 7.0% (tax calculated before discount). About how much is the total?", "exact_value": 144.37, "model": "qwen/qwen2.5-3b-instruct", "provider": "transformers", "response": "Final answer: -1", "numeric_answer": -1.0, "relative_error": 1.006926646810279, "thinking_text": null, "has_tool_call": false, "tool_call": null, "usage": {"prompt_tokens": 131, "completion_tokens": 6, "total_tokens": 137, "token_count_source": "tokenizer"}, "decoding": {"temperature": 0.2, "top_p": null, "top_k": null, "max_tokens": 256, "seed": 42}, "prompt_tokens": 131, "completion_tokens": 6, "total_tokens": 137, "token_count_source": "tokenizer", "diffusion_steps": null, "flops_estimate": null, "flops_arch": null, "flops_model_params": null, "flops_active_params": null, "tokens_non_final": 3, "tokens_reasoning": 0, "tokens_response": 3, "elapsed_seconds": 0.22475743293762207, "judgement": "Way off"}
{"id": "taxes_000425", "topic": "taxes", "subtopic": "post_discount_tax", "prompt": "Cart: $22.61, $7.97, $56.54, $11.80. Local sales tax is 7.0% (tax after discount). About how much is the total?", "exact_value": 105.84, "model": "qwen/qwen2.5-3b-instruct", "provider": "transformers", "response": "Final answer: -1", "numeric_answer": -1.0, "relative_error": 1.009448223733938, "thinking_text": null, "has_tool_call": false, "tool_call": null, "usage": {"prompt_tokens": 115, "completion_tokens": 6, "total_tokens": 121, "token_count_source": "tokenizer"}, "decoding": {"temperature": 0.2, "top_p": null, "top_k": null, "max_tokens": 256, "seed": 42}, "prompt_tokens": 115, "completion_tokens": 6, "total_tokens": 121, "token_count_source": "tokenizer", "diffusion_steps": null, "flops_estimate": null, "flops_arch": null, "flops_model_params": null, "flops_active_params": null, "tokens_non_final": 3, "tokens_reasoning": 0, "tokens_response": 3, "elapsed_seconds": 0.19973516464233398, "judgement": "Way off"}
{"id": "taxes_000445", "topic": "taxes", "subtopic": "pre_discount_tax", "prompt": "Cart: $46.59, $16.28. Local sales tax is 8.5% (tax calculated before discount). About how much is the total?", "exact_value": 68.21, "model": "qwen/qwen2.5-3b-instruct", "provider": "transformers", "response": "3.6", "numeric_answer": 3.6, "relative_error": 0.9472218149831404, "thinking_text": null, "has_tool_call": false, "tool_call": null, "usage": {"prompt_tokens": 103, "completion_tokens": 4, "total_tokens": 107, "token_count_source": "tokenizer"}, "decoding": {"temperature": 0.2, "top_p": null, "top_k": null, "max_tokens": 256, "seed": 42}, "prompt_tokens": 103, "completion_tokens": 4, "total_tokens": 107, "token_count_source": "tokenizer", "diffusion_steps": null, "flops_estimate": null, "flops_arch": null, "flops_model_params": null, "flops_active_params": null, "tokens_non_final": 1, "tokens_reasoning": 0, "tokens_response": 1, "elapsed_seconds": 0.13357281684875488, "judgement": "Way off"}
{"id": "taxes_000465", "topic": "taxes", "subtopic": "pre_discount_tax", "prompt": "Cart: $4.60, $30.69, $19.15 with a 10% store discount. Local sales tax is 7.0% (tax calculated before discount). About how much is the total?", "exact_value": 52.81, "model": "qwen/qwen2.5-3b-instruct", "provider": "transformers", "response": "Final answer: -8.8", "numeric_answer": -8.8, "relative_error": 1.1666351069873129, "thinking_text": null, "has_tool_call": false, "tool_call": null, "usage": {"prompt_tokens": 117, "completion_tokens": 8, "total_tokens": 125, "token_count_source": "tokenizer"}, "decoding": {"temperature": 0.2, "top_p": null, "top_k": null, "max_tokens": 256, "seed": 42}, "prompt_tokens": 117, "completion_tokens": 8, "total_tokens": 125, "token_count_source": "tokenizer", "diffusion_steps": null, "flops_estimate": null, "flops_arch": null, "flops_model_params": null, "flops_active_params": null, "tokens_non_final": 3, "tokens_reasoning": 0, "tokens_response": 3, "elapsed_seconds": 0.2702486515045166, "judgement": "Way off"}
{"id": "taxes_000485", "topic": "taxes", "subtopic": "post_discount_tax", "prompt": "Cart: $34.84, $9.92, $58.12 with a 15% store discount. Local sales tax is 8.0% (tax after discount). About how much is the total?", "exact_value": 94.44, "model": "qwen/qwen2.5-3b-instruct", "provider": "transformers", "response": "Final answer: -6.78", "numeric_answer": -6.78, "relative_error": 1.0717916137229988, "thinking_text": null, "has_tool_call": false, "tool_call": null, "usage": {"prompt_tokens": 116, "completion_tokens": 9, "total_tokens": 125, "token_count_source": "tokenizer"}, "decoding": {"temperature": 0.2, "top_p": null, "top_k": null, "max_tokens": 256, "seed": 42}, "prompt_tokens": 116, "completion_tokens": 9, "total_tokens": 125, "token_count_source": "tokenizer", "diffusion_steps": null, "flops_estimate": null, "flops_arch": null, "flops_model_params": null, "flops_active_params": null, "tokens_non_final": 3, "tokens_reasoning": 0, "tokens_response": 3, "elapsed_seconds": 0.29915952682495117, "judgement": "Way off"}
{"id": "taxes_000505", "topic": "taxes", "subtopic": "post_discount_tax", "prompt": "Cart: $21.24, $18.83, $46.12, $12.11, $38.47 with a 15% store discount. Local sales tax is 7.0% (tax after discount). About how much is the total?", "exact_value": 124.39, "model": "qwen/qwen2.5-3b-instruct", "provider": "transformers", "response": "Final answer: -1.24", "numeric_answer": -1.24, "relative_error": 1.009968646997347, "thinking_text": null, "has_tool_call": false, "tool_call": null, "usage": {"prompt_tokens": 131, "completion_tokens": 9, "total_tokens": 140, "token_count_source": "tokenizer"}, "decoding": {"temperature": 0.2, "top_p": null, "top_k": null, "max_tokens": 256, "seed": 42}, "prompt_tokens": 131, "completion_tokens": 9, "total_tokens": 140, "token_count_source": "tokenizer", "diffusion_steps": null, "flops_estimate": null, "flops_arch": null, "flops_model_params": null, "flops_active_params": null, "tokens_non_final": 3, "tokens_reasoning": 0, "tokens_response": 3, "elapsed_seconds": 0.32033538818359375, "judgement": "Way off"}
{"id": "taxes_000525", "topic": "taxes", "subtopic": "pre_discount_tax", "prompt": "Cart: $40.81, $31.93, $33.24, $7.40. Local sales tax is 7.0% (tax calculated before discount). About how much is the total?", "exact_value": 121.32, "model": "qwen/qwen2.5-3b-instruct", "provider": "transformers", "response": "Final answer: 4.65", "numeric_answer": 4.65, "relative_error": 0.961671612265084, "thinking_text": null, "has_tool_call": false, "tool_call": null, "usage": {"prompt_tokens": 116, "completion_tokens": 9, "total_tokens": 125, "token_count_source": "tokenizer"}, "decoding": {"temperature": 0.2, "top_p": null, "top_k": null, "max_tokens": 256, "seed": 42}, "prompt_tokens": 116, "completion_tokens": 9, "total_tokens": 125, "token_count_source": "tokenizer", "diffusion_steps": null, "flops_estimate": null, "flops_arch": null, "flops_model_params": null, "flops_active_params": null, "tokens_non_final": 3, "tokens_reasoning": 0, "tokens_response": 3, "elapsed_seconds": 0.30681800842285156, "judgement": "Way off"}
{"id": "taxes_000545", "topic": "taxes", "subtopic": "pre_discount_tax", "prompt": "Cart: $59.68, $15.72 with a 15% store discount. Local sales tax is 8.5% (tax calculated before discount). About how much is the total?", "exact_value": 70.5, "model": "qwen/qwen2.5-3b-instruct", "provider": "transformers", "response": "Final answer: -0.6", "numeric_answer": -0.6, "relative_error": 1.0085106382978724, "thinking_text": null, "has_tool_call": false, "tool_call": null, "usage": {"prompt_tokens": 111, "completion_tokens": 8, "total_tokens": 119, "token_count_source": "tokenizer"}, "decoding": {"temperature": 0.2, "top_p": null, "top_k": null, "max_tokens": 256, "seed": 42}, "prompt_tokens": 111, "completion_tokens": 8, "total_tokens": 119, "token_count_source": "tokenizer", "diffusion_steps": null, "flops_estimate": null, "flops_arch": null, "flops_model_params": null, "flops_active_params": null, "tokens_non_final": 3, "tokens_reasoning": 0, "tokens_response": 3, "elapsed_seconds": 0.29572463035583496, "judgement": "Way off"}
{"id": "taxes_000565", "topic": "taxes", "subtopic": "pre_discount_tax", "prompt": "Cart: $26.85, $46.69, $42.49 with a 10% store discount. Local sales tax is 8.0% (tax calculated before discount). About how much is the total?", "exact_value": 113.71, "model": "qwen/qwen2.5-3b-instruct", "provider": "transformers", "response": "Final answer: -1", "numeric_answer": -1.0, "relative_error": 1.0087943012927623, "thinking_text": null, "has_tool_call": false, "tool_call": null, "usage": {"prompt_tokens": 118, "completion_tokens": 6, "total_tokens": 124, "token_count_source": "tokenizer"}, "decoding": {"temperature": 0.2, "top_p": null, "top_k": null, "max_tokens": 256, "seed": 42}, "prompt_tokens": 118, "completion_tokens": 6, "total_tokens": 124, "token_count_source": "tokenizer", "diffusion_steps": null, "flops_estimate": null, "flops_arch": null, "flops_model_params": null, "flops_active_params": null, "tokens_non_final": 3, "tokens_reasoning": 0, "tokens_response": 3, "elapsed_seconds": 0.21862244606018066, "judgement": "Way off"}
{"id": "taxes_000585", "topic": "taxes", "subtopic": "pre_discount_tax", "prompt": "Cart: $39.46, $16.46, $27.60 with a 15% store discount. Local sales tax is 7.5% (tax calculated before discount). About how much is the total?", "exact_value": 77.26, "model": "qwen/qwen2.5-3b-instruct", "provider": "transformers", "response": "Final answer: -1", "numeric_answer": -1.0, "relative_error": 1.012943308309604, "thinking_text": null, "has_tool_call": false, "tool_call": null, "usage": {"prompt_tokens": 118, "completion_tokens": 6, "total_tokens": 124, "token_count_source": "tokenizer"}, "decoding": {"temperature": 0.2, "top_p": null, "top_k": null, "max_tokens": 256, "seed": 42}, "prompt_tokens": 118, "completion_tokens": 6, "total_tokens": 124, "token_count_source": "tokenizer", "diffusion_steps": null, "flops_estimate": null, "flops_arch": null, "flops_model_params": null, "flops_active_params": null, "tokens_non_final": 3, "tokens_reasoning": 0, "tokens_response": 3, "elapsed_seconds": 0.21663355827331543, "judgement": "Way off"}
{"id": "taxes_000605", "topic": "taxes", "subtopic": "post_discount_tax", "prompt": "Cart: $56.51, $45.65, $41.70 with a 15% store discount. Local sales tax is 8.5% (tax after discount). About how much is the total?", "exact_value": 132.67, "model": "qwen/qwen2.5-3b-instruct", "provider": "transformers", "response": "Final answer: -1", "numeric_answer": -1.0, "relative_error": 1.0075374990578125, "thinking_text": null, "has_tool_call": false, "tool_call": null, "usage": {"prompt_tokens": 117, "completion_tokens": 6, "total_tokens": 123, "token_count_source": "tokenizer"}, "decoding": {"temperature": 0.2, "top_p": null, "top_k": null, "max_tokens": 256, "seed": 42}, "prompt_tokens": 117, "completion_tokens": 6, "total_tokens": 123, "token_count_source": "tokenizer", "diffusion_steps": null, "flops_estimate": null, "flops_arch": null, "flops_model_params": null, "flops_active_params": null, "tokens_non_final": 3, "tokens_reasoning": 0, "tokens_response": 3, "elapsed_seconds": 0.22212791442871094, "judgement": "Way off"}
{"id": "taxes_000625", "topic": "taxes", "subtopic": "post_discount_tax", "prompt": "Cart: $45.52, $11.14, $39.66 with a 15% store discount. Local sales tax is 7.5% (tax after discount). About how much is the total?", "exact_value": 88.01, "model": "qwen/qwen2.5-3b-instruct", "provider": "transformers", "response": "Final answer: -8.6", "numeric_answer": -8.6, "relative_error": 1.0977161686172026, "thinking_text": null, "has_tool_call": false, "tool_call": null, "usage": {"prompt_tokens": 117, "completion_tokens": 8, "total_tokens": 125, "token_count_source": "tokenizer"}, "decoding": {"temperature": 0.2, "top_p": null, "top_k": null, "max_tokens": 256, "seed": 42}, "prompt_tokens": 117, "completion_tokens": 8, "total_tokens": 125, "token_count_source": "tokenizer", "diffusion_steps": null, "flops_estimate": null, "flops_arch": null, "flops_model_params": null, "flops_active_params": null, "tokens_non_final": 3, "tokens_reasoning": 0, "tokens_response": 3, "elapsed_seconds": 0.29133176803588867, "judgement": "Way off"}
{"id": "taxes_000645", "topic": "taxes", "subtopic": "post_discount_tax", "prompt": "Cart: $49.33, $22.71, $22.30, $10.61 with a 10% store discount. Local sales tax is 8.0% (tax after discount). About how much is the total?", "exact_value": 102.01, "model": "qwen/qwen2.5-3b-instruct", "provider": "transformers", "response": "Final answer: -4.85", "numeric_answer": -4.85, "relative_error": 1.0475443583962356, "thinking_text": null, "has_tool_call": false, "tool_call": null, "usage": {"prompt_tokens": 124, "completion_tokens": 9, "total_tokens": 133, "token_count_source": "tokenizer"}, "decoding": {"temperature": 0.2, "top_p": null, "top_k": null, "max_tokens": 256, "seed": 42}, "prompt_tokens": 124, "completion_tokens": 9, "total_tokens": 133, "token_count_source": "tokenizer", "diffusion_steps": null, "flops_estimate": null, "flops_arch": null, "flops_model_params": null, "flops_active_params": null, "tokens_non_final": 3, "tokens_reasoning": 0, "tokens_response": 3, "elapsed_seconds": 0.3253309726715088, "judgement": "Way off"}
{"id": "taxes_000665", "topic": "taxes", "subtopic": "post_discount_tax", "prompt": "Cart: $34.33, $12.25, $33.01 with a 10% store discount. Local sales tax is 8.5% (tax after discount). About how much is the total?", "exact_value": 77.72, "model": "qwen/qwen2.5-3b-instruct", "provider": "transformers", "response": "Final answer: -6.84", "numeric_answer": -6.84, "relative_error": 1.088008234688626, "thinking_text": null, "has_tool_call": false, "tool_call": null, "usage": {"prompt_tokens": 117, "completion_tokens": 9, "total_tokens": 126, "token_count_source": "tokenizer"}, "decoding": {"temperature": 0.2, "top_p": null, "top_k": null, "max_tokens": 256, "seed": 42}, "prompt_tokens": 117, "completion_tokens": 9, "total_tokens": 126, "token_count_source": "tokenizer", "diffusion_steps": null, "flops_estimate": null, "flops_arch": null, "flops_model_params": null, "flops_active_params": null, "tokens_non_final": 3, "tokens_reasoning": 0, "tokens_response": 3, "elapsed_seconds": 0.32952880859375, "judgement": "Way off"}
{"id": "taxes_000685", "topic": "taxes", "subtopic": "post_discount_tax", "prompt": "Cart: $45.39, $47.08, $42.29, $28.76, $33.64. Local sales tax is 8.0% (tax after discount). About how much is the total?", "exact_value": 212.93, "model": "qwen/qwen2.5-3b-instruct", "provider": "transformers", "response": "Final answer: 4.19", "numeric_answer": 4.19, "relative_error": 0.980322171605692, "thinking_text": null, "has_tool_call": false, "tool_call": null, "usage": {"prompt_tokens": 123, "completion_tokens": 9, "total_tokens": 132, "token_count_source": "tokenizer"}, "decoding": {"temperature": 0.2, "top_p": null, "top_k": null, "max_tokens": 256, "seed": 42}, "prompt_tokens": 123, "completion_tokens": 9, "total_tokens": 132, "token_count_source": "tokenizer", "diffusion_steps": null, "flops_estimate": null, "flops_arch": null, "flops_model_params": null, "flops_active_params": null, "tokens_non_final": 3, "tokens_reasoning": 0, "tokens_response": 3, "elapsed_seconds": 0.3256056308746338, "judgement": "Way off"}
{"id": "taxes_000705", "topic": "taxes", "subtopic": "post_discount_tax", "prompt": "Cart: $40.98, $7.11, $42.94, $15.29 with a 10% store discount. Local sales tax is 8.0% (tax after discount). About how much is the total?", "exact_value": 103.34, "model": "qwen/qwen2.5-3b-instruct", "provider": "transformers", "response": "Final answer: -4.6", "numeric_answer": -4.6, "relative_error": 1.0445132572092122, "thinking_text": null, "has_tool_call": false, "tool_call": null, "usage": {"prompt_tokens": 123, "completion_tokens": 8, "total_tokens": 131, "token_count_source": "tokenizer"}, "decoding": {"temperature": 0.2, "top_p": null, "top_k": null, "max_tokens": 256, "seed": 42}, "prompt_tokens": 123, "completion_tokens": 8, "total_tokens": 131, "token_count_source": "tokenizer", "diffusion_steps": null, "flops_estimate": null, "flops_arch": null, "flops_model_params": null, "flops_active_params": null, "tokens_non_final": 3, "tokens_reasoning": 0, "tokens_response": 3, "elapsed_seconds": 0.29461121559143066, "judgement": "Way off"}
{"id": "taxes_000725", "topic": "taxes", "subtopic": "post_discount_tax", "prompt": "Cart: $58.29, $57.54, $3.90, $13.77, $33.83 with a 15% store discount. Local sales tax is 7.0% (tax after discount). About how much is the total?", "exact_value": 152.19, "model": "qwen/qwen2.5-3b-instruct", "provider": "transformers", "response": "Final answer: -1", "numeric_answer": -1.0, "relative_error": 1.0065707339509824, "thinking_text": null, "has_tool_call": false, "tool_call": null, "usage": {"prompt_tokens": 130, "completion_tokens": 6, "total_tokens": 136, "token_count_source": "tokenizer"}, "decoding": {"temperature": 0.2, "top_p": null, "top_k": null, "max_tokens": 256, "seed": 42}, "prompt_tokens": 130, "completion_tokens": 6, "total_tokens": 136, "token_count_source": "tokenizer", "diffusion_steps": null, "flops_estimate": null, "flops_arch": null, "flops_model_params": null, "flops_active_params": null, "tokens_non_final": 3, "tokens_reasoning": 0, "tokens_response": 3, "elapsed_seconds": 0.21318459510803223, "judgement": "Way off"}
{"id": "taxes_000745", "topic": "taxes", "subtopic": "post_discount_tax", "prompt": "Cart: $54.15, $17.05, $39.04, $11.06 with a 20% store discount. Local sales tax is 6.0% (tax after discount). About how much is the total?", "exact_value": 102.86, "model": "qwen/qwen2.5-3b-instruct", "provider": "transformers", "response": "Final answer: -1.06", "numeric_answer": -1.06, "relative_error": 1.0103052692980752, "thinking_text": null, "has_tool_call": false, "tool_call": null, "usage": {"prompt_tokens": 124, "completion_tokens": 9, "total_tokens": 133, "token_count_source": "tokenizer"}, "decoding": {"temperature": 0.2, "top_p": null, "top_k": null, "max_tokens": 256, "seed": 42}, "prompt_tokens": 124, "completion_tokens": 9, "total_tokens": 133, "token_count_source": "tokenizer", "diffusion_steps": null, "flops_estimate": null, "flops_arch": null, "flops_model_params": null, "flops_active_params": null, "tokens_non_final": 3, "tokens_reasoning": 0, "tokens_response": 3, "elapsed_seconds": 0.3203542232513428, "judgement": "Way off"}
{"id": "taxes_000765", "topic": "taxes", "subtopic": "pre_discount_tax", "prompt": "Cart: $57.68, $16.68, $27.84, $52.23, $26.02 with a 15% store discount. Local sales tax is 6.0% (tax calculated before discount). About how much is the total?", "exact_value": 164.21, "model": "qwen/qwen2.5-3b-instruct", "provider": "transformers", "response": "Final answer: -1", "numeric_answer": -1.0, "relative_error": 1.006089763108215, "thinking_text": null, "has_tool_call": false, "tool_call": null, "usage": {"prompt_tokens": 132, "completion_tokens": 6, "total_tokens": 138, "token_count_source": "tokenizer"}, "decoding": {"temperature": 0.2, "top_p": null, "top_k": null, "max_tokens": 256, "seed": 42}, "prompt_tokens": 132, "completion_tokens": 6, "total_tokens": 138, "token_count_source": "tokenizer", "diffusion_steps": null, "flops_estimate": null, "flops_arch": null, "flops_model_params": null, "flops_active_params": null, "tokens_non_final": 3, "tokens_reasoning": 0, "tokens_response": 3, "elapsed_seconds": 0.22086811065673828, "judgement": "Way off"}
{"id": "taxes_000785", "topic": "taxes", "subtopic": "post_discount_tax", "prompt": "Cart: $25.69, $31.24 with a 10% store discount. Local sales tax is 6.0% (tax after discount). About how much is the total?", "exact_value": 54.31, "model": "qwen/qwen2.5-3b-instruct", "provider": "transformers", "response": "Final answer: 25.69", "numeric_answer": 25.69, "relative_error": 0.5269747744430123, "thinking_text": null, "has_tool_call": false, "tool_call": null, "usage": {"prompt_tokens": 110, "completion_tokens": 10, "total_tokens": 120, "token_count_source": "tokenizer"}, "decoding": {"temperature": 0.2, "top_p": null, "top_k": null, "max_tokens": 256, "seed": 42}, "prompt_tokens": 110, "completion_tokens": 10, "total_tokens": 120, "token_count_source": "tokenizer", "diffusion_steps": null, "flops_estimate": null, "flops_arch": null, "flops_model_params": null, "flops_active_params": null, "tokens_non_final": 3, "tokens_reasoning": 0, "tokens_response": 3, "elapsed_seconds": 0.34961581230163574, "judgement": "Mildly off"}
{"id": "taxes_000805", "topic": "taxes", "subtopic": "post_discount_tax", "prompt": "Cart: $40.12, $28.74 with a 15% store discount. Local sales tax is 7.5% (tax after discount). About how much is the total?", "exact_value": 62.92, "model": "qwen/qwen2.5-3b-instruct", "provider": "transformers", "response": "Final answer: 4.6", "numeric_answer": 4.6, "relative_error": 0.9268912905276542, "thinking_text": null, "has_tool_call": false, "tool_call": null, "usage": {"prompt_tokens": 110, "completion_tokens": 8, "total_tokens": 118, "token_count_source": "tokenizer"}, "decoding": {"temperature": 0.2, "top_p": null, "top_k": null, "max_tokens": 256, "seed": 42}, "prompt_tokens": 110, "completion_tokens": 8, "total_tokens": 118, "token_count_source": "tokenizer", "diffusion_steps": null, "flops_estimate": null, "flops_arch": null, "flops_model_params": null, "flops_active_params": null, "tokens_non_final": 3, "tokens_reasoning": 0, "tokens_response": 3, "elapsed_seconds": 0.2774629592895508, "judgement": "Way off"}
{"id": "taxes_000825", "topic": "taxes", "subtopic": "pre_discount_tax", "prompt": "Cart: $42.07, $45.58, $4.03. Local sales tax is 8.5% (tax calculated before discount). About how much is the total?", "exact_value": 99.47, "model": "qwen/qwen2.5-3b-instruct", "provider": "transformers", "response": "Final answer: 4.16", "numeric_answer": 4.16, "relative_error": 0.9581783452297176, "thinking_text": null, "has_tool_call": false, "tool_call": null, "usage": {"prompt_tokens": 109, "completion_tokens": 9, "total_tokens": 118, "token_count_source": "tokenizer"}, "decoding": {"temperature": 0.2, "top_p": null, "top_k": null, "max_tokens": 256, "seed": 42}, "prompt_tokens": 109, "completion_tokens": 9, "total_tokens": 118, "token_count_source": "tokenizer", "diffusion_steps": null, "flops_estimate": null, "flops_arch": null, "flops_model_params": null, "flops_active_params": null, "tokens_non_final": 3, "tokens_reasoning": 0, "tokens_response": 3, "elapsed_seconds": 0.31076860427856445, "judgement": "Way off"}
{"id": "taxes_000845", "topic": "taxes", "subtopic": "post_discount_tax", "prompt": "Cart: $15.87, $9.20, $33.08, $43.65, $38.88 with a 20% store discount. Local sales tax is 6.0% (tax after discount). About how much is the total?", "exact_value": 119.3, "model": "qwen/qwen2.5-3b-instruct", "provider": "transformers", "response": "Final answer: -1", "numeric_answer": -1.0, "relative_error": 1.008382229673093, "thinking_text": null, "has_tool_call": false, "tool_call": null, "usage": {"prompt_tokens": 130, "completion_tokens": 6, "total_tokens": 136, "token_count_source": "tokenizer"}, "decoding": {"temperature": 0.2, "top_p": null, "top_k": null, "max_tokens": 256, "seed": 42}, "prompt_tokens": 130, "completion_tokens": 6, "total_tokens": 136, "token_count_source": "tokenizer", "diffusion_steps": null, "flops_estimate": null, "flops_arch": null, "flops_model_params": null, "flops_active_params": null, "tokens_non_final": 3, "tokens_reasoning": 0, "tokens_response": 3, "elapsed_seconds": 0.21742749214172363, "judgement": "Way off"}
{"id": "taxes_000865", "topic": "taxes", "subtopic": "post_discount_tax", "prompt": "Cart: $58.64, $45.63, $26.84 with a 20% store discount. Local sales tax is 7.5% (tax after discount). About how much is the total?", "exact_value": 112.75, "model": "qwen/qwen2.5-3b-instruct", "provider": "transformers", "response": "Final answer: -1", "numeric_answer": -1.0, "relative_error": 1.0088691796008868, "thinking_text": null, "has_tool_call": false, "tool_call": null, "usage": {"prompt_tokens": 117, "completion_tokens": 6, "total_tokens": 123, "token_count_source": "tokenizer"}, "decoding": {"temperature": 0.2, "top_p": null, "top_k": null, "max_tokens": 256, "seed": 42}, "prompt_tokens": 117, "completion_tokens": 6, "total_tokens": 123, "token_count_source": "tokenizer", "diffusion_steps": null, "flops_estimate": null, "flops_arch": null, "flops_model_params": null, "flops_active_params": null, "tokens_non_final": 3, "tokens_reasoning": 0, "tokens_response": 3, "elapsed_seconds": 0.21033525466918945, "judgement": "Way off"}
{"id": "taxes_000885", "topic": "taxes", "subtopic": "post_discount_tax", "prompt": "Cart: $14.40, $32.79, $9.47, $52.98, $5.25 with a 15% store discount. Local sales tax is 7.0% (tax after discount). About how much is the total?", "exact_value": 104.49, "model": "qwen/qwen2.5-3b-instruct", "provider": "transformers", "response": "Final answer: -1", "numeric_answer": -1.0, "relative_error": 1.00957029380802, "thinking_text": null, "has_tool_call": false, "tool_call": null, "usage": {"prompt_tokens": 129, "completion_tokens": 6, "total_tokens": 135, "token_count_source": "tokenizer"}, "decoding": {"temperature": 0.2, "top_p": null, "top_k": null, "max_tokens": 256, "seed": 42}, "prompt_tokens": 129, "completion_tokens": 6, "total_tokens": 135, "token_count_source": "tokenizer", "diffusion_steps": null, "flops_estimate": null, "flops_arch": null, "flops_model_params": null, "flops_active_params": null, "tokens_non_final": 3, "tokens_reasoning": 0, "tokens_response": 3, "elapsed_seconds": 0.21733713150024414, "judgement": "Way off"}
{"id": "taxes_000905", "topic": "taxes", "subtopic": "pre_discount_tax", "prompt": "Cart: $17.90, $48.48, $26.49, $5.89. Local sales tax is 8.5% (tax calculated before discount). About how much is the total?", "exact_value": 107.15, "model": "qwen/qwen2.5-3b-instruct", "provider": "transformers", "response": "Final answer: 1.8", "numeric_answer": 1.8, "relative_error": 0.9832011199253383, "thinking_text": null, "has_tool_call": false, "tool_call": null, "usage": {"prompt_tokens": 116, "completion_tokens": 8, "total_tokens": 124, "token_count_source": "tokenizer"}, "decoding": {"temperature": 0.2, "top_p": null, "top_k": null, "max_tokens": 256, "seed": 42}, "prompt_tokens": 116, "completion_tokens": 8, "total_tokens": 124, "token_count_source": "tokenizer", "diffusion_steps": null, "flops_estimate": null, "flops_arch": null, "flops_model_params": null, "flops_active_params": null, "tokens_non_final": 3, "tokens_reasoning": 0, "tokens_response": 3, "elapsed_seconds": 0.2778801918029785, "judgement": "Way off"}
{"id": "taxes_000925", "topic": "taxes", "subtopic": "post_discount_tax", "prompt": "Cart: $22.10, $57.77 with a 10% store discount. Local sales tax is 8.5% (tax after discount). About how much is the total?", "exact_value": 77.99, "model": "qwen/qwen2.5-3b-instruct", "provider": "transformers", "response": "Final answer: -1", "numeric_answer": -1.0, "relative_error": 1.0128221566867548, "thinking_text": null, "has_tool_call": false, "tool_call": null, "usage": {"prompt_tokens": 110, "completion_tokens": 6, "total_tokens": 116, "token_count_source": "tokenizer"}, "decoding": {"temperature": 0.2, "top_p": null, "top_k": null, "max_tokens": 256, "seed": 42}, "prompt_tokens": 110, "completion_tokens": 6, "total_tokens": 116, "token_count_source": "tokenizer", "diffusion_steps": null, "flops_estimate": null, "flops_arch": null, "flops_model_params": null, "flops_active_params": null, "tokens_non_final": 3, "tokens_reasoning": 0, "tokens_response": 3, "elapsed_seconds": 0.21150898933410645, "judgement": "Way off"}
{"id": "taxes_000945", "topic": "taxes", "subtopic": "post_discount_tax", "prompt": "Cart: $23.57, $36.87, $52.49, $25.07 with a 15% store discount. Local sales tax is 7.5% (tax after discount). About how much is the total?", "exact_value": 126.1, "model": "qwen/qwen2.5-3b-instruct", "provider": "transformers", "response": "Final answer: -1", "numeric_answer": -1.0, "relative_error": 1.007930214115781, "thinking_text": null, "has_tool_call": false, "tool_call": null, "usage": {"prompt_tokens": 124, "completion_tokens": 6, "total_tokens": 130, "token_count_source": "tokenizer"}, "decoding": {"temperature": 0.2, "top_p": null, "top_k": null, "max_tokens": 256, "seed": 42}, "prompt_tokens": 124, "completion_tokens": 6, "total_tokens": 130, "token_count_source": "tokenizer", "diffusion_steps": null, "flops_estimate": null, "flops_arch": null, "flops_model_params": null, "flops_active_params": null, "tokens_non_final": 3, "tokens_reasoning": 0, "tokens_response": 3, "elapsed_seconds": 0.19988083839416504, "judgement": "Way off"}
{"id": "taxes_000965", "topic": "taxes", "subtopic": "post_discount_tax", "prompt": "Cart: $29.91, $42.03, $30.26 with a 15% store discount. Local sales tax is 6.0% (tax after discount). About how much is the total?", "exact_value": 92.08, "model": "qwen/qwen2.5-3b-instruct", "provider": "transformers", "response": "Final answer: -8.94", "numeric_answer": -8.94, "relative_error": 1.097089487402259, "thinking_text": null, "has_tool_call": false, "tool_call": null, "usage": {"prompt_tokens": 117, "completion_tokens": 9, "total_tokens": 126, "token_count_source": "tokenizer"}, "decoding": {"temperature": 0.2, "top_p": null, "top_k": null, "max_tokens": 256, "seed": 42}, "prompt_tokens": 117, "completion_tokens": 9, "total_tokens": 126, "token_count_source": "tokenizer", "diffusion_steps": null, "flops_estimate": null, "flops_arch": null, "flops_model_params": null, "flops_active_params": null, "tokens_non_final": 3, "tokens_reasoning": 0, "tokens_response": 3, "elapsed_seconds": 0.30771803855895996, "judgement": "Way off"}
{"id": "taxes_000985", "topic": "taxes", "subtopic": "post_discount_tax", "prompt": "Cart: $14.82, $23.08, $24.88, $58.19, $52.19 with a 15% store discount. Local sales tax is 8.5% (tax after discount). About how much is the total?", "exact_value": 159.7, "model": "qwen/qwen2.5-3b-instruct", "provider": "transformers", "response": "Final answer: -1", "numeric_answer": -1.0, "relative_error": 1.0062617407639323, "thinking_text": null, "has_tool_call": false, "tool_call": null, "usage": {"prompt_tokens": 131, "completion_tokens": 6, "total_tokens": 137, "token_count_source": "tokenizer"}, "decoding": {"temperature": 0.2, "top_p": null, "top_k": null, "max_tokens": 256, "seed": 42}, "prompt_tokens": 131, "completion_tokens": 6, "total_tokens": 137, "token_count_source": "tokenizer", "diffusion_steps": null, "flops_estimate": null, "flops_arch": null, "flops_model_params": null, "flops_active_params": null, "tokens_non_final": 3, "tokens_reasoning": 0, "tokens_response": 3, "elapsed_seconds": 0.21103572845458984, "judgement": "Way off"}
{"id": "taxes_001005", "topic": "taxes", "subtopic": "post_discount_tax", "prompt": "Cart: $35.46, $30.01, $32.78, $59.76, $52.25 with a 20% store discount. Local sales tax is 6.0% (tax after discount). About how much is the total?", "exact_value": 178.3, "model": "qwen/qwen2.5-3b-instruct", "provider": "transformers", "response": "Final answer: -1", "numeric_answer": -1.0, "relative_error": 1.005608524957936, "thinking_text": null, "has_tool_call": false, "tool_call": null, "usage": {"prompt_tokens": 131, "completion_tokens": 6, "total_tokens": 137, "token_count_source": "tokenizer"}, "decoding": {"temperature": 0.2, "top_p": null, "top_k": null, "max_tokens": 256, "seed": 42}, "prompt_tokens": 131, "completion_tokens": 6, "total_tokens": 137, "token_count_source": "tokenizer", "diffusion_steps": null, "flops_estimate": null, "flops_arch": null, "flops_model_params": null, "flops_active_params": null, "tokens_non_final": 3, "tokens_reasoning": 0, "tokens_response": 3, "elapsed_seconds": 0.20638442039489746, "judgement": "Way off"}
{"id": "taxes_001025", "topic": "taxes", "subtopic": "post_discount_tax", "prompt": "Cart: $48.98, $51.04, $48.93, $42.06 with a 10% store discount. Local sales tax is 7.0% (tax after discount). About how much is the total?", "exact_value": 183.94, "model": "qwen/qwen2.5-3b-instruct", "provider": "transformers", "response": "Final answer: -4.899.", "numeric_answer": -4.899, "relative_error": 1.026633684897249, "thinking_text": null, "has_tool_call": false, "tool_call": null, "usage": {"prompt_tokens": 124, "completion_tokens": 11, "total_tokens": 135, "token_count_source": "tokenizer"}, "decoding": {"temperature": 0.2, "top_p": null, "top_k": null, "max_tokens": 256, "seed": 42}, "prompt_tokens": 124, "completion_tokens": 11, "total_tokens": 135, "token_count_source": "tokenizer", "diffusion_steps": null, "flops_estimate": null, "flops_arch": null, "flops_model_params": null, "flops_active_params": null, "tokens_non_final": 3, "tokens_reasoning": 0, "tokens_response": 3, "elapsed_seconds": 0.3806602954864502, "judgement": "Way off"}
{"id": "taxes_001045", "topic": "taxes", "subtopic": "pre_discount_tax", "prompt": "Cart: $7.00, $19.59, $22.19, $24.07, $59.04 with a 15% store discount. Local sales tax is 8.5% (tax calculated before discount). About how much is the total?", "exact_value": 123.32, "model": "qwen/qwen2.5-3b-instruct", "provider": "transformers", "response": "Final answer: -1", "numeric_answer": -1.0, "relative_error": 1.0081089847551086, "thinking_text": null, "has_tool_call": false, "tool_call": null, "usage": {"prompt_tokens": 131, "completion_tokens": 6, "total_tokens": 137, "token_count_source": "tokenizer"}, "decoding": {"temperature": 0.2, "top_p": null, "top_k": null, "max_tokens": 256, "seed": 42}, "prompt_tokens": 131, "completion_tokens": 6, "total_tokens": 137, "token_count_source": "tokenizer", "diffusion_steps": null, "flops_estimate": null, "flops_arch": null, "flops_model_params": null, "flops_active_params": null, "tokens_non_final": 3, "tokens_reasoning": 0, "tokens_response": 3, "elapsed_seconds": 0.216141939163208, "judgement": "Way off"}
{"id": "taxes_001065", "topic": "taxes", "subtopic": "post_discount_tax", "prompt": "Cart: $30.65, $11.90, $49.60, $20.83 with a 15% store discount. Local sales tax is 6.0% (tax after discount). About how much is the total?", "exact_value": 101.79, "model": "qwen/qwen2.5-3b-instruct", "provider": "transformers", "response": "Final answer: -1", "numeric_answer": -1.0, "relative_error": 1.0098241477551821, "thinking_text": null, "has_tool_call": false, "tool_call": null, "usage": {"prompt_tokens": 124, "completion_tokens": 6, "total_tokens": 130, "token_count_source": "tokenizer"}, "decoding": {"temperature": 0.2, "top_p": null, "top_k": null, "max_tokens": 256, "seed": 42}, "prompt_tokens": 124, "completion_tokens": 6, "total_tokens": 130, "token_count_source": "tokenizer", "diffusion_steps": null, "flops_estimate": null, "flops_arch": null, "flops_model_params": null, "flops_active_params": null, "tokens_non_final": 3, "tokens_reasoning": 0, "tokens_response": 3, "elapsed_seconds": 0.2083721160888672, "judgement": "Way off"}
{"id": "taxes_001085", "topic": "taxes", "subtopic": "pre_discount_tax", "prompt": "Cart: $51.75, $41.44, $42.58 with a 15% store discount. Local sales tax is 6.0% (tax calculated before discount). About how much is the total?", "exact_value": 123.55, "model": "qwen/qwen2.5-3b-instruct", "provider": "transformers", "response": "Final answer: -1", "numeric_answer": -1.0, "relative_error": 1.0080938891137192, "thinking_text": null, "has_tool_call": false, "tool_call": null, "usage": {"prompt_tokens": 118, "completion_tokens": 6, "total_tokens": 124, "token_count_source": "tokenizer"}, "decoding": {"temperature": 0.2, "top_p": null, "top_k": null, "max_tokens": 256, "seed": 42}, "prompt_tokens": 118, "completion_tokens": 6, "total_tokens": 124, "token_count_source": "tokenizer", "diffusion_steps": null, "flops_estimate": null, "flops_arch": null, "flops_model_params": null, "flops_active_params": null, "tokens_non_final": 3, "tokens_reasoning": 0, "tokens_response": 3, "elapsed_seconds": 0.21243762969970703, "judgement": "Way off"}
{"id": "taxes_001105", "topic": "taxes", "subtopic": "post_discount_tax", "prompt": "Cart: $35.89, $11.55 with a 15% store discount. Local sales tax is 6.0% (tax after discount). About how much is the total?", "exact_value": 42.74, "model": "qwen/qwen2.5-3b-instruct", "provider": "transformers", "response": "Final answer: 35.89", "numeric_answer": 35.89, "relative_error": 0.1602714085166121, "thinking_text": null, "has_tool_call": false, "tool_call": null, "usage": {"prompt_tokens": 110, "completion_tokens": 10, "total_tokens": 120, "token_count_source": "tokenizer"}, "decoding": {"temperature": 0.2, "top_p": null, "top_k": null, "max_tokens": 256, "seed": 42}, "prompt_tokens": 110, "completion_tokens": 10, "total_tokens": 120, "token_count_source": "tokenizer", "diffusion_steps": null, "flops_estimate": null, "flops_arch": null, "flops_model_params": null, "flops_active_params": null, "tokens_non_final": 3, "tokens_reasoning": 0, "tokens_response": 3, "elapsed_seconds": 0.34728527069091797, "judgement": "Good approximation"}
{"id": "taxes_001125", "topic": "taxes", "subtopic": "post_discount_tax", "prompt": "Cart: $33.29, $22.97, $51.18 with a 20% store discount. Local sales tax is 8.5% (tax after discount). About how much is the total?", "exact_value": 93.26, "model": "qwen/qwen2.5-3b-instruct", "provider": "transformers", "response": "Final answer: 33.29", "numeric_answer": 33.29, "relative_error": 0.6430409607548788, "thinking_text": null, "has_tool_call": false, "tool_call": null, "usage": {"prompt_tokens": 117, "completion_tokens": 10, "total_tokens": 127, "token_count_source": "tokenizer"}, "decoding": {"temperature": 0.2, "top_p": null, "top_k": null, "max_tokens": 256, "seed": 42}, "prompt_tokens": 117, "completion_tokens": 10, "total_tokens": 127, "token_count_source": "tokenizer", "diffusion_steps": null, "flops_estimate": null, "flops_arch": null, "flops_model_params": null, "flops_active_params": null, "tokens_non_final": 3, "tokens_reasoning": 0, "tokens_response": 3, "elapsed_seconds": 0.3282186985015869, "judgement": "Way off"}
{"id": "taxes_001145", "topic": "taxes", "subtopic": "pre_discount_tax", "prompt": "Cart: $20.48, $7.68, $10.58, $20.51, $20.54 with a 10% store discount. Local sales tax is 7.5% (tax calculated before discount). About how much is the total?", "exact_value": 77.8, "model": "qwen/qwen2.5-3b-instruct", "provider": "transformers", "response": "Final answer: -1", "numeric_answer": -1.0, "relative_error": 1.012853470437018, "thinking_text": null, "has_tool_call": false, "tool_call": null, "usage": {"prompt_tokens": 131, "completion_tokens": 6, "total_tokens": 137, "token_count_source": "tokenizer"}, "decoding": {"temperature": 0.2, "top_p": null, "top_k": null, "max_tokens": 256, "seed": 42}, "prompt_tokens": 131, "completion_tokens": 6, "total_tokens": 137, "token_count_source": "tokenizer", "diffusion_steps": null, "flops_estimate": null, "flops_arch": null, "flops_model_params": null, "flops_active_params": null, "tokens_non_final": 3, "tokens_reasoning": 0, "tokens_response": 3, "elapsed_seconds": 0.1979198455810547, "judgement": "Way off"}
{"id": "taxes_001165", "topic": "taxes", "subtopic": "post_discount_tax", "prompt": "Cart: $14.32, $41.58 with a 20% store discount. Local sales tax is 8.0% (tax after discount). About how much is the total?", "exact_value": 48.3, "model": "qwen/qwen2.5-3b-instruct", "provider": "transformers", "response": "Final answer: -1", "numeric_answer": -1.0, "relative_error": 1.020703933747412, "thinking_text": null, "has_tool_call": false, "tool_call": null, "usage": {"prompt_tokens": 110, "completion_tokens": 6, "total_tokens": 116, "token_count_source": "tokenizer"}, "decoding": {"temperature": 0.2, "top_p": null, "top_k": null, "max_tokens": 256, "seed": 42}, "prompt_tokens": 110, "completion_tokens": 6, "total_tokens": 116, "token_count_source": "tokenizer", "diffusion_steps": null, "flops_estimate": null, "flops_arch": null, "flops_model_params": null, "flops_active_params": null, "tokens_non_final": 3, "tokens_reasoning": 0, "tokens_response": 3, "elapsed_seconds": 0.2244863510131836, "judgement": "Way off"}
{"id": "taxes_001185", "topic": "taxes", "subtopic": "pre_discount_tax", "prompt": "Cart: $17.11, $15.84 with a 15% store discount. Local sales tax is 6.0% (tax calculated before discount). About how much is the total?", "exact_value": 29.98, "model": "qwen/qwen2.5-3b-instruct", "provider": "transformers", "response": "Final answer: -1", "numeric_answer": -1.0, "relative_error": 1.0333555703802535, "thinking_text": null, "has_tool_call": false, "tool_call": null, "usage": {"prompt_tokens": 111, "completion_tokens": 6, "total_tokens": 117, "token_count_source": "tokenizer"}, "decoding": {"temperature": 0.2, "top_p": null, "top_k": null, "max_tokens": 256, "seed": 42}, "prompt_tokens": 111, "completion_tokens": 6, "total_tokens": 117, "token_count_source": "tokenizer", "diffusion_steps": null, "flops_estimate": null, "flops_arch": null, "flops_model_params": null, "flops_active_params": null, "tokens_non_final": 3, "tokens_reasoning": 0, "tokens_response": 3, "elapsed_seconds": 0.20012712478637695, "judgement": "Way off"}
{"id": "taxes_001205", "topic": "taxes", "subtopic": "pre_discount_tax", "prompt": "Cart: $16.90, $53.37, $54.66, $11.44, $18.23 with a 20% store discount. Local sales tax is 8.0% (tax calculated before discount). About how much is the total?", "exact_value": 136.05, "model": "qwen/qwen2.5-3b-instruct", "provider": "transformers", "response": "Final answer: -1", "numeric_answer": -1.0, "relative_error": 1.0073502388827638, "thinking_text": null, "has_tool_call": false, "tool_call": null, "usage": {"prompt_tokens": 132, "completion_tokens": 6, "total_tokens": 138, "token_count_source": "tokenizer"}, "decoding": {"temperature": 0.2, "top_p": null, "top_k": null, "max_tokens": 256, "seed": 42}, "prompt_tokens": 132, "completion_tokens": 6, "total_tokens": 138, "token_count_source": "tokenizer", "diffusion_steps": null, "flops_estimate": null, "flops_arch": null, "flops_model_params": null, "flops_active_params": null, "tokens_non_final": 3, "tokens_reasoning": 0, "tokens_response": 3, "elapsed_seconds": 0.205885648727417, "judgement": "Way off"}
{"id": "taxes_001225", "topic": "taxes", "subtopic": "pre_discount_tax", "prompt": "Cart: $48.12, $37.76, $8.24 with a 10% store discount. Local sales tax is 8.5% (tax calculated before discount). About how much is the total?", "exact_value": 92.71, "model": "qwen/qwen2.5-3b-instruct", "provider": "transformers", "response": "Final answer: -1", "numeric_answer": -1.0, "relative_error": 1.010786322942509, "thinking_text": null, "has_tool_call": false, "tool_call": null, "usage": {"prompt_tokens": 117, "completion_tokens": 6, "total_tokens": 123, "token_count_source": "tokenizer"}, "decoding": {"temperature": 0.2, "top_p": null, "top_k": null, "max_tokens": 256, "seed": 42}, "prompt_tokens": 117, "completion_tokens": 6, "total_tokens": 123, "token_count_source": "tokenizer", "diffusion_steps": null, "flops_estimate": null, "flops_arch": null, "flops_model_params": null, "flops_active_params": null, "tokens_non_final": 3, "tokens_reasoning": 0, "tokens_response": 3, "elapsed_seconds": 0.22970151901245117, "judgement": "Way off"}
{"id": "taxes_001245", "topic": "taxes", "subtopic": "post_discount_tax", "prompt": "Cart: $16.15, $46.13, $29.68, $11.10 with a 20% store discount. Local sales tax is 8.0% (tax after discount). About how much is the total?", "exact_value": 89.04, "model": "qwen/qwen2.5-3b-instruct", "provider": "transformers", "response": "Final answer: -1.10", "numeric_answer": -1.1, "relative_error": 1.0123539982030547, "thinking_text": null, "has_tool_call": false, "tool_call": null, "usage": {"prompt_tokens": 124, "completion_tokens": 9, "total_tokens": 133, "token_count_source": "tokenizer"}, "decoding": {"temperature": 0.2, "top_p": null, "top_k": null, "max_tokens": 256, "seed": 42}, "prompt_tokens": 124, "completion_tokens": 9, "total_tokens": 133, "token_count_source": "tokenizer", "diffusion_steps": null, "flops_estimate": null, "flops_arch": null, "flops_model_params": null, "flops_active_params": null, "tokens_non_final": 3, "tokens_reasoning": 0, "tokens_response": 3, "elapsed_seconds": 0.30626583099365234, "judgement": "Way off"}
{"id": "taxes_001265", "topic": "taxes", "subtopic": "pre_discount_tax", "prompt": "Cart: $5.07, $49.02, $21.35, $52.81. Local sales tax is 8.5% (tax calculated before discount). About how much is the total?", "exact_value": 139.15, "model": "qwen/qwen2.5-3b-instruct", "provider": "transformers", "response": "Final answer: -1", "numeric_answer": -1.0, "relative_error": 1.007186489399928, "thinking_text": null, "has_tool_call": false, "tool_call": null, "usage": {"prompt_tokens": 116, "completion_tokens": 6, "total_tokens": 122, "token_count_source": "tokenizer"}, "decoding": {"temperature": 0.2, "top_p": null, "top_k": null, "max_tokens": 256, "seed": 42}, "prompt_tokens": 116, "completion_tokens": 6, "total_tokens": 122, "token_count_source": "tokenizer", "diffusion_steps": null, "flops_estimate": null, "flops_arch": null, "flops_model_params": null, "flops_active_params": null, "tokens_non_final": 3, "tokens_reasoning": 0, "tokens_response": 3, "elapsed_seconds": 0.19980216026306152, "judgement": "Way off"}
{"id": "taxes_001285", "topic": "taxes", "subtopic": "pre_discount_tax", "prompt": "Cart: $23.28, $56.47 with a 10% store discount. Local sales tax is 7.0% (tax calculated before discount). About how much is the total?", "exact_value": 77.36, "model": "qwen/qwen2.5-3b-instruct", "provider": "transformers", "response": "Final answer: -1", "numeric_answer": -1.0, "relative_error": 1.0129265770423992, "thinking_text": null, "has_tool_call": false, "tool_call": null, "usage": {"prompt_tokens": 111, "completion_tokens": 6, "total_tokens": 117, "token_count_source": "tokenizer"}, "decoding": {"temperature": 0.2, "top_p": null, "top_k": null, "max_tokens": 256, "seed": 42}, "prompt_tokens": 111, "completion_tokens": 6, "total_tokens": 117, "token_count_source": "tokenizer", "diffusion_steps": null, "flops_estimate": null, "flops_arch": null, "flops_model_params": null, "flops_active_params": null, "tokens_non_final": 3, "tokens_reasoning": 0, "tokens_response": 3, "elapsed_seconds": 0.20672202110290527, "judgement": "Way off"}
{"id": "taxes_001305", "topic": "taxes", "subtopic": "post_discount_tax", "prompt": "Cart: $32.63, $47.64, $21.83, $42.07. Local sales tax is 7.5% (tax after discount). About how much is the total?", "exact_value": 154.98, "model": "qwen/qwen2.5-3b-instruct", "provider": "transformers", "response": "Final answer: 3.66", "numeric_answer": 3.66, "relative_error": 0.9763840495547813, "thinking_text": null, "has_tool_call": false, "tool_call": null, "usage": {"prompt_tokens": 116, "completion_tokens": 9, "total_tokens": 125, "token_count_source": "tokenizer"}, "decoding": {"temperature": 0.2, "top_p": null, "top_k": null, "max_tokens": 256, "seed": 42}, "prompt_tokens": 116, "completion_tokens": 9, "total_tokens": 125, "token_count_source": "tokenizer", "diffusion_steps": null, "flops_estimate": null, "flops_arch": null, "flops_model_params": null, "flops_active_params": null, "tokens_non_final": 3, "tokens_reasoning": 0, "tokens_response": 3, "elapsed_seconds": 0.3292653560638428, "judgement": "Way off"}
{"id": "taxes_001325", "topic": "taxes", "subtopic": "pre_discount_tax", "prompt": "Cart: $22.61, $14.17, $36.73, $21.75, $44.86 with a 15% store discount. Local sales tax is 8.5% (tax calculated before discount). About how much is the total?", "exact_value": 131.01, "model": "qwen/qwen2.5-3b-instruct", "provider": "transformers", "response": "Final answer: -1", "numeric_answer": -1.0, "relative_error": 1.0076330051141134, "thinking_text": null, "has_tool_call": false, "tool_call": null, "usage": {"prompt_tokens": 132, "completion_tokens": 6, "total_tokens": 138, "token_count_source": "tokenizer"}, "decoding": {"temperature": 0.2, "top_p": null, "top_k": null, "max_tokens": 256, "seed": 42}, "prompt_tokens": 132, "completion_tokens": 6, "total_tokens": 138, "token_count_source": "tokenizer", "diffusion_steps": null, "flops_estimate": null, "flops_arch": null, "flops_model_params": null, "flops_active_params": null, "tokens_non_final": 3, "tokens_reasoning": 0, "tokens_response": 3, "elapsed_seconds": 0.20030617713928223, "judgement": "Way off"}
{"id": "units_000127", "topic": "units", "subtopic": "kg_g", "prompt": "An item costs $13.16 per kg. You take 500 g. About how much is that?", "exact_value": 6.58, "model": "qwen/qwen2.5-3b-instruct", "provider": "transformers", "response": "2.8", "numeric_answer": 2.8, "relative_error": 0.574468085106383, "thinking_text": null, "has_tool_call": false, "tool_call": null, "usage": {"prompt_tokens": 91, "completion_tokens": 4, "total_tokens": 95, "token_count_source": "tokenizer"}, "decoding": {"temperature": 0.2, "top_p": null, "top_k": null, "max_tokens": 256, "seed": 42}, "prompt_tokens": 91, "completion_tokens": 4, "total_tokens": 95, "token_count_source": "tokenizer", "diffusion_steps": null, "flops_estimate": null, "flops_arch": null, "flops_model_params": null, "flops_active_params": null, "tokens_non_final": 1, "tokens_reasoning": 0, "tokens_response": 1, "elapsed_seconds": 0.15950894355773926, "judgement": "Mildly off"}
{"id": "units_000147", "topic": "units", "subtopic": "kg_g", "prompt": "An item costs $9.68 per kg. You take 500 g. About how much is that?", "exact_value": 4.84, "model": "qwen/qwen2.5-3b-instruct", "provider": "transformers", "response": "1.86", "numeric_answer": 1.86, "relative_error": 0.6157024793388429, "thinking_text": null, "has_tool_call": false, "tool_call": null, "usage": {"prompt_tokens": 90, "completion_tokens": 5, "total_tokens": 95, "token_count_source": "tokenizer"}, "decoding": {"temperature": 0.2, "top_p": null, "top_k": null, "max_tokens": 256, "seed": 42}, "prompt_tokens": 90, "completion_tokens": 5, "total_tokens": 95, "token_count_source": "tokenizer", "diffusion_steps": null, "flops_estimate": null, "flops_arch": null, "flops_model_params": null, "flops_active_params": null, "tokens_non_final": 1, "tokens_reasoning": 0, "tokens_response": 1, "elapsed_seconds": 0.1822071075439453, "judgement": "Way off"}
{"id": "units_000167", "topic": "units", "subtopic": "lb_oz", "prompt": "You buy 5.37 lb at $7.71 per lb. About how much is that total?", "exact_value": 41.4, "model": "qwen/qwen2.5-3b-instruct", "provider": "transformers", "response": "2.85", "numeric_answer": 2.85, "relative_error": 0.931159420289855, "thinking_text": null, "has_tool_call": false, "tool_call": null, "usage": {"prompt_tokens": 89, "completion_tokens": 5, "total_tokens": 94, "token_count_source": "tokenizer"}, "decoding": {"temperature": 0.2, "top_p": null, "top_k": null, "max_tokens": 256, "seed": 42}, "prompt_tokens": 89, "completion_tokens": 5, "total_tokens": 94, "token_count_source": "tokenizer", "diffusion_steps": null, "flops_estimate": null, "flops_arch": null, "flops_model_params": null, "flops_active_params": null, "tokens_non_final": 1, "tokens_reasoning": 0, "tokens_response": 1, "elapsed_seconds": 0.17202281951904297, "judgement": "Way off"}
{"id": "units_000187", "topic": "units", "subtopic": "kg_g", "prompt": "An item costs $7.01 per kg. You take 300 g. About how much is that?", "exact_value": 2.1, "model": "qwen/qwen2.5-3b-instruct", "provider": "transformers", "response": "2.0", "numeric_answer": 2.0, "relative_error": 0.04761904761904766, "thinking_text": null, "has_tool_call": false, "tool_call": null, "usage": {"prompt_tokens": 90, "completion_tokens": 4, "total_tokens": 94, "token_count_source": "tokenizer"}, "decoding": {"temperature": 0.2, "top_p": null, "top_k": null, "max_tokens": 256, "seed": 42}, "prompt_tokens": 90, "completion_tokens": 4, "total_tokens": 94, "token_count_source": "tokenizer", "diffusion_steps": null, "flops_estimate": null, "flops_arch": null, "flops_model_params": null, "flops_active_params": null, "tokens_non_final": 1, "tokens_reasoning": 0, "tokens_response": 1, "elapsed_seconds": 0.13534092903137207, "judgement": "Good approximation"}
{"id": "units_000207", "topic": "units", "subtopic": "kg_g", "prompt": "An item costs $19.14 per kg. You take 350 g. About how much is that?", "exact_value": 6.7, "model": "qwen/qwen2.5-3b-instruct", "provider": "transformers", "response": "2.8", "numeric_answer": 2.8, "relative_error": 0.582089552238806, "thinking_text": null, "has_tool_call": false, "tool_call": null, "usage": {"prompt_tokens": 91, "completion_tokens": 4, "total_tokens": 95, "token_count_source": "tokenizer"}, "decoding": {"temperature": 0.2, "top_p": null, "top_k": null, "max_tokens": 256, "seed": 42}, "prompt_tokens": 91, "completion_tokens": 4, "total_tokens": 95, "token_count_source": "tokenizer", "diffusion_steps": null, "flops_estimate": null, "flops_arch": null, "flops_model_params": null, "flops_active_params": null, "tokens_non_final": 1, "tokens_reasoning": 0, "tokens_response": 1, "elapsed_seconds": 0.13148188591003418, "judgement": "Mildly off"}
{"id": "units_000227", "topic": "units", "subtopic": "lb_oz", "prompt": "You buy 4.2 lb at $8.05 per lb. About how much is that total?", "exact_value": 33.81, "model": "qwen/qwen2.5-3b-instruct", "provider": "transformers", "response": "3.2", "numeric_answer": 3.2, "relative_error": 0.9053534457261165, "thinking_text": null, "has_tool_call": false, "tool_call": null, "usage": {"prompt_tokens": 88, "completion_tokens": 4, "total_tokens": 92, "token_count_source": "tokenizer"}, "decoding": {"temperature": 0.2, "top_p": null, "top_k": null, "max_tokens": 256, "seed": 42}, "prompt_tokens": 88, "completion_tokens": 4, "total_tokens": 92, "token_count_source": "tokenizer", "diffusion_steps": null, "flops_estimate": null, "flops_arch": null, "flops_model_params": null, "flops_active_params": null, "tokens_non_final": 1, "tokens_reasoning": 0, "tokens_response": 1, "elapsed_seconds": 0.12996578216552734, "judgement": "Way off"}
{"id": "units_000247", "topic": "units", "subtopic": "lb_oz", "prompt": "You buy 1.27 lb at $10.60 per lb. About how much is that total?", "exact_value": 13.46, "model": "qwen/qwen2.5-3b-instruct", "provider": "transformers", "response": "10.60", "numeric_answer": 10.6, "relative_error": 0.21248142644873708, "thinking_text": null, "has_tool_call": false, "tool_call": null, "usage": {"prompt_tokens": 90, "completion_tokens": 6, "total_tokens": 96, "token_count_source": "tokenizer"}, "decoding": {"temperature": 0.2, "top_p": null, "top_k": null, "max_tokens": 256, "seed": 42}, "prompt_tokens": 90, "completion_tokens": 6, "total_tokens": 96, "token_count_source": "tokenizer", "diffusion_steps": null, "flops_estimate": null, "flops_arch": null, "flops_model_params": null, "flops_active_params": null, "tokens_non_final": 1, "tokens_reasoning": 0, "tokens_response": 1, "elapsed_seconds": 0.20349693298339844, "judgement": "Mildly off"}
{"id": "units_000267", "topic": "units", "subtopic": "kg_g", "prompt": "An item costs $16.62 per kg. You take 250 g. About how much is that?", "exact_value": 4.16, "model": "qwen/qwen2.5-3b-instruct", "provider": "transformers", "response": "3.9", "numeric_answer": 3.9, "relative_error": 0.06250000000000006, "thinking_text": null, "has_tool_call": false, "tool_call": null, "usage": {"prompt_tokens": 91, "completion_tokens": 4, "total_tokens": 95, "token_count_source": "tokenizer"}, "decoding": {"temperature": 0.2, "top_p": null, "top_k": null, "max_tokens": 256, "seed": 42}, "prompt_tokens": 91, "completion_tokens": 4, "total_tokens": 95, "token_count_source": "tokenizer", "diffusion_steps": null, "flops_estimate": null, "flops_arch": null, "flops_model_params": null, "flops_active_params": null, "tokens_non_final": 1, "tokens_reasoning": 0, "tokens_response": 1, "elapsed_seconds": 0.14418721199035645, "judgement": "Good approximation"}
{"id": "units_000287", "topic": "units", "subtopic": "kg_g", "prompt": "An item costs $4.52 per kg. You take 750 g. About how much is that?", "exact_value": 3.39, "model": "qwen/qwen2.5-3b-instruct", "provider": "transformers", "response": "1.58", "numeric_answer": 1.58, "relative_error": 0.5339233038348082, "thinking_text": null, "has_tool_call": false, "tool_call": null, "usage": {"prompt_tokens": 90, "completion_tokens": 5, "total_tokens": 95, "token_count_source": "tokenizer"}, "decoding": {"temperature": 0.2, "top_p": null, "top_k": null, "max_tokens": 256, "seed": 42}, "prompt_tokens": 90, "completion_tokens": 5, "total_tokens": 95, "token_count_source": "tokenizer", "diffusion_steps": null, "flops_estimate": null, "flops_arch": null, "flops_model_params": null, "flops_active_params": null, "tokens_non_final": 1, "tokens_reasoning": 0, "tokens_response": 1, "elapsed_seconds": 0.16858816146850586, "judgement": "Mildly off"}
{"id": "units_000307", "topic": "units", "subtopic": "lb_oz", "prompt": "You buy 4.54 lb at $6.92 per lb. About how much is that total?", "exact_value": 31.42, "model": "qwen/qwen2.5-3b-instruct", "provider": "transformers", "response": "1.875", "numeric_answer": 1.875, "relative_error": 0.9403246339910885, "thinking_text": null, "has_tool_call": false, "tool_call": null, "usage": {"prompt_tokens": 89, "completion_tokens": 6, "total_tokens": 95, "token_count_source": "tokenizer"}, "decoding": {"temperature": 0.2, "top_p": null, "top_k": null, "max_tokens": 256, "seed": 42}, "prompt_tokens": 89, "completion_tokens": 6, "total_tokens": 95, "token_count_source": "tokenizer", "diffusion_steps": null, "flops_estimate": null, "flops_arch": null, "flops_model_params": null, "flops_active_params": null, "tokens_non_final": 1, "tokens_reasoning": 0, "tokens_response": 1, "elapsed_seconds": 0.21311020851135254, "judgement": "Way off"}
{"id": "units_000327", "topic": "units", "subtopic": "lb_oz", "prompt": "You buy 3.49 lb at $9.52 per lb. About how much is that total?", "exact_value": 33.22, "model": "qwen/qwen2.5-3b-instruct", "provider": "transformers", "response": "1.87", "numeric_answer": 1.87, "relative_error": 0.9437086092715231, "thinking_text": null, "has_tool_call": false, "tool_call": null, "usage": {"prompt_tokens": 89, "completion_tokens": 5, "total_tokens": 94, "token_count_source": "tokenizer"}, "decoding": {"temperature": 0.2, "top_p": null, "top_k": null, "max_tokens": 256, "seed": 42}, "prompt_tokens": 89, "completion_tokens": 5, "total_tokens": 94, "token_count_source": "tokenizer", "diffusion_steps": null, "flops_estimate": null, "flops_arch": null, "flops_model_params": null, "flops_active_params": null, "tokens_non_final": 1, "tokens_reasoning": 0, "tokens_response": 1, "elapsed_seconds": 0.16395163536071777, "judgement": "Way off"}
{"id": "units_000347", "topic": "units", "subtopic": "lb_oz", "prompt": "You buy 3.01 lb at $10.95 per lb. About how much is that total?", "exact_value": 32.96, "model": "qwen/qwen2.5-3b-instruct", "provider": "transformers", "response": "4.85", "numeric_answer": 4.85, "relative_error": 0.8528519417475727, "thinking_text": null, "has_tool_call": false, "tool_call": null, "usage": {"prompt_tokens": 90, "completion_tokens": 5, "total_tokens": 95, "token_count_source": "tokenizer"}, "decoding": {"temperature": 0.2, "top_p": null, "top_k": null, "max_tokens": 256, "seed": 42}, "prompt_tokens": 90, "completion_tokens": 5, "total_tokens": 95, "token_count_source": "tokenizer", "diffusion_steps": null, "flops_estimate": null, "flops_arch": null, "flops_model_params": null, "flops_active_params": null, "tokens_non_final": 1, "tokens_reasoning": 0, "tokens_response": 1, "elapsed_seconds": 0.18374395370483398, "judgement": "Way off"}
{"id": "units_000367", "topic": "units", "subtopic": "lb_oz", "prompt": "You buy 3.8 lb at $7.49 per lb. About how much is that total?", "exact_value": 28.46, "model": "qwen/qwen2.5-3b-instruct", "provider": "transformers", "response": "2.4", "numeric_answer": 2.4, "relative_error": 0.915671117357695, "thinking_text": null, "has_tool_call": false, "tool_call": null, "usage": {"prompt_tokens": 88, "completion_tokens": 4, "total_tokens": 92, "token_count_source": "tokenizer"}, "decoding": {"temperature": 0.2, "top_p": null, "top_k": null, "max_tokens": 256, "seed": 42}, "prompt_tokens": 88, "completion_tokens": 4, "total_tokens": 92, "token_count_source": "tokenizer", "diffusion_steps": null, "flops_estimate": null, "flops_arch": null, "flops_model_params": null, "flops_active_params": null, "tokens_non_final": 1, "tokens_reasoning": 0, "tokens_response": 1, "elapsed_seconds": 0.13718271255493164, "judgement": "Way off"}
{"id": "units_000387", "topic": "units", "subtopic": "lb_oz", "prompt": "You buy 4.21 lb at $6.38 per lb. About how much is that total?", "exact_value": 26.86, "model": "qwen/qwen2.5-3b-instruct", "provider": "transformers", "response": "6.38", "numeric_answer": 6.38, "relative_error": 0.7624720774385704, "thinking_text": null, "has_tool_call": false, "tool_call": null, "usage": {"prompt_tokens": 89, "completion_tokens": 5, "total_tokens": 94, "token_count_source": "tokenizer"}, "decoding": {"temperature": 0.2, "top_p": null, "top_k": null, "max_tokens": 256, "seed": 42}, "prompt_tokens": 89, "completion_tokens": 5, "total_tokens": 94, "token_count_source": "tokenizer", "diffusion_steps": null, "flops_estimate": null, "flops_arch": null, "flops_model_params": null, "flops_active_params": null, "tokens_non_final": 1, "tokens_reasoning": 0, "tokens_response": 1, "elapsed_seconds": 0.17339158058166504, "judgement": "Way off"}
{"id": "units_000407", "topic": "units", "subtopic": "lb_oz", "prompt": "You buy 0.85 lb at $12.01 per lb. About how much is that total?", "exact_value": 10.21, "model": "qwen/qwen2.5-3b-instruct", "provider": "transformers", "response": "4.8", "numeric_answer": 4.8, "relative_error": 0.5298726738491676, "thinking_text": null, "has_tool_call": false, "tool_call": null, "usage": {"prompt_tokens": 90, "completion_tokens": 4, "total_tokens": 94, "token_count_source": "tokenizer"}, "decoding": {"temperature": 0.2, "top_p": null, "top_k": null, "max_tokens": 256, "seed": 42}, "prompt_tokens": 90, "completion_tokens": 4, "total_tokens": 94, "token_count_source": "tokenizer", "diffusion_steps": null, "flops_estimate": null, "flops_arch": null, "flops_model_params": null, "flops_active_params": null, "tokens_non_final": 1, "tokens_reasoning": 0, "tokens_response": 1, "elapsed_seconds": 0.12851405143737793, "judgement": "Mildly off"}
{"id": "units_000427", "topic": "units", "subtopic": "kg_g", "prompt": "An item costs $11.43 per kg. You take 400 g. About how much is that?", "exact_value": 4.57, "model": "qwen/qwen2.5-3b-instruct", "provider": "transformers", "response": "11.43", "numeric_answer": 11.43, "relative_error": 1.5010940919037197, "thinking_text": null, "has_tool_call": false, "tool_call": null, "usage": {"prompt_tokens": 91, "completion_tokens": 6, "total_tokens": 97, "token_count_source": "tokenizer"}, "decoding": {"temperature": 0.2, "top_p": null, "top_k": null, "max_tokens": 256, "seed": 42}, "prompt_tokens": 91, "completion_tokens": 6, "total_tokens": 97, "token_count_source": "tokenizer", "diffusion_steps": null, "flops_estimate": null, "flops_arch": null, "flops_model_params": null, "flops_active_params": null, "tokens_non_final": 1, "tokens_reasoning": 0, "tokens_response": 1, "elapsed_seconds": 0.19486546516418457, "judgement": "Way off"}
{"id": "units_000447", "topic": "units", "subtopic": "lb_oz", "prompt": "You buy 3.87 lb at $13.72 per lb. About how much is that total?", "exact_value": 53.1, "model": "qwen/qwen2.5-3b-instruct", "provider": "transformers", "response": "13.72", "numeric_answer": 13.72, "relative_error": 0.7416195856873823, "thinking_text": null, "has_tool_call": false, "tool_call": null, "usage": {"prompt_tokens": 90, "completion_tokens": 6, "total_tokens": 96, "token_count_source": "tokenizer"}, "decoding": {"temperature": 0.2, "top_p": null, "top_k": null, "max_tokens": 256, "seed": 42}, "prompt_tokens": 90, "completion_tokens": 6, "total_tokens": 96, "token_count_source": "tokenizer", "diffusion_steps": null, "flops_estimate": null, "flops_arch": null, "flops_model_params": null, "flops_active_params": null, "tokens_non_final": 1, "tokens_reasoning": 0, "tokens_response": 1, "elapsed_seconds": 0.19445490837097168, "judgement": "Way off"}
{"id": "units_000467", "topic": "units", "subtopic": "lb_oz", "prompt": "You buy 0.68 lb at $7.36 per lb. About how much is that total?", "exact_value": 5.0, "model": "qwen/qwen2.5-3b-instruct", "provider": "transformers", "response": "2.88", "numeric_answer": 2.88, "relative_error": 0.42400000000000004, "thinking_text": null, "has_tool_call": false, "tool_call": null, "usage": {"prompt_tokens": 89, "completion_tokens": 5, "total_tokens": 94, "token_count_source": "tokenizer"}, "decoding": {"temperature": 0.2, "top_p": null, "top_k": null, "max_tokens": 256, "seed": 42}, "prompt_tokens": 89, "completion_tokens": 5, "total_tokens": 94, "token_count_source": "tokenizer", "diffusion_steps": null, "flops_estimate": null, "flops_arch": null, "flops_model_params": null, "flops_active_params": null, "tokens_non_final": 1, "tokens_reasoning": 0, "tokens_response": 1, "elapsed_seconds": 0.18202495574951172, "judgement": "Mildly off"}
{"id": "units_000487", "topic": "units", "subtopic": "lb_oz", "prompt": "You buy 4.95 lb at $8.57 per lb. About how much is that total?", "exact_value": 42.42, "model": "qwen/qwen2.5-3b-instruct", "provider": "transformers", "response": "2.58", "numeric_answer": 2.58, "relative_error": 0.9391796322489392, "thinking_text": null, "has_tool_call": false, "tool_call": null, "usage": {"prompt_tokens": 89, "completion_tokens": 5, "total_tokens": 94, "token_count_source": "tokenizer"}, "decoding": {"temperature": 0.2, "top_p": null, "top_k": null, "max_tokens": 256, "seed": 42}, "prompt_tokens": 89, "completion_tokens": 5, "total_tokens": 94, "token_count_source": "tokenizer", "diffusion_steps": null, "flops_estimate": null, "flops_arch": null, "flops_model_params": null, "flops_active_params": null, "tokens_non_final": 1, "tokens_reasoning": 0, "tokens_response": 1, "elapsed_seconds": 0.16566896438598633, "judgement": "Way off"}
{"id": "units_000507", "topic": "units", "subtopic": "lb_oz", "prompt": "You buy 0.55 lb at $7.62 per lb. About how much is that total?", "exact_value": 4.19, "model": "qwen/qwen2.5-3b-instruct", "provider": "transformers", "response": "15.55", "numeric_answer": 15.55, "relative_error": 2.7112171837708825, "thinking_text": null, "has_tool_call": false, "tool_call": null, "usage": {"prompt_tokens": 89, "completion_tokens": 6, "total_tokens": 95, "token_count_source": "tokenizer"}, "decoding": {"temperature": 0.2, "top_p": null, "top_k": null, "max_tokens": 256, "seed": 42}, "prompt_tokens": 89, "completion_tokens": 6, "total_tokens": 95, "token_count_source": "tokenizer", "diffusion_steps": null, "flops_estimate": null, "flops_arch": null, "flops_model_params": null, "flops_active_params": null, "tokens_non_final": 1, "tokens_reasoning": 0, "tokens_response": 1, "elapsed_seconds": 0.21438193321228027, "judgement": "Way off"}
{"id": "units_000527", "topic": "units", "subtopic": "kg_g", "prompt": "An item costs $6.70 per kg. You take 750 g. About how much is that?", "exact_value": 5.03, "model": "qwen/qwen2.5-3b-instruct", "provider": "transformers", "response": "6.70", "numeric_answer": 6.7, "relative_error": 0.33200795228628227, "thinking_text": null, "has_tool_call": false, "tool_call": null, "usage": {"prompt_tokens": 90, "completion_tokens": 5, "total_tokens": 95, "token_count_source": "tokenizer"}, "decoding": {"temperature": 0.2, "top_p": null, "top_k": null, "max_tokens": 256, "seed": 42}, "prompt_tokens": 90, "completion_tokens": 5, "total_tokens": 95, "token_count_source": "tokenizer", "diffusion_steps": null, "flops_estimate": null, "flops_arch": null, "flops_model_params": null, "flops_active_params": null, "tokens_non_final": 1, "tokens_reasoning": 0, "tokens_response": 1, "elapsed_seconds": 0.18140506744384766, "judgement": "Mildly off"}
{"id": "units_000547", "topic": "units", "subtopic": "kg_g", "prompt": "An item costs $7.37 per kg. You take 350 g. About how much is that?", "exact_value": 2.58, "model": "qwen/qwen2.5-3b-instruct", "provider": "transformers", "response": "1.25", "numeric_answer": 1.25, "relative_error": 0.5155038759689923, "thinking_text": null, "has_tool_call": false, "tool_call": null, "usage": {"prompt_tokens": 90, "completion_tokens": 5, "total_tokens": 95, "token_count_source": "tokenizer"}, "decoding": {"temperature": 0.2, "top_p": null, "top_k": null, "max_tokens": 256, "seed": 42}, "prompt_tokens": 90, "completion_tokens": 5, "total_tokens": 95, "token_count_source": "tokenizer", "diffusion_steps": null, "flops_estimate": null, "flops_arch": null, "flops_model_params": null, "flops_active_params": null, "tokens_non_final": 1, "tokens_reasoning": 0, "tokens_response": 1, "elapsed_seconds": 0.1712799072265625, "judgement": "Mildly off"}
{"id": "units_000567", "topic": "units", "subtopic": "kg_g", "prompt": "An item costs $10.70 per kg. You take 900 g. About how much is that?", "exact_value": 9.63, "model": "qwen/qwen2.5-3b-instruct", "provider": "transformers", "response": "10.70", "numeric_answer": 10.7, "relative_error": 0.11111111111111095, "thinking_text": null, "has_tool_call": false, "tool_call": null, "usage": {"prompt_tokens": 91, "completion_tokens": 6, "total_tokens": 97, "token_count_source": "tokenizer"}, "decoding": {"temperature": 0.2, "top_p": null, "top_k": null, "max_tokens": 256, "seed": 42}, "prompt_tokens": 91, "completion_tokens": 6, "total_tokens": 97, "token_count_source": "tokenizer", "diffusion_steps": null, "flops_estimate": null, "flops_arch": null, "flops_model_params": null, "flops_active_params": null, "tokens_non_final": 1, "tokens_reasoning": 0, "tokens_response": 1, "elapsed_seconds": 0.22905898094177246, "judgement": "Good approximation"}
{"id": "units_000587", "topic": "units", "subtopic": "kg_g", "prompt": "An item costs $4.94 per kg. You take 350 g. About how much is that?", "exact_value": 1.73, "model": "qwen/qwen2.5-3b-instruct", "provider": "transformers", "response": "1.25", "numeric_answer": 1.25, "relative_error": 0.2774566473988439, "thinking_text": null, "has_tool_call": false, "tool_call": null, "usage": {"prompt_tokens": 90, "completion_tokens": 5, "total_tokens": 95, "token_count_source": "tokenizer"}, "decoding": {"temperature": 0.2, "top_p": null, "top_k": null, "max_tokens": 256, "seed": 42}, "prompt_tokens": 90, "completion_tokens": 5, "total_tokens": 95, "token_count_source": "tokenizer", "diffusion_steps": null, "flops_estimate": null, "flops_arch": null, "flops_model_params": null, "flops_active_params": null, "tokens_non_final": 1, "tokens_reasoning": 0, "tokens_response": 1, "elapsed_seconds": 0.19477200508117676, "judgement": "Mildly off"}
{"id": "units_000607", "topic": "units", "subtopic": "kg_g", "prompt": "An item costs $11.97 per kg. You take 400 g. About how much is that?", "exact_value": 4.79, "model": "qwen/qwen2.5-3b-instruct", "provider": "transformers", "response": "2.0", "numeric_answer": 2.0, "relative_error": 0.5824634655532359, "thinking_text": null, "has_tool_call": false, "tool_call": null, "usage": {"prompt_tokens": 91, "completion_tokens": 4, "total_tokens": 95, "token_count_source": "tokenizer"}, "decoding": {"temperature": 0.2, "top_p": null, "top_k": null, "max_tokens": 256, "seed": 42}, "prompt_tokens": 91, "completion_tokens": 4, "total_tokens": 95, "token_count_source": "tokenizer", "diffusion_steps": null, "flops_estimate": null, "flops_arch": null, "flops_model_params": null, "flops_active_params": null, "tokens_non_final": 1, "tokens_reasoning": 0, "tokens_response": 1, "elapsed_seconds": 0.15007781982421875, "judgement": "Mildly off"}
{"id": "units_000627", "topic": "units", "subtopic": "lb_oz", "prompt": "You buy 2.13 lb at $11.95 per lb. About how much is that total?", "exact_value": 25.45, "model": "qwen/qwen2.5-3b-instruct", "provider": "transformers", "response": "4.8", "numeric_answer": 4.8, "relative_error": 0.8113948919449901, "thinking_text": null, "has_tool_call": false, "tool_call": null, "usage": {"prompt_tokens": 90, "completion_tokens": 4, "total_tokens": 94, "token_count_source": "tokenizer"}, "decoding": {"temperature": 0.2, "top_p": null, "top_k": null, "max_tokens": 256, "seed": 42}, "prompt_tokens": 90, "completion_tokens": 4, "total_tokens": 94, "token_count_source": "tokenizer", "diffusion_steps": null, "flops_estimate": null, "flops_arch": null, "flops_model_params": null, "flops_active_params": null, "tokens_non_final": 1, "tokens_reasoning": 0, "tokens_response": 1, "elapsed_seconds": 0.1444544792175293, "judgement": "Way off"}
{"id": "units_000647", "topic": "units", "subtopic": "kg_g", "prompt": "An item costs $10.91 per kg. You take 900 g. About how much is that?", "exact_value": 9.82, "model": "qwen/qwen2.5-3b-instruct", "provider": "transformers", "response": "2.9", "numeric_answer": 2.9, "relative_error": 0.7046843177189409, "thinking_text": null, "has_tool_call": false, "tool_call": null, "usage": {"prompt_tokens": 91, "completion_tokens": 4, "total_tokens": 95, "token_count_source": "tokenizer"}, "decoding": {"temperature": 0.2, "top_p": null, "top_k": null, "max_tokens": 256, "seed": 42}, "prompt_tokens": 91, "completion_tokens": 4, "total_tokens": 95, "token_count_source": "tokenizer", "diffusion_steps": null, "flops_estimate": null, "flops_arch": null, "flops_model_params": null, "flops_active_params": null, "tokens_non_final": 1, "tokens_reasoning": 0, "tokens_response": 1, "elapsed_seconds": 0.14621663093566895, "judgement": "Way off"}
{"id": "units_000667", "topic": "units", "subtopic": "kg_g", "prompt": "An item costs $13.39 per kg. You take 300 g. About how much is that?", "exact_value": 4.02, "model": "qwen/qwen2.5-3b-instruct", "provider": "transformers", "response": "2.39", "numeric_answer": 2.39, "relative_error": 0.40547263681592033, "thinking_text": null, "has_tool_call": false, "tool_call": null, "usage": {"prompt_tokens": 91, "completion_tokens": 5, "total_tokens": 96, "token_count_source": "tokenizer"}, "decoding": {"temperature": 0.2, "top_p": null, "top_k": null, "max_tokens": 256, "seed": 42}, "prompt_tokens": 91, "completion_tokens": 5, "total_tokens": 96, "token_count_source": "tokenizer", "diffusion_steps": null, "flops_estimate": null, "flops_arch": null, "flops_model_params": null, "flops_active_params": null, "tokens_non_final": 1, "tokens_reasoning": 0, "tokens_response": 1, "elapsed_seconds": 0.1906299591064453, "judgement": "Mildly off"}
{"id": "units_000687", "topic": "units", "subtopic": "lb_oz", "prompt": "You buy 1.93 lb at $5.24 per lb. About how much is that total?", "exact_value": 10.11, "model": "qwen/qwen2.5-3b-instruct", "provider": "transformers", "response": "8.6", "numeric_answer": 8.6, "relative_error": 0.14935707220573688, "thinking_text": null, "has_tool_call": false, "tool_call": null, "usage": {"prompt_tokens": 89, "completion_tokens": 4, "total_tokens": 93, "token_count_source": "tokenizer"}, "decoding": {"temperature": 0.2, "top_p": null, "top_k": null, "max_tokens": 256, "seed": 42}, "prompt_tokens": 89, "completion_tokens": 4, "total_tokens": 93, "token_count_source": "tokenizer", "diffusion_steps": null, "flops_estimate": null, "flops_arch": null, "flops_model_params": null, "flops_active_params": null, "tokens_non_final": 1, "tokens_reasoning": 0, "tokens_response": 1, "elapsed_seconds": 0.14131712913513184, "judgement": "Good approximation"}
{"id": "units_000707", "topic": "units", "subtopic": "kg_g", "prompt": "An item costs $7.61 per kg. You take 400 g. About how much is that?", "exact_value": 3.04, "model": "qwen/qwen2.5-3b-instruct", "provider": "transformers", "response": "3.6", "numeric_answer": 3.6, "relative_error": 0.1842105263157895, "thinking_text": null, "has_tool_call": false, "tool_call": null, "usage": {"prompt_tokens": 90, "completion_tokens": 4, "total_tokens": 94, "token_count_source": "tokenizer"}, "decoding": {"temperature": 0.2, "top_p": null, "top_k": null, "max_tokens": 256, "seed": 42}, "prompt_tokens": 90, "completion_tokens": 4, "total_tokens": 94, "token_count_source": "tokenizer", "diffusion_steps": null, "flops_estimate": null, "flops_arch": null, "flops_model_params": null, "flops_active_params": null, "tokens_non_final": 1, "tokens_reasoning": 0, "tokens_response": 1, "elapsed_seconds": 0.1377408504486084, "judgement": "Good approximation"}
{"id": "units_000727", "topic": "units", "subtopic": "lb_oz", "prompt": "You buy 3.59 lb at $10.93 per lb. About how much is that total?", "exact_value": 39.24, "model": "qwen/qwen2.5-3b-instruct", "provider": "transformers", "response": "2.59", "numeric_answer": 2.59, "relative_error": 0.9339959225280328, "thinking_text": null, "has_tool_call": false, "tool_call": null, "usage": {"prompt_tokens": 90, "completion_tokens": 5, "total_tokens": 95, "token_count_source": "tokenizer"}, "decoding": {"temperature": 0.2, "top_p": null, "top_k": null, "max_tokens": 256, "seed": 42}, "prompt_tokens": 90, "completion_tokens": 5, "total_tokens": 95, "token_count_source": "tokenizer", "diffusion_steps": null, "flops_estimate": null, "flops_arch": null, "flops_model_params": null, "flops_active_params": null, "tokens_non_final": 1, "tokens_reasoning": 0, "tokens_response": 1, "elapsed_seconds": 0.17044973373413086, "judgement": "Way off"}
{"id": "units_000747", "topic": "units", "subtopic": "lb_oz", "prompt": "You buy 2.72 lb at $3.64 per lb. About how much is that total?", "exact_value": 9.9, "model": "qwen/qwen2.5-3b-instruct", "provider": "transformers", "response": "1.85", "numeric_answer": 1.85, "relative_error": 0.8131313131313131, "thinking_text": null, "has_tool_call": false, "tool_call": null, "usage": {"prompt_tokens": 89, "completion_tokens": 5, "total_tokens": 94, "token_count_source": "tokenizer"}, "decoding": {"temperature": 0.2, "top_p": null, "top_k": null, "max_tokens": 256, "seed": 42}, "prompt_tokens": 89, "completion_tokens": 5, "total_tokens": 94, "token_count_source": "tokenizer", "diffusion_steps": null, "flops_estimate": null, "flops_arch": null, "flops_model_params": null, "flops_active_params": null, "tokens_non_final": 1, "tokens_reasoning": 0, "tokens_response": 1, "elapsed_seconds": 0.17538905143737793, "judgement": "Way off"}
{"id": "units_000767", "topic": "units", "subtopic": "kg_g", "prompt": "An item costs $11.67 per kg. You take 900 g. About how much is that?", "exact_value": 10.5, "model": "qwen/qwen2.5-3b-instruct", "provider": "transformers", "response": "2.8", "numeric_answer": 2.8, "relative_error": 0.7333333333333334, "thinking_text": null, "has_tool_call": false, "tool_call": null, "usage": {"prompt_tokens": 91, "completion_tokens": 4, "total_tokens": 95, "token_count_source": "tokenizer"}, "decoding": {"temperature": 0.2, "top_p": null, "top_k": null, "max_tokens": 256, "seed": 42}, "prompt_tokens": 91, "completion_tokens": 4, "total_tokens": 95, "token_count_source": "tokenizer", "diffusion_steps": null, "flops_estimate": null, "flops_arch": null, "flops_model_params": null, "flops_active_params": null, "tokens_non_final": 1, "tokens_reasoning": 0, "tokens_response": 1, "elapsed_seconds": 0.1618790626525879, "judgement": "Way off"}
{"id": "units_000787", "topic": "units", "subtopic": "kg_g", "prompt": "An item costs $10.33 per kg. You take 400 g. About how much is that?", "exact_value": 4.13, "model": "qwen/qwen2.5-3b-instruct", "provider": "transformers", "response": "9.33", "numeric_answer": 9.33, "relative_error": 1.2590799031476998, "thinking_text": null, "has_tool_call": false, "tool_call": null, "usage": {"prompt_tokens": 91, "completion_tokens": 5, "total_tokens": 96, "token_count_source": "tokenizer"}, "decoding": {"temperature": 0.2, "top_p": null, "top_k": null, "max_tokens": 256, "seed": 42}, "prompt_tokens": 91, "completion_tokens": 5, "total_tokens": 96, "token_count_source": "tokenizer", "diffusion_steps": null, "flops_estimate": null, "flops_arch": null, "flops_model_params": null, "flops_active_params": null, "tokens_non_final": 1, "tokens_reasoning": 0, "tokens_response": 1, "elapsed_seconds": 0.18713593482971191, "judgement": "Way off"}
{"id": "units_000807", "topic": "units", "subtopic": "kg_g", "prompt": "An item costs $17.42 per kg. You take 400 g. About how much is that?", "exact_value": 6.97, "model": "qwen/qwen2.5-3b-instruct", "provider": "transformers", "response": "3.8", "numeric_answer": 3.8, "relative_error": 0.45480631276901007, "thinking_text": null, "has_tool_call": false, "tool_call": null, "usage": {"prompt_tokens": 91, "completion_tokens": 4, "total_tokens": 95, "token_count_source": "tokenizer"}, "decoding": {"temperature": 0.2, "top_p": null, "top_k": null, "max_tokens": 256, "seed": 42}, "prompt_tokens": 91, "completion_tokens": 4, "total_tokens": 95, "token_count_source": "tokenizer", "diffusion_steps": null, "flops_estimate": null, "flops_arch": null, "flops_model_params": null, "flops_active_params": null, "tokens_non_final": 1, "tokens_reasoning": 0, "tokens_response": 1, "elapsed_seconds": 0.13741040229797363, "judgement": "Mildly off"}
{"id": "units_000827", "topic": "units", "subtopic": "lb_oz", "prompt": "You buy 3.71 lb at $14.59 per lb. About how much is that total?", "exact_value": 54.13, "model": "qwen/qwen2.5-3b-instruct", "provider": "transformers", "response": "2.78", "numeric_answer": 2.78, "relative_error": 0.9486421577683355, "thinking_text": null, "has_tool_call": false, "tool_call": null, "usage": {"prompt_tokens": 90, "completion_tokens": 5, "total_tokens": 95, "token_count_source": "tokenizer"}, "decoding": {"temperature": 0.2, "top_p": null, "top_k": null, "max_tokens": 256, "seed": 42}, "prompt_tokens": 90, "completion_tokens": 5, "total_tokens": 95, "token_count_source": "tokenizer", "diffusion_steps": null, "flops_estimate": null, "flops_arch": null, "flops_model_params": null, "flops_active_params": null, "tokens_non_final": 1, "tokens_reasoning": 0, "tokens_response": 1, "elapsed_seconds": 0.17546916007995605, "judgement": "Way off"}
{"id": "units_000847", "topic": "units", "subtopic": "kg_g", "prompt": "An item costs $16.02 per kg. You take 300 g. About how much is that?", "exact_value": 4.81, "model": "qwen/qwen2.5-3b-instruct", "provider": "transformers", "response": "3.0", "numeric_answer": 3.0, "relative_error": 0.37629937629937626, "thinking_text": null, "has_tool_call": false, "tool_call": null, "usage": {"prompt_tokens": 91, "completion_tokens": 4, "total_tokens": 95, "token_count_source": "tokenizer"}, "decoding": {"temperature": 0.2, "top_p": null, "top_k": null, "max_tokens": 256, "seed": 42}, "prompt_tokens": 91, "completion_tokens": 4, "total_tokens": 95, "token_count_source": "tokenizer", "diffusion_steps": null, "flops_estimate": null, "flops_arch": null, "flops_model_params": null, "flops_active_params": null, "tokens_non_final": 1, "tokens_reasoning": 0, "tokens_response": 1, "elapsed_seconds": 0.13942646980285645, "judgement": "Mildly off"}
{"id": "units_000867", "topic": "units", "subtopic": "kg_g", "prompt": "An item costs $19.16 per kg. You take 750 g. About how much is that?", "exact_value": 14.37, "model": "qwen/qwen2.5-3b-instruct", "provider": "transformers", "response": "2.8", "numeric_answer": 2.8, "relative_error": 0.8051496172581768, "thinking_text": null, "has_tool_call": false, "tool_call": null, "usage": {"prompt_tokens": 91, "completion_tokens": 4, "total_tokens": 95, "token_count_source": "tokenizer"}, "decoding": {"temperature": 0.2, "top_p": null, "top_k": null, "max_tokens": 256, "seed": 42}, "prompt_tokens": 91, "completion_tokens": 4, "total_tokens": 95, "token_count_source": "tokenizer", "diffusion_steps": null, "flops_estimate": null, "flops_arch": null, "flops_model_params": null, "flops_active_params": null, "tokens_non_final": 1, "tokens_reasoning": 0, "tokens_response": 1, "elapsed_seconds": 0.15368390083312988, "judgement": "Way off"}
{"id": "units_000887", "topic": "units", "subtopic": "kg_g", "prompt": "An item costs $4.82 per kg. You take 750 g. About how much is that?", "exact_value": 3.62, "model": "qwen/qwen2.5-3b-instruct", "provider": "transformers", "response": "1.25", "numeric_answer": 1.25, "relative_error": 0.6546961325966851, "thinking_text": null, "has_tool_call": false, "tool_call": null, "usage": {"prompt_tokens": 90, "completion_tokens": 5, "total_tokens": 95, "token_count_source": "tokenizer"}, "decoding": {"temperature": 0.2, "top_p": null, "top_k": null, "max_tokens": 256, "seed": 42}, "prompt_tokens": 90, "completion_tokens": 5, "total_tokens": 95, "token_count_source": "tokenizer", "diffusion_steps": null, "flops_estimate": null, "flops_arch": null, "flops_model_params": null, "flops_active_params": null, "tokens_non_final": 1, "tokens_reasoning": 0, "tokens_response": 1, "elapsed_seconds": 0.16956257820129395, "judgement": "Way off"}
{"id": "units_000907", "topic": "units", "subtopic": "lb_oz", "prompt": "You buy 1.03 lb at $7.95 per lb. About how much is that total?", "exact_value": 8.19, "model": "qwen/qwen2.5-3b-instruct", "provider": "transformers", "response": "2.6", "numeric_answer": 2.6, "relative_error": 0.6825396825396826, "thinking_text": null, "has_tool_call": false, "tool_call": null, "usage": {"prompt_tokens": 89, "completion_tokens": 4, "total_tokens": 93, "token_count_source": "tokenizer"}, "decoding": {"temperature": 0.2, "top_p": null, "top_k": null, "max_tokens": 256, "seed": 42}, "prompt_tokens": 89, "completion_tokens": 4, "total_tokens": 93, "token_count_source": "tokenizer", "diffusion_steps": null, "flops_estimate": null, "flops_arch": null, "flops_model_params": null, "flops_active_params": null, "tokens_non_final": 1, "tokens_reasoning": 0, "tokens_response": 1, "elapsed_seconds": 0.13858890533447266, "judgement": "Way off"}
{"id": "units_000927", "topic": "units", "subtopic": "lb_oz", "prompt": "You buy 4.57 lb at $4.76 per lb. About how much is that total?", "exact_value": 21.75, "model": "qwen/qwen2.5-3b-instruct", "provider": "transformers", "response": "14.57", "numeric_answer": 14.57, "relative_error": 0.33011494252873563, "thinking_text": null, "has_tool_call": false, "tool_call": null, "usage": {"prompt_tokens": 89, "completion_tokens": 6, "total_tokens": 95, "token_count_source": "tokenizer"}, "decoding": {"temperature": 0.2, "top_p": null, "top_k": null, "max_tokens": 256, "seed": 42}, "prompt_tokens": 89, "completion_tokens": 6, "total_tokens": 95, "token_count_source": "tokenizer", "diffusion_steps": null, "flops_estimate": null, "flops_arch": null, "flops_model_params": null, "flops_active_params": null, "tokens_non_final": 1, "tokens_reasoning": 0, "tokens_response": 1, "elapsed_seconds": 0.21308135986328125, "judgement": "Mildly off"}
{"id": "units_000947", "topic": "units", "subtopic": "lb_oz", "prompt": "You buy 1.79 lb at $7.65 per lb. About how much is that total?", "exact_value": 13.69, "model": "qwen/qwen2.5-3b-instruct", "provider": "transformers", "response": "2.85", "numeric_answer": 2.85, "relative_error": 0.7918188458729, "thinking_text": null, "has_tool_call": false, "tool_call": null, "usage": {"prompt_tokens": 89, "completion_tokens": 5, "total_tokens": 94, "token_count_source": "tokenizer"}, "decoding": {"temperature": 0.2, "top_p": null, "top_k": null, "max_tokens": 256, "seed": 42}, "prompt_tokens": 89, "completion_tokens": 5, "total_tokens": 94, "token_count_source": "tokenizer", "diffusion_steps": null, "flops_estimate": null, "flops_arch": null, "flops_model_params": null, "flops_active_params": null, "tokens_non_final": 1, "tokens_reasoning": 0, "tokens_response": 1, "elapsed_seconds": 0.2026510238647461, "judgement": "Way off"}
{"id": "units_000967", "topic": "units", "subtopic": "lb_oz", "prompt": "You buy 2.01 lb at $13.92 per lb. About how much is that total?", "exact_value": 27.98, "model": "qwen/qwen2.5-3b-instruct", "provider": "transformers", "response": "13.92", "numeric_answer": 13.92, "relative_error": 0.5025017869907077, "thinking_text": null, "has_tool_call": false, "tool_call": null, "usage": {"prompt_tokens": 90, "completion_tokens": 6, "total_tokens": 96, "token_count_source": "tokenizer"}, "decoding": {"temperature": 0.2, "top_p": null, "top_k": null, "max_tokens": 256, "seed": 42}, "prompt_tokens": 90, "completion_tokens": 6, "total_tokens": 96, "token_count_source": "tokenizer", "diffusion_steps": null, "flops_estimate": null, "flops_arch": null, "flops_model_params": null, "flops_active_params": null, "tokens_non_final": 1, "tokens_reasoning": 0, "tokens_response": 1, "elapsed_seconds": 0.22625946998596191, "judgement": "Mildly off"}
{"id": "units_000987", "topic": "units", "subtopic": "kg_g", "prompt": "An item costs $17.96 per kg. You take 500 g. About how much is that?", "exact_value": 8.98, "model": "qwen/qwen2.5-3b-instruct", "provider": "transformers", "response": "3.8", "numeric_answer": 3.8, "relative_error": 0.5768374164810691, "thinking_text": null, "has_tool_call": false, "tool_call": null, "usage": {"prompt_tokens": 91, "completion_tokens": 4, "total_tokens": 95, "token_count_source": "tokenizer"}, "decoding": {"temperature": 0.2, "top_p": null, "top_k": null, "max_tokens": 256, "seed": 42}, "prompt_tokens": 91, "completion_tokens": 4, "total_tokens": 95, "token_count_source": "tokenizer", "diffusion_steps": null, "flops_estimate": null, "flops_arch": null, "flops_model_params": null, "flops_active_params": null, "tokens_non_final": 1, "tokens_reasoning": 0, "tokens_response": 1, "elapsed_seconds": 0.13943171501159668, "judgement": "Mildly off"}
{"id": "units_001007", "topic": "units", "subtopic": "lb_oz", "prompt": "You buy 3.75 lb at $12.94 per lb. About how much is that total?", "exact_value": 48.53, "model": "qwen/qwen2.5-3b-instruct", "provider": "transformers", "response": "12.94", "numeric_answer": 12.94, "relative_error": 0.7333608077477849, "thinking_text": null, "has_tool_call": false, "tool_call": null, "usage": {"prompt_tokens": 90, "completion_tokens": 6, "total_tokens": 96, "token_count_source": "tokenizer"}, "decoding": {"temperature": 0.2, "top_p": null, "top_k": null, "max_tokens": 256, "seed": 42}, "prompt_tokens": 90, "completion_tokens": 6, "total_tokens": 96, "token_count_source": "tokenizer", "diffusion_steps": null, "flops_estimate": null, "flops_arch": null, "flops_model_params": null, "flops_active_params": null, "tokens_non_final": 1, "tokens_reasoning": 0, "tokens_response": 1, "elapsed_seconds": 0.21635890007019043, "judgement": "Way off"}
{"id": "units_001027", "topic": "units", "subtopic": "kg_g", "prompt": "An item costs $17.61 per kg. You take 900 g. About how much is that?", "exact_value": 15.85, "model": "qwen/qwen2.5-3b-instruct", "provider": "transformers", "response": "2.75", "numeric_answer": 2.75, "relative_error": 0.8264984227129337, "thinking_text": null, "has_tool_call": false, "tool_call": null, "usage": {"prompt_tokens": 91, "completion_tokens": 5, "total_tokens": 96, "token_count_source": "tokenizer"}, "decoding": {"temperature": 0.2, "top_p": null, "top_k": null, "max_tokens": 256, "seed": 42}, "prompt_tokens": 91, "completion_tokens": 5, "total_tokens": 96, "token_count_source": "tokenizer", "diffusion_steps": null, "flops_estimate": null, "flops_arch": null, "flops_model_params": null, "flops_active_params": null, "tokens_non_final": 1, "tokens_reasoning": 0, "tokens_response": 1, "elapsed_seconds": 0.17063546180725098, "judgement": "Way off"}
{"id": "units_001047", "topic": "units", "subtopic": "kg_g", "prompt": "An item costs $4.66 per kg. You take 750 g. About how much is that?", "exact_value": 3.5, "model": "qwen/qwen2.5-3b-instruct", "provider": "transformers", "response": "1.25", "numeric_answer": 1.25, "relative_error": 0.6428571428571429, "thinking_text": null, "has_tool_call": false, "tool_call": null, "usage": {"prompt_tokens": 90, "completion_tokens": 5, "total_tokens": 95, "token_count_source": "tokenizer"}, "decoding": {"temperature": 0.2, "top_p": null, "top_k": null, "max_tokens": 256, "seed": 42}, "prompt_tokens": 90, "completion_tokens": 5, "total_tokens": 95, "token_count_source": "tokenizer", "diffusion_steps": null, "flops_estimate": null, "flops_arch": null, "flops_model_params": null, "flops_active_params": null, "tokens_non_final": 1, "tokens_reasoning": 0, "tokens_response": 1, "elapsed_seconds": 0.16933131217956543, "judgement": "Way off"}
{"id": "units_001067", "topic": "units", "subtopic": "lb_oz", "prompt": "You buy 5.21 lb at $3.37 per lb. About how much is that total?", "exact_value": 17.56, "model": "qwen/qwen2.5-3b-instruct", "provider": "transformers", "response": "8.64", "numeric_answer": 8.64, "relative_error": 0.5079726651480637, "thinking_text": null, "has_tool_call": false, "tool_call": null, "usage": {"prompt_tokens": 89, "completion_tokens": 5, "total_tokens": 94, "token_count_source": "tokenizer"}, "decoding": {"temperature": 0.2, "top_p": null, "top_k": null, "max_tokens": 256, "seed": 42}, "prompt_tokens": 89, "completion_tokens": 5, "total_tokens": 94, "token_count_source": "tokenizer", "diffusion_steps": null, "flops_estimate": null, "flops_arch": null, "flops_model_params": null, "flops_active_params": null, "tokens_non_final": 1, "tokens_reasoning": 0, "tokens_response": 1, "elapsed_seconds": 0.18558144569396973, "judgement": "Mildly off"}
{"id": "units_001087", "topic": "units", "subtopic": "kg_g", "prompt": "An item costs $7.42 per kg. You take 400 g. About how much is that?", "exact_value": 2.97, "model": "qwen/qwen2.5-3b-instruct", "provider": "transformers", "response": "1.44", "numeric_answer": 1.44, "relative_error": 0.5151515151515152, "thinking_text": null, "has_tool_call": false, "tool_call": null, "usage": {"prompt_tokens": 90, "completion_tokens": 5, "total_tokens": 95, "token_count_source": "tokenizer"}, "decoding": {"temperature": 0.2, "top_p": null, "top_k": null, "max_tokens": 256, "seed": 42}, "prompt_tokens": 90, "completion_tokens": 5, "total_tokens": 95, "token_count_source": "tokenizer", "diffusion_steps": null, "flops_estimate": null, "flops_arch": null, "flops_model_params": null, "flops_active_params": null, "tokens_non_final": 1, "tokens_reasoning": 0, "tokens_response": 1, "elapsed_seconds": 0.16493535041809082, "judgement": "Mildly off"}
{"id": "units_001107", "topic": "units", "subtopic": "kg_g", "prompt": "An item costs $19.86 per kg. You take 400 g. About how much is that?", "exact_value": 7.94, "model": "qwen/qwen2.5-3b-instruct", "provider": "transformers", "response": "2.86", "numeric_answer": 2.86, "relative_error": 0.6397984886649873, "thinking_text": null, "has_tool_call": false, "tool_call": null, "usage": {"prompt_tokens": 91, "completion_tokens": 5, "total_tokens": 96, "token_count_source": "tokenizer"}, "decoding": {"temperature": 0.2, "top_p": null, "top_k": null, "max_tokens": 256, "seed": 42}, "prompt_tokens": 91, "completion_tokens": 5, "total_tokens": 96, "token_count_source": "tokenizer", "diffusion_steps": null, "flops_estimate": null, "flops_arch": null, "flops_model_params": null, "flops_active_params": null, "tokens_non_final": 1, "tokens_reasoning": 0, "tokens_response": 1, "elapsed_seconds": 0.16630053520202637, "judgement": "Way off"}
{"id": "units_001127", "topic": "units", "subtopic": "kg_g", "prompt": "An item costs $5.63 per kg. You take 400 g. About how much is that?", "exact_value": 2.25, "model": "qwen/qwen2.5-3b-instruct", "provider": "transformers", "response": "2.8", "numeric_answer": 2.8, "relative_error": 0.24444444444444435, "thinking_text": null, "has_tool_call": false, "tool_call": null, "usage": {"prompt_tokens": 90, "completion_tokens": 4, "total_tokens": 94, "token_count_source": "tokenizer"}, "decoding": {"temperature": 0.2, "top_p": null, "top_k": null, "max_tokens": 256, "seed": 42}, "prompt_tokens": 90, "completion_tokens": 4, "total_tokens": 94, "token_count_source": "tokenizer", "diffusion_steps": null, "flops_estimate": null, "flops_arch": null, "flops_model_params": null, "flops_active_params": null, "tokens_non_final": 1, "tokens_reasoning": 0, "tokens_response": 1, "elapsed_seconds": 0.14156770706176758, "judgement": "Mildly off"}
{"id": "units_001147", "topic": "units", "subtopic": "lb_oz", "prompt": "You buy 0.86 lb at $7.70 per lb. About how much is that total?", "exact_value": 6.62, "model": "qwen/qwen2.5-3b-instruct", "provider": "transformers", "response": "2.86", "numeric_answer": 2.86, "relative_error": 0.56797583081571, "thinking_text": null, "has_tool_call": false, "tool_call": null, "usage": {"prompt_tokens": 89, "completion_tokens": 5, "total_tokens": 94, "token_count_source": "tokenizer"}, "decoding": {"temperature": 0.2, "top_p": null, "top_k": null, "max_tokens": 256, "seed": 42}, "prompt_tokens": 89, "completion_tokens": 5, "total_tokens": 94, "token_count_source": "tokenizer", "diffusion_steps": null, "flops_estimate": null, "flops_arch": null, "flops_model_params": null, "flops_active_params": null, "tokens_non_final": 1, "tokens_reasoning": 0, "tokens_response": 1, "elapsed_seconds": 0.16494035720825195, "judgement": "Mildly off"}
{"id": "units_001167", "topic": "units", "subtopic": "kg_g", "prompt": "An item costs $5.90 per kg. You take 400 g. About how much is that?", "exact_value": 2.36, "model": "qwen/qwen2.5-3b-instruct", "provider": "transformers", "response": "2.9", "numeric_answer": 2.9, "relative_error": 0.22881355932203393, "thinking_text": null, "has_tool_call": false, "tool_call": null, "usage": {"prompt_tokens": 90, "completion_tokens": 4, "total_tokens": 94, "token_count_source": "tokenizer"}, "decoding": {"temperature": 0.2, "top_p": null, "top_k": null, "max_tokens": 256, "seed": 42}, "prompt_tokens": 90, "completion_tokens": 4, "total_tokens": 94, "token_count_source": "tokenizer", "diffusion_steps": null, "flops_estimate": null, "flops_arch": null, "flops_model_params": null, "flops_active_params": null, "tokens_non_final": 1, "tokens_reasoning": 0, "tokens_response": 1, "elapsed_seconds": 0.14601755142211914, "judgement": "Mildly off"}
{"id": "units_001187", "topic": "units", "subtopic": "lb_oz", "prompt": "You buy 3.21 lb at $10.48 per lb. About how much is that total?", "exact_value": 33.64, "model": "qwen/qwen2.5-3b-instruct", "provider": "transformers", "response": "9.4", "numeric_answer": 9.4, "relative_error": 0.7205707491082045, "thinking_text": null, "has_tool_call": false, "tool_call": null, "usage": {"prompt_tokens": 90, "completion_tokens": 4, "total_tokens": 94, "token_count_source": "tokenizer"}, "decoding": {"temperature": 0.2, "top_p": null, "top_k": null, "max_tokens": 256, "seed": 42}, "prompt_tokens": 90, "completion_tokens": 4, "total_tokens": 94, "token_count_source": "tokenizer", "diffusion_steps": null, "flops_estimate": null, "flops_arch": null, "flops_model_params": null, "flops_active_params": null, "tokens_non_final": 1, "tokens_reasoning": 0, "tokens_response": 1, "elapsed_seconds": 0.13268184661865234, "judgement": "Way off"}
{"id": "units_001207", "topic": "units", "subtopic": "lb_oz", "prompt": "You buy 1.97 lb at $9.55 per lb. About how much is that total?", "exact_value": 18.81, "model": "qwen/qwen2.5-3b-instruct", "provider": "transformers", "response": "2.86", "numeric_answer": 2.86, "relative_error": 0.847953216374269, "thinking_text": null, "has_tool_call": false, "tool_call": null, "usage": {"prompt_tokens": 89, "completion_tokens": 5, "total_tokens": 94, "token_count_source": "tokenizer"}, "decoding": {"temperature": 0.2, "top_p": null, "top_k": null, "max_tokens": 256, "seed": 42}, "prompt_tokens": 89, "completion_tokens": 5, "total_tokens": 94, "token_count_source": "tokenizer", "diffusion_steps": null, "flops_estimate": null, "flops_arch": null, "flops_model_params": null, "flops_active_params": null, "tokens_non_final": 1, "tokens_reasoning": 0, "tokens_response": 1, "elapsed_seconds": 0.16439175605773926, "judgement": "Way off"}
{"id": "units_001227", "topic": "units", "subtopic": "lb_oz", "prompt": "You buy 5.24 lb at $7.66 per lb. About how much is that total?", "exact_value": 40.14, "model": "qwen/qwen2.5-3b-instruct", "provider": "transformers", "response": "1.84", "numeric_answer": 1.84, "relative_error": 0.9541604384653711, "thinking_text": null, "has_tool_call": false, "tool_call": null, "usage": {"prompt_tokens": 89, "completion_tokens": 5, "total_tokens": 94, "token_count_source": "tokenizer"}, "decoding": {"temperature": 0.2, "top_p": null, "top_k": null, "max_tokens": 256, "seed": 42}, "prompt_tokens": 89, "completion_tokens": 5, "total_tokens": 94, "token_count_source": "tokenizer", "diffusion_steps": null, "flops_estimate": null, "flops_arch": null, "flops_model_params": null, "flops_active_params": null, "tokens_non_final": 1, "tokens_reasoning": 0, "tokens_response": 1, "elapsed_seconds": 0.165055513381958, "judgement": "Way off"}
{"id": "units_001247", "topic": "units", "subtopic": "kg_g", "prompt": "An item costs $5.89 per kg. You take 750 g. About how much is that?", "exact_value": 4.42, "model": "qwen/qwen2.5-3b-instruct", "provider": "transformers", "response": "2.89", "numeric_answer": 2.89, "relative_error": 0.3461538461538461, "thinking_text": null, "has_tool_call": false, "tool_call": null, "usage": {"prompt_tokens": 90, "completion_tokens": 5, "total_tokens": 95, "token_count_source": "tokenizer"}, "decoding": {"temperature": 0.2, "top_p": null, "top_k": null, "max_tokens": 256, "seed": 42}, "prompt_tokens": 90, "completion_tokens": 5, "total_tokens": 95, "token_count_source": "tokenizer", "diffusion_steps": null, "flops_estimate": null, "flops_arch": null, "flops_model_params": null, "flops_active_params": null, "tokens_non_final": 1, "tokens_reasoning": 0, "tokens_response": 1, "elapsed_seconds": 0.1679840087890625, "judgement": "Mildly off"}
{"id": "units_001267", "topic": "units", "subtopic": "kg_g", "prompt": "An item costs $17.87 per kg. You take 250 g. About how much is that?", "exact_value": 4.47, "model": "qwen/qwen2.5-3b-instruct", "provider": "transformers", "response": "3.89", "numeric_answer": 3.89, "relative_error": 0.12975391498881425, "thinking_text": null, "has_tool_call": false, "tool_call": null, "usage": {"prompt_tokens": 91, "completion_tokens": 5, "total_tokens": 96, "token_count_source": "tokenizer"}, "decoding": {"temperature": 0.2, "top_p": null, "top_k": null, "max_tokens": 256, "seed": 42}, "prompt_tokens": 91, "completion_tokens": 5, "total_tokens": 96, "token_count_source": "tokenizer", "diffusion_steps": null, "flops_estimate": null, "flops_arch": null, "flops_model_params": null, "flops_active_params": null, "tokens_non_final": 1, "tokens_reasoning": 0, "tokens_response": 1, "elapsed_seconds": 0.1650073528289795, "judgement": "Good approximation"}
{"id": "units_001287", "topic": "units", "subtopic": "kg_g", "prompt": "An item costs $6.27 per kg. You take 350 g. About how much is that?", "exact_value": 2.19, "model": "qwen/qwen2.5-3b-instruct", "provider": "transformers", "response": "1.35", "numeric_answer": 1.35, "relative_error": 0.38356164383561636, "thinking_text": null, "has_tool_call": false, "tool_call": null, "usage": {"prompt_tokens": 90, "completion_tokens": 5, "total_tokens": 95, "token_count_source": "tokenizer"}, "decoding": {"temperature": 0.2, "top_p": null, "top_k": null, "max_tokens": 256, "seed": 42}, "prompt_tokens": 90, "completion_tokens": 5, "total_tokens": 95, "token_count_source": "tokenizer", "diffusion_steps": null, "flops_estimate": null, "flops_arch": null, "flops_model_params": null, "flops_active_params": null, "tokens_non_final": 1, "tokens_reasoning": 0, "tokens_response": 1, "elapsed_seconds": 0.18075799942016602, "judgement": "Mildly off"}
{"id": "units_001307", "topic": "units", "subtopic": "lb_oz", "prompt": "You buy 5.85 lb at $4.79 per lb. About how much is that total?", "exact_value": 28.02, "model": "qwen/qwen2.5-3b-instruct", "provider": "transformers", "response": "2.85", "numeric_answer": 2.85, "relative_error": 0.8982869379014988, "thinking_text": null, "has_tool_call": false, "tool_call": null, "usage": {"prompt_tokens": 89, "completion_tokens": 5, "total_tokens": 94, "token_count_source": "tokenizer"}, "decoding": {"temperature": 0.2, "top_p": null, "top_k": null, "max_tokens": 256, "seed": 42}, "prompt_tokens": 89, "completion_tokens": 5, "total_tokens": 94, "token_count_source": "tokenizer", "diffusion_steps": null, "flops_estimate": null, "flops_arch": null, "flops_model_params": null, "flops_active_params": null, "tokens_non_final": 1, "tokens_reasoning": 0, "tokens_response": 1, "elapsed_seconds": 0.1719954013824463, "judgement": "Way off"}
{"id": "units_001327", "topic": "units", "subtopic": "lb_oz", "prompt": "You buy 3.55 lb at $11.49 per lb. About how much is that total?", "exact_value": 40.79, "model": "qwen/qwen2.5-3b-instruct", "provider": "transformers", "response": "2.55", "numeric_answer": 2.55, "relative_error": 0.9374846776170631, "thinking_text": null, "has_tool_call": false, "tool_call": null, "usage": {"prompt_tokens": 90, "completion_tokens": 5, "total_tokens": 95, "token_count_source": "tokenizer"}, "decoding": {"temperature": 0.2, "top_p": null, "top_k": null, "max_tokens": 256, "seed": 42}, "prompt_tokens": 90, "completion_tokens": 5, "total_tokens": 95, "token_count_source": "tokenizer", "diffusion_steps": null, "flops_estimate": null, "flops_arch": null, "flops_model_params": null, "flops_active_params": null, "tokens_non_final": 1, "tokens_reasoning": 0, "tokens_response": 1, "elapsed_seconds": 0.1648569107055664, "judgement": "Way off"}
{"id": "tips_000127", "topic": "tips", "subtopic": "tips_service", "prompt": "Bill is $61.32; service fee 0% and tip 22%. About how much do you pay in total?", "exact_value": 74.81, "model": "qwen/qwen2.5-3b-instruct", "provider": "transformers", "response": "61.32", "numeric_answer": 61.32, "relative_error": 0.18032348616495122, "thinking_text": null, "has_tool_call": false, "tool_call": null, "usage": {"prompt_tokens": 94, "completion_tokens": 6, "total_tokens": 100, "token_count_source": "tokenizer"}, "decoding": {"temperature": 0.2, "top_p": null, "top_k": null, "max_tokens": 256, "seed": 42}, "prompt_tokens": 94, "completion_tokens": 6, "total_tokens": 100, "token_count_source": "tokenizer", "diffusion_steps": null, "flops_estimate": null, "flops_arch": null, "flops_model_params": null, "flops_active_params": null, "tokens_non_final": 1, "tokens_reasoning": 0, "tokens_response": 1, "elapsed_seconds": 0.2001345157623291, "judgement": "Good approximation"}
{"id": "tips_000147", "topic": "tips", "subtopic": "tips_service", "prompt": "Bill is $28.37; service fee 3% and tip 15%. About how much do you pay in total?", "exact_value": 33.6, "model": "qwen/qwen2.5-3b-instruct", "provider": "transformers", "response": "28.37", "numeric_answer": 28.37, "relative_error": 0.1556547619047619, "thinking_text": null, "has_tool_call": false, "tool_call": null, "usage": {"prompt_tokens": 94, "completion_tokens": 6, "total_tokens": 100, "token_count_source": "tokenizer"}, "decoding": {"temperature": 0.2, "top_p": null, "top_k": null, "max_tokens": 256, "seed": 42}, "prompt_tokens": 94, "completion_tokens": 6, "total_tokens": 100, "token_count_source": "tokenizer", "diffusion_steps": null, "flops_estimate": null, "flops_arch": null, "flops_model_params": null, "flops_active_params": null, "tokens_non_final": 1, "tokens_reasoning": 0, "tokens_response": 1, "elapsed_seconds": 0.21515226364135742, "judgement": "Good approximation"}
{"id": "tips_000167", "topic": "tips", "subtopic": "tips_service", "prompt": "Bill is $104.95; service fee 3% and tip 22%. About how much do you pay in total?", "exact_value": 131.88, "model": "qwen/qwen2.5-3b-instruct", "provider": "transformers", "response": "104.95", "numeric_answer": 104.95, "relative_error": 0.20420078859569302, "thinking_text": null, "has_tool_call": false, "tool_call": null, "usage": {"prompt_tokens": 95, "completion_tokens": 7, "total_tokens": 102, "token_count_source": "tokenizer"}, "decoding": {"temperature": 0.2, "top_p": null, "top_k": null, "max_tokens": 256, "seed": 42}, "prompt_tokens": 95, "completion_tokens": 7, "total_tokens": 102, "token_count_source": "tokenizer", "diffusion_steps": null, "flops_estimate": null, "flops_arch": null, "flops_model_params": null, "flops_active_params": null, "tokens_non_final": 1, "tokens_reasoning": 0, "tokens_response": 1, "elapsed_seconds": 0.24543142318725586, "judgement": "Mildly off"}
{"id": "tips_000187", "topic": "tips", "subtopic": "tips_service", "prompt": "Bill is $21.63; service fee 5% and tip 18%. About how much do you pay in total?", "exact_value": 26.8, "model": "qwen/qwen2.5-3b-instruct", "provider": "transformers", "response": "21.63", "numeric_answer": 21.63, "relative_error": 0.1929104477611941, "thinking_text": null, "has_tool_call": false, "tool_call": null, "usage": {"prompt_tokens": 94, "completion_tokens": 6, "total_tokens": 100, "token_count_source": "tokenizer"}, "decoding": {"temperature": 0.2, "top_p": null, "top_k": null, "max_tokens": 256, "seed": 42}, "prompt_tokens": 94, "completion_tokens": 6, "total_tokens": 100, "token_count_source": "tokenizer", "diffusion_steps": null, "flops_estimate": null, "flops_arch": null, "flops_model_params": null, "flops_active_params": null, "tokens_non_final": 1, "tokens_reasoning": 0, "tokens_response": 1, "elapsed_seconds": 0.21145915985107422, "judgement": "Good approximation"}
{"id": "tips_000207", "topic": "tips", "subtopic": "tips_service", "prompt": "Bill is $33.06; service fee 0% and tip 18%. About how much do you pay in total?", "exact_value": 39.01, "model": "qwen/qwen2.5-3b-instruct", "provider": "transformers", "response": "23.06", "numeric_answer": 23.06, "relative_error": 0.40886952063573445, "thinking_text": null, "has_tool_call": false, "tool_call": null, "usage": {"prompt_tokens": 94, "completion_tokens": 6, "total_tokens": 100, "token_count_source": "tokenizer"}, "decoding": {"temperature": 0.2, "top_p": null, "top_k": null, "max_tokens": 256, "seed": 42}, "prompt_tokens": 94, "completion_tokens": 6, "total_tokens": 100, "token_count_source": "tokenizer", "diffusion_steps": null, "flops_estimate": null, "flops_arch": null, "flops_model_params": null, "flops_active_params": null, "tokens_non_final": 1, "tokens_reasoning": 0, "tokens_response": 1, "elapsed_seconds": 0.2162482738494873, "judgement": "Mildly off"}
{"id": "tips_000227", "topic": "tips", "subtopic": "tips_service", "prompt": "Bill is $72.70; service fee 3% and tip 22%. About how much do you pay in total?", "exact_value": 91.35, "model": "qwen/qwen2.5-3b-instruct", "provider": "transformers", "response": "1.85", "numeric_answer": 1.85, "relative_error": 0.9797482211275316, "thinking_text": null, "has_tool_call": false, "tool_call": null, "usage": {"prompt_tokens": 94, "completion_tokens": 5, "total_tokens": 99, "token_count_source": "tokenizer"}, "decoding": {"temperature": 0.2, "top_p": null, "top_k": null, "max_tokens": 256, "seed": 42}, "prompt_tokens": 94, "completion_tokens": 5, "total_tokens": 99, "token_count_source": "tokenizer", "diffusion_steps": null, "flops_estimate": null, "flops_arch": null, "flops_model_params": null, "flops_active_params": null, "tokens_non_final": 1, "tokens_reasoning": 0, "tokens_response": 1, "elapsed_seconds": 0.17148351669311523, "judgement": "Way off"}
{"id": "tips_000247", "topic": "tips", "subtopic": "tips_service", "prompt": "Bill is $79.43; service fee 0% and tip 22%. About how much do you pay in total?", "exact_value": 96.9, "model": "qwen/qwen2.5-3b-instruct", "provider": "transformers", "response": "79.43", "numeric_answer": 79.43, "relative_error": 0.18028895768833847, "thinking_text": null, "has_tool_call": false, "tool_call": null, "usage": {"prompt_tokens": 94, "completion_tokens": 6, "total_tokens": 100, "token_count_source": "tokenizer"}, "decoding": {"temperature": 0.2, "top_p": null, "top_k": null, "max_tokens": 256, "seed": 42}, "prompt_tokens": 94, "completion_tokens": 6, "total_tokens": 100, "token_count_source": "tokenizer", "diffusion_steps": null, "flops_estimate": null, "flops_arch": null, "flops_model_params": null, "flops_active_params": null, "tokens_non_final": 1, "tokens_reasoning": 0, "tokens_response": 1, "elapsed_seconds": 0.21400928497314453, "judgement": "Good approximation"}
{"id": "tips_000267", "topic": "tips", "subtopic": "tips_service", "prompt": "Bill is $66.82; service fee 3% and tip 22%. About how much do you pay in total?", "exact_value": 83.97, "model": "qwen/qwen2.5-3b-instruct", "provider": "transformers", "response": "66.82", "numeric_answer": 66.82, "relative_error": 0.204239609384304, "thinking_text": null, "has_tool_call": false, "tool_call": null, "usage": {"prompt_tokens": 94, "completion_tokens": 6, "total_tokens": 100, "token_count_source": "tokenizer"}, "decoding": {"temperature": 0.2, "top_p": null, "top_k": null, "max_tokens": 256, "seed": 42}, "prompt_tokens": 94, "completion_tokens": 6, "total_tokens": 100, "token_count_source": "tokenizer", "diffusion_steps": null, "flops_estimate": null, "flops_arch": null, "flops_model_params": null, "flops_active_params": null, "tokens_non_final": 1, "tokens_reasoning": 0, "tokens_response": 1, "elapsed_seconds": 0.20330429077148438, "judgement": "Mildly off"}
{"id": "tips_000287", "topic": "tips", "subtopic": "tips_service", "prompt": "Bill is $54.76; service fee 5% and tip 18%. About how much do you pay in total?", "exact_value": 67.85, "model": "qwen/qwen2.5-3b-instruct", "provider": "transformers", "response": "204.8", "numeric_answer": 204.8, "relative_error": 2.018422991893884, "thinking_text": null, "has_tool_call": false, "tool_call": null, "usage": {"prompt_tokens": 94, "completion_tokens": 6, "total_tokens": 100, "token_count_source": "tokenizer"}, "decoding": {"temperature": 0.2, "top_p": null, "top_k": null, "max_tokens": 256, "seed": 42}, "prompt_tokens": 94, "completion_tokens": 6, "total_tokens": 100, "token_count_source": "tokenizer", "diffusion_steps": null, "flops_estimate": null, "flops_arch": null, "flops_model_params": null, "flops_active_params": null, "tokens_non_final": 1, "tokens_reasoning": 0, "tokens_response": 1, "elapsed_seconds": 0.2201225757598877, "judgement": "Way off"}
{"id": "tips_000307", "topic": "tips", "subtopic": "tips_service", "prompt": "Bill is $114.55; service fee 3% and tip 22%. About how much do you pay in total?", "exact_value": 143.94, "model": "qwen/qwen2.5-3b-instruct", "provider": "transformers", "response": "114.55", "numeric_answer": 114.55, "relative_error": 0.20418229817979713, "thinking_text": null, "has_tool_call": false, "tool_call": null, "usage": {"prompt_tokens": 95, "completion_tokens": 7, "total_tokens": 102, "token_count_source": "tokenizer"}, "decoding": {"temperature": 0.2, "top_p": null, "top_k": null, "max_tokens": 256, "seed": 42}, "prompt_tokens": 95, "completion_tokens": 7, "total_tokens": 102, "token_count_source": "tokenizer", "diffusion_steps": null, "flops_estimate": null, "flops_arch": null, "flops_model_params": null, "flops_active_params": null, "tokens_non_final": 1, "tokens_reasoning": 0, "tokens_response": 1, "elapsed_seconds": 0.2514829635620117, "judgement": "Mildly off"}
{"id": "tips_000327", "topic": "tips", "subtopic": "tips_service", "prompt": "Bill is $31.62; service fee 5% and tip 18%. About how much do you pay in total?", "exact_value": 39.18, "model": "qwen/qwen2.5-3b-instruct", "provider": "transformers", "response": "31.62", "numeric_answer": 31.62, "relative_error": 0.1929555895865237, "thinking_text": null, "has_tool_call": false, "tool_call": null, "usage": {"prompt_tokens": 94, "completion_tokens": 6, "total_tokens": 100, "token_count_source": "tokenizer"}, "decoding": {"temperature": 0.2, "top_p": null, "top_k": null, "max_tokens": 256, "seed": 42}, "prompt_tokens": 94, "completion_tokens": 6, "total_tokens": 100, "token_count_source": "tokenizer", "diffusion_steps": null, "flops_estimate": null, "flops_arch": null, "flops_model_params": null, "flops_active_params": null, "tokens_non_final": 1, "tokens_reasoning": 0, "tokens_response": 1, "elapsed_seconds": 0.20700883865356445, "judgement": "Good approximation"}
{"id": "tips_000347", "topic": "tips", "subtopic": "tips_service", "prompt": "Bill is $22.85; service fee 3% and tip 15%. About how much do you pay in total?", "exact_value": 27.07, "model": "qwen/qwen2.5-3b-instruct", "provider": "transformers", "response": "22.85", "numeric_answer": 22.85, "relative_error": 0.15589213151089762, "thinking_text": null, "has_tool_call": false, "tool_call": null, "usage": {"prompt_tokens": 94, "completion_tokens": 6, "total_tokens": 100, "token_count_source": "tokenizer"}, "decoding": {"temperature": 0.2, "top_p": null, "top_k": null, "max_tokens": 256, "seed": 42}, "prompt_tokens": 94, "completion_tokens": 6, "total_tokens": 100, "token_count_source": "tokenizer", "diffusion_steps": null, "flops_estimate": null, "flops_arch": null, "flops_model_params": null, "flops_active_params": null, "tokens_non_final": 1, "tokens_reasoning": 0, "tokens_response": 1, "elapsed_seconds": 0.2260725498199463, "judgement": "Good approximation"}
{"id": "tips_000367", "topic": "tips", "subtopic": "tips_service", "prompt": "Bill is $82.68; service fee 0% and tip 15%. About how much do you pay in total?", "exact_value": 95.08, "model": "qwen/qwen2.5-3b-instruct", "provider": "transformers", "response": "82.68", "numeric_answer": 82.68, "relative_error": 0.13041649137568354, "thinking_text": null, "has_tool_call": false, "tool_call": null, "usage": {"prompt_tokens": 94, "completion_tokens": 6, "total_tokens": 100, "token_count_source": "tokenizer"}, "decoding": {"temperature": 0.2, "top_p": null, "top_k": null, "max_tokens": 256, "seed": 42}, "prompt_tokens": 94, "completion_tokens": 6, "total_tokens": 100, "token_count_source": "tokenizer", "diffusion_steps": null, "flops_estimate": null, "flops_arch": null, "flops_model_params": null, "flops_active_params": null, "tokens_non_final": 1, "tokens_reasoning": 0, "tokens_response": 1, "elapsed_seconds": 0.21659398078918457, "judgement": "Good approximation"}
{"id": "tips_000387", "topic": "tips", "subtopic": "tips_service", "prompt": "Bill is $87.76; service fee 3% and tip 22%. About how much do you pay in total?", "exact_value": 110.28, "model": "qwen/qwen2.5-3b-instruct", "provider": "transformers", "response": "87.76", "numeric_answer": 87.76, "relative_error": 0.20420747188973518, "thinking_text": null, "has_tool_call": false, "tool_call": null, "usage": {"prompt_tokens": 94, "completion_tokens": 6, "total_tokens": 100, "token_count_source": "tokenizer"}, "decoding": {"temperature": 0.2, "top_p": null, "top_k": null, "max_tokens": 256, "seed": 42}, "prompt_tokens": 94, "completion_tokens": 6, "total_tokens": 100, "token_count_source": "tokenizer", "diffusion_steps": null, "flops_estimate": null, "flops_arch": null, "flops_model_params": null, "flops_active_params": null, "tokens_non_final": 1, "tokens_reasoning": 0, "tokens_response": 1, "elapsed_seconds": 0.2069854736328125, "judgement": "Mildly off"}
{"id": "tips_000407", "topic": "tips", "subtopic": "tips_service", "prompt": "Bill is $81.00; service fee 3% and tip 20%. About how much do you pay in total?", "exact_value": 100.12, "model": "qwen/qwen2.5-3b-instruct", "provider": "transformers", "response": "81.00", "numeric_answer": 81.0, "relative_error": 0.19097083499800244, "thinking_text": null, "has_tool_call": false, "tool_call": null, "usage": {"prompt_tokens": 94, "completion_tokens": 6, "total_tokens": 100, "token_count_source": "tokenizer"}, "decoding": {"temperature": 0.2, "top_p": null, "top_k": null, "max_tokens": 256, "seed": 42}, "prompt_tokens": 94, "completion_tokens": 6, "total_tokens": 100, "token_count_source": "tokenizer", "diffusion_steps": null, "flops_estimate": null, "flops_arch": null, "flops_model_params": null, "flops_active_params": null, "tokens_non_final": 1, "tokens_reasoning": 0, "tokens_response": 1, "elapsed_seconds": 0.21935391426086426, "judgement": "Good approximation"}
{"id": "tips_000427", "topic": "tips", "subtopic": "tips_service", "prompt": "Bill is $99.26; service fee 0% and tip 22%. About how much do you pay in total?", "exact_value": 121.1, "model": "qwen/qwen2.5-3b-instruct", "provider": "transformers", "response": "99.26", "numeric_answer": 99.26, "relative_error": 0.18034682080924846, "thinking_text": null, "has_tool_call": false, "tool_call": null, "usage": {"prompt_tokens": 94, "completion_tokens": 6, "total_tokens": 100, "token_count_source": "tokenizer"}, "decoding": {"temperature": 0.2, "top_p": null, "top_k": null, "max_tokens": 256, "seed": 42}, "prompt_tokens": 94, "completion_tokens": 6, "total_tokens": 100, "token_count_source": "tokenizer", "diffusion_steps": null, "flops_estimate": null, "flops_arch": null, "flops_model_params": null, "flops_active_params": null, "tokens_non_final": 1, "tokens_reasoning": 0, "tokens_response": 1, "elapsed_seconds": 0.2062387466430664, "judgement": "Good approximation"}
{"id": "tips_000447", "topic": "tips", "subtopic": "tips_service", "prompt": "Bill is $13.43; service fee 3% and tip 18%. About how much do you pay in total?", "exact_value": 16.32, "model": "qwen/qwen2.5-3b-instruct", "provider": "transformers", "response": "2.46", "numeric_answer": 2.46, "relative_error": 0.8492647058823529, "thinking_text": null, "has_tool_call": false, "tool_call": null, "usage": {"prompt_tokens": 94, "completion_tokens": 5, "total_tokens": 99, "token_count_source": "tokenizer"}, "decoding": {"temperature": 0.2, "top_p": null, "top_k": null, "max_tokens": 256, "seed": 42}, "prompt_tokens": 94, "completion_tokens": 5, "total_tokens": 99, "token_count_source": "tokenizer", "diffusion_steps": null, "flops_estimate": null, "flops_arch": null, "flops_model_params": null, "flops_active_params": null, "tokens_non_final": 1, "tokens_reasoning": 0, "tokens_response": 1, "elapsed_seconds": 0.17148637771606445, "judgement": "Way off"}
{"id": "tips_000467", "topic": "tips", "subtopic": "tips_service", "prompt": "Bill is $47.68; service fee 5% and tip 22%. About how much do you pay in total?", "exact_value": 61.08, "model": "qwen/qwen2.5-3b-instruct", "provider": "transformers", "response": "47.68", "numeric_answer": 47.68, "relative_error": 0.21938441388343155, "thinking_text": null, "has_tool_call": false, "tool_call": null, "usage": {"prompt_tokens": 94, "completion_tokens": 6, "total_tokens": 100, "token_count_source": "tokenizer"}, "decoding": {"temperature": 0.2, "top_p": null, "top_k": null, "max_tokens": 256, "seed": 42}, "prompt_tokens": 94, "completion_tokens": 6, "total_tokens": 100, "token_count_source": "tokenizer", "diffusion_steps": null, "flops_estimate": null, "flops_arch": null, "flops_model_params": null, "flops_active_params": null, "tokens_non_final": 1, "tokens_reasoning": 0, "tokens_response": 1, "elapsed_seconds": 0.21216201782226562, "judgement": "Mildly off"}
{"id": "tips_000487", "topic": "tips", "subtopic": "tips_service", "prompt": "Bill is $84.77; service fee 0% and tip 22%. About how much do you pay in total?", "exact_value": 103.42, "model": "qwen/qwen2.5-3b-instruct", "provider": "transformers", "response": "84.77", "numeric_answer": 84.77, "relative_error": 0.18033262425062857, "thinking_text": null, "has_tool_call": false, "tool_call": null, "usage": {"prompt_tokens": 94, "completion_tokens": 6, "total_tokens": 100, "token_count_source": "tokenizer"}, "decoding": {"temperature": 0.2, "top_p": null, "top_k": null, "max_tokens": 256, "seed": 42}, "prompt_tokens": 94, "completion_tokens": 6, "total_tokens": 100, "token_count_source": "tokenizer", "diffusion_steps": null, "flops_estimate": null, "flops_arch": null, "flops_model_params": null, "flops_active_params": null, "tokens_non_final": 1, "tokens_reasoning": 0, "tokens_response": 1, "elapsed_seconds": 0.21544837951660156, "judgement": "Good approximation"}
{"id": "tips_000507", "topic": "tips", "subtopic": "tips_service", "prompt": "Bill is $71.65; service fee 5% and tip 22%. About how much do you pay in total?", "exact_value": 91.78, "model": "qwen/qwen2.5-3b-instruct", "provider": "transformers", "response": "71.65", "numeric_answer": 71.65, "relative_error": 0.21932882981041615, "thinking_text": null, "has_tool_call": false, "tool_call": null, "usage": {"prompt_tokens": 94, "completion_tokens": 6, "total_tokens": 100, "token_count_source": "tokenizer"}, "decoding": {"temperature": 0.2, "top_p": null, "top_k": null, "max_tokens": 256, "seed": 42}, "prompt_tokens": 94, "completion_tokens": 6, "total_tokens": 100, "token_count_source": "tokenizer", "diffusion_steps": null, "flops_estimate": null, "flops_arch": null, "flops_model_params": null, "flops_active_params": null, "tokens_non_final": 1, "tokens_reasoning": 0, "tokens_response": 1, "elapsed_seconds": 0.21526074409484863, "judgement": "Mildly off"}
{"id": "tips_000527", "topic": "tips", "subtopic": "tips_service", "prompt": "Bill is $84.44; service fee 5% and tip 18%. About how much do you pay in total?", "exact_value": 104.62, "model": "qwen/qwen2.5-3b-instruct", "provider": "transformers", "response": "84.44", "numeric_answer": 84.44, "relative_error": 0.19288854903460148, "thinking_text": null, "has_tool_call": false, "tool_call": null, "usage": {"prompt_tokens": 94, "completion_tokens": 6, "total_tokens": 100, "token_count_source": "tokenizer"}, "decoding": {"temperature": 0.2, "top_p": null, "top_k": null, "max_tokens": 256, "seed": 42}, "prompt_tokens": 94, "completion_tokens": 6, "total_tokens": 100, "token_count_source": "tokenizer", "diffusion_steps": null, "flops_estimate": null, "flops_arch": null, "flops_model_params": null, "flops_active_params": null, "tokens_non_final": 1, "tokens_reasoning": 0, "tokens_response": 1, "elapsed_seconds": 0.20863723754882812, "judgement": "Good approximation"}
{"id": "tips_000547", "topic": "tips", "subtopic": "tips_service", "prompt": "Bill is $32.84; service fee 0% and tip 18%. About how much do you pay in total?", "exact_value": 38.75, "model": "qwen/qwen2.5-3b-instruct", "provider": "transformers", "response": "32.84", "numeric_answer": 32.84, "relative_error": 0.15251612903225797, "thinking_text": null, "has_tool_call": false, "tool_call": null, "usage": {"prompt_tokens": 94, "completion_tokens": 6, "total_tokens": 100, "token_count_source": "tokenizer"}, "decoding": {"temperature": 0.2, "top_p": null, "top_k": null, "max_tokens": 256, "seed": 42}, "prompt_tokens": 94, "completion_tokens": 6, "total_tokens": 100, "token_count_source": "tokenizer", "diffusion_steps": null, "flops_estimate": null, "flops_arch": null, "flops_model_params": null, "flops_active_params": null, "tokens_non_final": 1, "tokens_reasoning": 0, "tokens_response": 1, "elapsed_seconds": 0.20069408416748047, "judgement": "Good approximation"}
{"id": "tips_000567", "topic": "tips", "subtopic": "tips_service", "prompt": "Bill is $102.88; service fee 3% and tip 20%. About how much do you pay in total?", "exact_value": 127.16, "model": "qwen/qwen2.5-3b-instruct", "provider": "transformers", "response": "102.88", "numeric_answer": 102.88, "relative_error": 0.19094054734193144, "thinking_text": null, "has_tool_call": false, "tool_call": null, "usage": {"prompt_tokens": 95, "completion_tokens": 7, "total_tokens": 102, "token_count_source": "tokenizer"}, "decoding": {"temperature": 0.2, "top_p": null, "top_k": null, "max_tokens": 256, "seed": 42}, "prompt_tokens": 95, "completion_tokens": 7, "total_tokens": 102, "token_count_source": "tokenizer", "diffusion_steps": null, "flops_estimate": null, "flops_arch": null, "flops_model_params": null, "flops_active_params": null, "tokens_non_final": 1, "tokens_reasoning": 0, "tokens_response": 1, "elapsed_seconds": 0.23506402969360352, "judgement": "Good approximation"}
{"id": "tips_000587", "topic": "tips", "subtopic": "tips_service", "prompt": "Bill is $100.09; service fee 0% and tip 18%. About how much do you pay in total?", "exact_value": 118.11, "model": "qwen/qwen2.5-3b-instruct", "provider": "transformers", "response": "100.09", "numeric_answer": 100.09, "relative_error": 0.15256963847261024, "thinking_text": null, "has_tool_call": false, "tool_call": null, "usage": {"prompt_tokens": 95, "completion_tokens": 7, "total_tokens": 102, "token_count_source": "tokenizer"}, "decoding": {"temperature": 0.2, "top_p": null, "top_k": null, "max_tokens": 256, "seed": 42}, "prompt_tokens": 95, "completion_tokens": 7, "total_tokens": 102, "token_count_source": "tokenizer", "diffusion_steps": null, "flops_estimate": null, "flops_arch": null, "flops_model_params": null, "flops_active_params": null, "tokens_non_final": 1, "tokens_reasoning": 0, "tokens_response": 1, "elapsed_seconds": 0.2251126766204834, "judgement": "Good approximation"}
{"id": "tips_000607", "topic": "tips", "subtopic": "tips_service", "prompt": "Bill is $35.03; service fee 0% and tip 18%. About how much do you pay in total?", "exact_value": 41.34, "model": "qwen/qwen2.5-3b-instruct", "provider": "transformers", "response": "25.04", "numeric_answer": 25.04, "relative_error": 0.3942912433478472, "thinking_text": null, "has_tool_call": false, "tool_call": null, "usage": {"prompt_tokens": 94, "completion_tokens": 6, "total_tokens": 100, "token_count_source": "tokenizer"}, "decoding": {"temperature": 0.2, "top_p": null, "top_k": null, "max_tokens": 256, "seed": 42}, "prompt_tokens": 94, "completion_tokens": 6, "total_tokens": 100, "token_count_source": "tokenizer", "diffusion_steps": null, "flops_estimate": null, "flops_arch": null, "flops_model_params": null, "flops_active_params": null, "tokens_non_final": 1, "tokens_reasoning": 0, "tokens_response": 1, "elapsed_seconds": 0.19655132293701172, "judgement": "Mildly off"}
{"id": "tips_000627", "topic": "tips", "subtopic": "tips_service", "prompt": "Bill is $17.92; service fee 0% and tip 20%. About how much do you pay in total?", "exact_value": 21.5, "model": "qwen/qwen2.5-3b-instruct", "provider": "transformers", "response": "17.92", "numeric_answer": 17.92, "relative_error": 0.16651162790697666, "thinking_text": null, "has_tool_call": false, "tool_call": null, "usage": {"prompt_tokens": 94, "completion_tokens": 6, "total_tokens": 100, "token_count_source": "tokenizer"}, "decoding": {"temperature": 0.2, "top_p": null, "top_k": null, "max_tokens": 256, "seed": 42}, "prompt_tokens": 94, "completion_tokens": 6, "total_tokens": 100, "token_count_source": "tokenizer", "diffusion_steps": null, "flops_estimate": null, "flops_arch": null, "flops_model_params": null, "flops_active_params": null, "tokens_non_final": 1, "tokens_reasoning": 0, "tokens_response": 1, "elapsed_seconds": 0.20650005340576172, "judgement": "Good approximation"}
{"id": "tips_000647", "topic": "tips", "subtopic": "tips_service", "prompt": "Bill is $72.20; service fee 0% and tip 18%. About how much do you pay in total?", "exact_value": 85.2, "model": "qwen/qwen2.5-3b-instruct", "provider": "transformers", "response": "72.20", "numeric_answer": 72.2, "relative_error": 0.15258215962441313, "thinking_text": null, "has_tool_call": false, "tool_call": null, "usage": {"prompt_tokens": 94, "completion_tokens": 6, "total_tokens": 100, "token_count_source": "tokenizer"}, "decoding": {"temperature": 0.2, "top_p": null, "top_k": null, "max_tokens": 256, "seed": 42}, "prompt_tokens": 94, "completion_tokens": 6, "total_tokens": 100, "token_count_source": "tokenizer", "diffusion_steps": null, "flops_estimate": null, "flops_arch": null, "flops_model_params": null, "flops_active_params": null, "tokens_non_final": 1, "tokens_reasoning": 0, "tokens_response": 1, "elapsed_seconds": 0.20508909225463867, "judgement": "Good approximation"}
{"id": "tips_000667", "topic": "tips", "subtopic": "tips_service", "prompt": "Bill is $28.54; service fee 5% and tip 15%. About how much do you pay in total?", "exact_value": 34.46, "model": "qwen/qwen2.5-3b-instruct", "provider": "transformers", "response": "28.54", "numeric_answer": 28.54, "relative_error": 0.17179338363319796, "thinking_text": null, "has_tool_call": false, "tool_call": null, "usage": {"prompt_tokens": 94, "completion_tokens": 6, "total_tokens": 100, "token_count_source": "tokenizer"}, "decoding": {"temperature": 0.2, "top_p": null, "top_k": null, "max_tokens": 256, "seed": 42}, "prompt_tokens": 94, "completion_tokens": 6, "total_tokens": 100, "token_count_source": "tokenizer", "diffusion_steps": null, "flops_estimate": null, "flops_arch": null, "flops_model_params": null, "flops_active_params": null, "tokens_non_final": 1, "tokens_reasoning": 0, "tokens_response": 1, "elapsed_seconds": 0.20204854011535645, "judgement": "Good approximation"}
{"id": "tips_000687", "topic": "tips", "subtopic": "tips_service", "prompt": "Bill is $24.54; service fee 0% and tip 20%. About how much do you pay in total?", "exact_value": 29.45, "model": "qwen/qwen2.5-3b-instruct", "provider": "transformers", "response": "24.54", "numeric_answer": 24.54, "relative_error": 0.166723259762309, "thinking_text": null, "has_tool_call": false, "tool_call": null, "usage": {"prompt_tokens": 94, "completion_tokens": 6, "total_tokens": 100, "token_count_source": "tokenizer"}, "decoding": {"temperature": 0.2, "top_p": null, "top_k": null, "max_tokens": 256, "seed": 42}, "prompt_tokens": 94, "completion_tokens": 6, "total_tokens": 100, "token_count_source": "tokenizer", "diffusion_steps": null, "flops_estimate": null, "flops_arch": null, "flops_model_params": null, "flops_active_params": null, "tokens_non_final": 1, "tokens_reasoning": 0, "tokens_response": 1, "elapsed_seconds": 0.19804692268371582, "judgement": "Good approximation"}
{"id": "tips_000707", "topic": "tips", "subtopic": "tips_service", "prompt": "Bill is $115.78; service fee 0% and tip 15%. About how much do you pay in total?", "exact_value": 133.15, "model": "qwen/qwen2.5-3b-instruct", "provider": "transformers", "response": "215.78", "numeric_answer": 215.78, "relative_error": 0.6205782951558392, "thinking_text": null, "has_tool_call": false, "tool_call": null, "usage": {"prompt_tokens": 95, "completion_tokens": 7, "total_tokens": 102, "token_count_source": "tokenizer"}, "decoding": {"temperature": 0.2, "top_p": null, "top_k": null, "max_tokens": 256, "seed": 42}, "prompt_tokens": 95, "completion_tokens": 7, "total_tokens": 102, "token_count_source": "tokenizer", "diffusion_steps": null, "flops_estimate": null, "flops_arch": null, "flops_model_params": null, "flops_active_params": null, "tokens_non_final": 1, "tokens_reasoning": 0, "tokens_response": 1, "elapsed_seconds": 0.25712108612060547, "judgement": "Way off"}
{"id": "tips_000727", "topic": "tips", "subtopic": "tips_service", "prompt": "Bill is $100.10; service fee 0% and tip 18%. About how much do you pay in total?", "exact_value": 118.12, "model": "qwen/qwen2.5-3b-instruct", "provider": "transformers", "response": "200.10", "numeric_answer": 200.1, "relative_error": 0.6940399593633592, "thinking_text": null, "has_tool_call": false, "tool_call": null, "usage": {"prompt_tokens": 95, "completion_tokens": 7, "total_tokens": 102, "token_count_source": "tokenizer"}, "decoding": {"temperature": 0.2, "top_p": null, "top_k": null, "max_tokens": 256, "seed": 42}, "prompt_tokens": 95, "completion_tokens": 7, "total_tokens": 102, "token_count_source": "tokenizer", "diffusion_steps": null, "flops_estimate": null, "flops_arch": null, "flops_model_params": null, "flops_active_params": null, "tokens_non_final": 1, "tokens_reasoning": 0, "tokens_response": 1, "elapsed_seconds": 0.2471916675567627, "judgement": "Way off"}
{"id": "tips_000747", "topic": "tips", "subtopic": "tips_service", "prompt": "Bill is $119.18; service fee 0% and tip 15%. About how much do you pay in total?", "exact_value": 137.06, "model": "qwen/qwen2.5-3b-instruct", "provider": "transformers", "response": "119.18", "numeric_answer": 119.18, "relative_error": 0.13045381584707424, "thinking_text": null, "has_tool_call": false, "tool_call": null, "usage": {"prompt_tokens": 95, "completion_tokens": 7, "total_tokens": 102, "token_count_source": "tokenizer"}, "decoding": {"temperature": 0.2, "top_p": null, "top_k": null, "max_tokens": 256, "seed": 42}, "prompt_tokens": 95, "completion_tokens": 7, "total_tokens": 102, "token_count_source": "tokenizer", "diffusion_steps": null, "flops_estimate": null, "flops_arch": null, "flops_model_params": null, "flops_active_params": null, "tokens_non_final": 1, "tokens_reasoning": 0, "tokens_response": 1, "elapsed_seconds": 0.24228215217590332, "judgement": "Good approximation"}
{"id": "tips_000767", "topic": "tips", "subtopic": "tips_service", "prompt": "Bill is $12.91; service fee 3% and tip 18%. About how much do you pay in total?", "exact_value": 15.69, "model": "qwen/qwen2.5-3b-instruct", "provider": "transformers", "response": "12.91", "numeric_answer": 12.91, "relative_error": 0.17718291905672398, "thinking_text": null, "has_tool_call": false, "tool_call": null, "usage": {"prompt_tokens": 94, "completion_tokens": 6, "total_tokens": 100, "token_count_source": "tokenizer"}, "decoding": {"temperature": 0.2, "top_p": null, "top_k": null, "max_tokens": 256, "seed": 42}, "prompt_tokens": 94, "completion_tokens": 6, "total_tokens": 100, "token_count_source": "tokenizer", "diffusion_steps": null, "flops_estimate": null, "flops_arch": null, "flops_model_params": null, "flops_active_params": null, "tokens_non_final": 1, "tokens_reasoning": 0, "tokens_response": 1, "elapsed_seconds": 0.22062182426452637, "judgement": "Good approximation"}
{"id": "tips_000787", "topic": "tips", "subtopic": "tips_service", "prompt": "Bill is $77.28; service fee 5% and tip 22%. About how much do you pay in total?", "exact_value": 99.0, "model": "qwen/qwen2.5-3b-instruct", "provider": "transformers", "response": "17.28", "numeric_answer": 17.28, "relative_error": 0.8254545454545454, "thinking_text": null, "has_tool_call": false, "tool_call": null, "usage": {"prompt_tokens": 94, "completion_tokens": 6, "total_tokens": 100, "token_count_source": "tokenizer"}, "decoding": {"temperature": 0.2, "top_p": null, "top_k": null, "max_tokens": 256, "seed": 42}, "prompt_tokens": 94, "completion_tokens": 6, "total_tokens": 100, "token_count_source": "tokenizer", "diffusion_steps": null, "flops_estimate": null, "flops_arch": null, "flops_model_params": null, "flops_active_params": null, "tokens_non_final": 1, "tokens_reasoning": 0, "tokens_response": 1, "elapsed_seconds": 0.21243071556091309, "judgement": "Way off"}
{"id": "tips_000807", "topic": "tips", "subtopic": "tips_service", "prompt": "Bill is $114.97; service fee 3% and tip 20%. About how much do you pay in total?", "exact_value": 142.1, "model": "qwen/qwen2.5-3b-instruct", "provider": "transformers", "response": "114.97", "numeric_answer": 114.97, "relative_error": 0.19092188599577758, "thinking_text": null, "has_tool_call": false, "tool_call": null, "usage": {"prompt_tokens": 95, "completion_tokens": 7, "total_tokens": 102, "token_count_source": "tokenizer"}, "decoding": {"temperature": 0.2, "top_p": null, "top_k": null, "max_tokens": 256, "seed": 42}, "prompt_tokens": 95, "completion_tokens": 7, "total_tokens": 102, "token_count_source": "tokenizer", "diffusion_steps": null, "flops_estimate": null, "flops_arch": null, "flops_model_params": null, "flops_active_params": null, "tokens_non_final": 1, "tokens_reasoning": 0, "tokens_response": 1, "elapsed_seconds": 0.2389812469482422, "judgement": "Good approximation"}
{"id": "tips_000827", "topic": "tips", "subtopic": "tips_service", "prompt": "Bill is $39.73; service fee 5% and tip 22%. About how much do you pay in total?", "exact_value": 50.89, "model": "qwen/qwen2.5-3b-instruct", "provider": "transformers", "response": "14.86", "numeric_answer": 14.86, "relative_error": 0.7079976419728827, "thinking_text": null, "has_tool_call": false, "tool_call": null, "usage": {"prompt_tokens": 94, "completion_tokens": 6, "total_tokens": 100, "token_count_source": "tokenizer"}, "decoding": {"temperature": 0.2, "top_p": null, "top_k": null, "max_tokens": 256, "seed": 42}, "prompt_tokens": 94, "completion_tokens": 6, "total_tokens": 100, "token_count_source": "tokenizer", "diffusion_steps": null, "flops_estimate": null, "flops_arch": null, "flops_model_params": null, "flops_active_params": null, "tokens_non_final": 1, "tokens_reasoning": 0, "tokens_response": 1, "elapsed_seconds": 0.1957077980041504, "judgement": "Way off"}
{"id": "tips_000847", "topic": "tips", "subtopic": "tips_service", "prompt": "Bill is $108.02; service fee 3% and tip 20%. About how much do you pay in total?", "exact_value": 133.51, "model": "qwen/qwen2.5-3b-instruct", "provider": "transformers", "response": "108.02", "numeric_answer": 108.02, "relative_error": 0.19092202831248592, "thinking_text": null, "has_tool_call": false, "tool_call": null, "usage": {"prompt_tokens": 95, "completion_tokens": 7, "total_tokens": 102, "token_count_source": "tokenizer"}, "decoding": {"temperature": 0.2, "top_p": null, "top_k": null, "max_tokens": 256, "seed": 42}, "prompt_tokens": 95, "completion_tokens": 7, "total_tokens": 102, "token_count_source": "tokenizer", "diffusion_steps": null, "flops_estimate": null, "flops_arch": null, "flops_model_params": null, "flops_active_params": null, "tokens_non_final": 1, "tokens_reasoning": 0, "tokens_response": 1, "elapsed_seconds": 0.2328329086303711, "judgement": "Good approximation"}
{"id": "tips_000867", "topic": "tips", "subtopic": "tips_service", "prompt": "Bill is $93.22; service fee 3% and tip 22%. About how much do you pay in total?", "exact_value": 117.14, "model": "qwen/qwen2.5-3b-instruct", "provider": "transformers", "response": "93.22", "numeric_answer": 93.22, "relative_error": 0.20420010244152298, "thinking_text": null, "has_tool_call": false, "tool_call": null, "usage": {"prompt_tokens": 94, "completion_tokens": 6, "total_tokens": 100, "token_count_source": "tokenizer"}, "decoding": {"temperature": 0.2, "top_p": null, "top_k": null, "max_tokens": 256, "seed": 42}, "prompt_tokens": 94, "completion_tokens": 6, "total_tokens": 100, "token_count_source": "tokenizer", "diffusion_steps": null, "flops_estimate": null, "flops_arch": null, "flops_model_params": null, "flops_active_params": null, "tokens_non_final": 1, "tokens_reasoning": 0, "tokens_response": 1, "elapsed_seconds": 0.200852632522583, "judgement": "Mildly off"}
{"id": "tips_000887", "topic": "tips", "subtopic": "tips_service", "prompt": "Bill is $41.32; service fee 0% and tip 18%. About how much do you pay in total?", "exact_value": 48.76, "model": "qwen/qwen2.5-3b-instruct", "provider": "transformers", "response": "41.32", "numeric_answer": 41.32, "relative_error": 0.15258408531583262, "thinking_text": null, "has_tool_call": false, "tool_call": null, "usage": {"prompt_tokens": 94, "completion_tokens": 6, "total_tokens": 100, "token_count_source": "tokenizer"}, "decoding": {"temperature": 0.2, "top_p": null, "top_k": null, "max_tokens": 256, "seed": 42}, "prompt_tokens": 94, "completion_tokens": 6, "total_tokens": 100, "token_count_source": "tokenizer", "diffusion_steps": null, "flops_estimate": null, "flops_arch": null, "flops_model_params": null, "flops_active_params": null, "tokens_non_final": 1, "tokens_reasoning": 0, "tokens_response": 1, "elapsed_seconds": 0.22127389907836914, "judgement": "Good approximation"}
{"id": "tips_000907", "topic": "tips", "subtopic": "tips_service", "prompt": "Bill is $65.03; service fee 3% and tip 22%. About how much do you pay in total?", "exact_value": 81.72, "model": "qwen/qwen2.5-3b-instruct", "provider": "transformers", "response": "65.03", "numeric_answer": 65.03, "relative_error": 0.20423396965247184, "thinking_text": null, "has_tool_call": false, "tool_call": null, "usage": {"prompt_tokens": 94, "completion_tokens": 6, "total_tokens": 100, "token_count_source": "tokenizer"}, "decoding": {"temperature": 0.2, "top_p": null, "top_k": null, "max_tokens": 256, "seed": 42}, "prompt_tokens": 94, "completion_tokens": 6, "total_tokens": 100, "token_count_source": "tokenizer", "diffusion_steps": null, "flops_estimate": null, "flops_arch": null, "flops_model_params": null, "flops_active_params": null, "tokens_non_final": 1, "tokens_reasoning": 0, "tokens_response": 1, "elapsed_seconds": 0.19730114936828613, "judgement": "Mildly off"}
{"id": "tips_000927", "topic": "tips", "subtopic": "tips_service", "prompt": "Bill is $78.22; service fee 5% and tip 15%. About how much do you pay in total?", "exact_value": 94.45, "model": "qwen/qwen2.5-3b-instruct", "provider": "transformers", "response": "78.22", "numeric_answer": 78.22, "relative_error": 0.17183695076760194, "thinking_text": null, "has_tool_call": false, "tool_call": null, "usage": {"prompt_tokens": 94, "completion_tokens": 6, "total_tokens": 100, "token_count_source": "tokenizer"}, "decoding": {"temperature": 0.2, "top_p": null, "top_k": null, "max_tokens": 256, "seed": 42}, "prompt_tokens": 94, "completion_tokens": 6, "total_tokens": 100, "token_count_source": "tokenizer", "diffusion_steps": null, "flops_estimate": null, "flops_arch": null, "flops_model_params": null, "flops_active_params": null, "tokens_non_final": 1, "tokens_reasoning": 0, "tokens_response": 1, "elapsed_seconds": 0.1996631622314453, "judgement": "Good approximation"}
{"id": "tips_000947", "topic": "tips", "subtopic": "tips_service", "prompt": "Bill is $97.36; service fee 3% and tip 15%. About how much do you pay in total?", "exact_value": 115.32, "model": "qwen/qwen2.5-3b-instruct", "provider": "transformers", "response": "97.36", "numeric_answer": 97.36, "relative_error": 0.15574054804023582, "thinking_text": null, "has_tool_call": false, "tool_call": null, "usage": {"prompt_tokens": 94, "completion_tokens": 6, "total_tokens": 100, "token_count_source": "tokenizer"}, "decoding": {"temperature": 0.2, "top_p": null, "top_k": null, "max_tokens": 256, "seed": 42}, "prompt_tokens": 94, "completion_tokens": 6, "total_tokens": 100, "token_count_source": "tokenizer", "diffusion_steps": null, "flops_estimate": null, "flops_arch": null, "flops_model_params": null, "flops_active_params": null, "tokens_non_final": 1, "tokens_reasoning": 0, "tokens_response": 1, "elapsed_seconds": 0.2107410430908203, "judgement": "Good approximation"}
{"id": "tips_000967", "topic": "tips", "subtopic": "tips_service", "prompt": "Bill is $13.97; service fee 3% and tip 15%. About how much do you pay in total?", "exact_value": 16.55, "model": "qwen/qwen2.5-3b-instruct", "provider": "transformers", "response": "13.97", "numeric_answer": 13.97, "relative_error": 0.15589123867069485, "thinking_text": null, "has_tool_call": false, "tool_call": null, "usage": {"prompt_tokens": 94, "completion_tokens": 6, "total_tokens": 100, "token_count_source": "tokenizer"}, "decoding": {"temperature": 0.2, "top_p": null, "top_k": null, "max_tokens": 256, "seed": 42}, "prompt_tokens": 94, "completion_tokens": 6, "total_tokens": 100, "token_count_source": "tokenizer", "diffusion_steps": null, "flops_estimate": null, "flops_arch": null, "flops_model_params": null, "flops_active_params": null, "tokens_non_final": 1, "tokens_reasoning": 0, "tokens_response": 1, "elapsed_seconds": 0.22521662712097168, "judgement": "Good approximation"}
{"id": "tips_000987", "topic": "tips", "subtopic": "tips_service", "prompt": "Bill is $60.94; service fee 5% and tip 18%. About how much do you pay in total?", "exact_value": 75.5, "model": "qwen/qwen2.5-3b-instruct", "provider": "transformers", "response": "60.94", "numeric_answer": 60.94, "relative_error": 0.19284768211920533, "thinking_text": null, "has_tool_call": false, "tool_call": null, "usage": {"prompt_tokens": 94, "completion_tokens": 6, "total_tokens": 100, "token_count_source": "tokenizer"}, "decoding": {"temperature": 0.2, "top_p": null, "top_k": null, "max_tokens": 256, "seed": 42}, "prompt_tokens": 94, "completion_tokens": 6, "total_tokens": 100, "token_count_source": "tokenizer", "diffusion_steps": null, "flops_estimate": null, "flops_arch": null, "flops_model_params": null, "flops_active_params": null, "tokens_non_final": 1, "tokens_reasoning": 0, "tokens_response": 1, "elapsed_seconds": 0.19927144050598145, "judgement": "Good approximation"}
{"id": "tips_001007", "topic": "tips", "subtopic": "tips_service", "prompt": "Bill is $101.70; service fee 3% and tip 18%. About how much do you pay in total?", "exact_value": 123.61, "model": "qwen/qwen2.5-3b-instruct", "provider": "transformers", "response": "101.70", "numeric_answer": 101.7, "relative_error": 0.17725103146994578, "thinking_text": null, "has_tool_call": false, "tool_call": null, "usage": {"prompt_tokens": 95, "completion_tokens": 7, "total_tokens": 102, "token_count_source": "tokenizer"}, "decoding": {"temperature": 0.2, "top_p": null, "top_k": null, "max_tokens": 256, "seed": 42}, "prompt_tokens": 95, "completion_tokens": 7, "total_tokens": 102, "token_count_source": "tokenizer", "diffusion_steps": null, "flops_estimate": null, "flops_arch": null, "flops_model_params": null, "flops_active_params": null, "tokens_non_final": 1, "tokens_reasoning": 0, "tokens_response": 1, "elapsed_seconds": 0.2500345706939697, "judgement": "Good approximation"}
{"id": "tips_001027", "topic": "tips", "subtopic": "tips_service", "prompt": "Bill is $71.23; service fee 0% and tip 20%. About how much do you pay in total?", "exact_value": 85.48, "model": "qwen/qwen2.5-3b-instruct", "provider": "transformers", "response": "8.4", "numeric_answer": 8.4, "relative_error": 0.9017313991576976, "thinking_text": null, "has_tool_call": false, "tool_call": null, "usage": {"prompt_tokens": 94, "completion_tokens": 4, "total_tokens": 98, "token_count_source": "tokenizer"}, "decoding": {"temperature": 0.2, "top_p": null, "top_k": null, "max_tokens": 256, "seed": 42}, "prompt_tokens": 94, "completion_tokens": 4, "total_tokens": 98, "token_count_source": "tokenizer", "diffusion_steps": null, "flops_estimate": null, "flops_arch": null, "flops_model_params": null, "flops_active_params": null, "tokens_non_final": 1, "tokens_reasoning": 0, "tokens_response": 1, "elapsed_seconds": 0.13656902313232422, "judgement": "Way off"}
{"id": "tips_001047", "topic": "tips", "subtopic": "tips_service", "prompt": "Bill is $56.40; service fee 5% and tip 15%. About how much do you pay in total?", "exact_value": 68.1, "model": "qwen/qwen2.5-3b-instruct", "provider": "transformers", "response": "26.40", "numeric_answer": 26.4, "relative_error": 0.6123348017621145, "thinking_text": null, "has_tool_call": false, "tool_call": null, "usage": {"prompt_tokens": 94, "completion_tokens": 6, "total_tokens": 100, "token_count_source": "tokenizer"}, "decoding": {"temperature": 0.2, "top_p": null, "top_k": null, "max_tokens": 256, "seed": 42}, "prompt_tokens": 94, "completion_tokens": 6, "total_tokens": 100, "token_count_source": "tokenizer", "diffusion_steps": null, "flops_estimate": null, "flops_arch": null, "flops_model_params": null, "flops_active_params": null, "tokens_non_final": 1, "tokens_reasoning": 0, "tokens_response": 1, "elapsed_seconds": 0.20009446144104004, "judgement": "Way off"}
{"id": "tips_001067", "topic": "tips", "subtopic": "tips_service", "prompt": "Bill is $110.45; service fee 5% and tip 20%. About how much do you pay in total?", "exact_value": 139.17, "model": "qwen/qwen2.5-3b-instruct", "provider": "transformers", "response": "110.45", "numeric_answer": 110.45, "relative_error": 0.20636631457929142, "thinking_text": null, "has_tool_call": false, "tool_call": null, "usage": {"prompt_tokens": 95, "completion_tokens": 7, "total_tokens": 102, "token_count_source": "tokenizer"}, "decoding": {"temperature": 0.2, "top_p": null, "top_k": null, "max_tokens": 256, "seed": 42}, "prompt_tokens": 95, "completion_tokens": 7, "total_tokens": 102, "token_count_source": "tokenizer", "diffusion_steps": null, "flops_estimate": null, "flops_arch": null, "flops_model_params": null, "flops_active_params": null, "tokens_non_final": 1, "tokens_reasoning": 0, "tokens_response": 1, "elapsed_seconds": 0.262021541595459, "judgement": "Mildly off"}
{"id": "tips_001087", "topic": "tips", "subtopic": "tips_service", "prompt": "Bill is $32.83; service fee 0% and tip 15%. About how much do you pay in total?", "exact_value": 37.75, "model": "qwen/qwen2.5-3b-instruct", "provider": "transformers", "response": "32.83", "numeric_answer": 32.83, "relative_error": 0.13033112582781461, "thinking_text": null, "has_tool_call": false, "tool_call": null, "usage": {"prompt_tokens": 94, "completion_tokens": 6, "total_tokens": 100, "token_count_source": "tokenizer"}, "decoding": {"temperature": 0.2, "top_p": null, "top_k": null, "max_tokens": 256, "seed": 42}, "prompt_tokens": 94, "completion_tokens": 6, "total_tokens": 100, "token_count_source": "tokenizer", "diffusion_steps": null, "flops_estimate": null, "flops_arch": null, "flops_model_params": null, "flops_active_params": null, "tokens_non_final": 1, "tokens_reasoning": 0, "tokens_response": 1, "elapsed_seconds": 0.2634444236755371, "judgement": "Good approximation"}
{"id": "tips_001107", "topic": "tips", "subtopic": "tips_service", "prompt": "Bill is $52.28; service fee 3% and tip 15%. About how much do you pay in total?", "exact_value": 61.93, "model": "qwen/qwen2.5-3b-instruct", "provider": "transformers", "response": "52.28", "numeric_answer": 52.28, "relative_error": 0.1558210883255288, "thinking_text": null, "has_tool_call": false, "tool_call": null, "usage": {"prompt_tokens": 94, "completion_tokens": 6, "total_tokens": 100, "token_count_source": "tokenizer"}, "decoding": {"temperature": 0.2, "top_p": null, "top_k": null, "max_tokens": 256, "seed": 42}, "prompt_tokens": 94, "completion_tokens": 6, "total_tokens": 100, "token_count_source": "tokenizer", "diffusion_steps": null, "flops_estimate": null, "flops_arch": null, "flops_model_params": null, "flops_active_params": null, "tokens_non_final": 1, "tokens_reasoning": 0, "tokens_response": 1, "elapsed_seconds": 0.21857953071594238, "judgement": "Good approximation"}
{"id": "tips_001127", "topic": "tips", "subtopic": "tips_service", "prompt": "Bill is $24.64; service fee 0% and tip 20%. About how much do you pay in total?", "exact_value": 29.57, "model": "qwen/qwen2.5-3b-instruct", "provider": "transformers", "response": "14.64", "numeric_answer": 14.64, "relative_error": 0.5049036185322963, "thinking_text": null, "has_tool_call": false, "tool_call": null, "usage": {"prompt_tokens": 94, "completion_tokens": 6, "total_tokens": 100, "token_count_source": "tokenizer"}, "decoding": {"temperature": 0.2, "top_p": null, "top_k": null, "max_tokens": 256, "seed": 42}, "prompt_tokens": 94, "completion_tokens": 6, "total_tokens": 100, "token_count_source": "tokenizer", "diffusion_steps": null, "flops_estimate": null, "flops_arch": null, "flops_model_params": null, "flops_active_params": null, "tokens_non_final": 1, "tokens_reasoning": 0, "tokens_response": 1, "elapsed_seconds": 0.19826722145080566, "judgement": "Mildly off"}
{"id": "tips_001147", "topic": "tips", "subtopic": "tips_service", "prompt": "Bill is $56.58; service fee 0% and tip 22%. About how much do you pay in total?", "exact_value": 69.03, "model": "qwen/qwen2.5-3b-instruct", "provider": "transformers", "response": "1.58", "numeric_answer": 1.58, "relative_error": 0.9771114008402144, "thinking_text": null, "has_tool_call": false, "tool_call": null, "usage": {"prompt_tokens": 94, "completion_tokens": 5, "total_tokens": 99, "token_count_source": "tokenizer"}, "decoding": {"temperature": 0.2, "top_p": null, "top_k": null, "max_tokens": 256, "seed": 42}, "prompt_tokens": 94, "completion_tokens": 5, "total_tokens": 99, "token_count_source": "tokenizer", "diffusion_steps": null, "flops_estimate": null, "flops_arch": null, "flops_model_params": null, "flops_active_params": null, "tokens_non_final": 1, "tokens_reasoning": 0, "tokens_response": 1, "elapsed_seconds": 0.19294166564941406, "judgement": "Way off"}
{"id": "tips_001167", "topic": "tips", "subtopic": "tips_service", "prompt": "Bill is $37.99; service fee 5% and tip 18%. About how much do you pay in total?", "exact_value": 47.07, "model": "qwen/qwen2.5-3b-instruct", "provider": "transformers", "response": "27.99", "numeric_answer": 27.99, "relative_error": 0.4053537284894838, "thinking_text": null, "has_tool_call": false, "tool_call": null, "usage": {"prompt_tokens": 94, "completion_tokens": 6, "total_tokens": 100, "token_count_source": "tokenizer"}, "decoding": {"temperature": 0.2, "top_p": null, "top_k": null, "max_tokens": 256, "seed": 42}, "prompt_tokens": 94, "completion_tokens": 6, "total_tokens": 100, "token_count_source": "tokenizer", "diffusion_steps": null, "flops_estimate": null, "flops_arch": null, "flops_model_params": null, "flops_active_params": null, "tokens_non_final": 1, "tokens_reasoning": 0, "tokens_response": 1, "elapsed_seconds": 0.1999056339263916, "judgement": "Mildly off"}
{"id": "tips_001187", "topic": "tips", "subtopic": "tips_service", "prompt": "Bill is $68.55; service fee 0% and tip 22%. About how much do you pay in total?", "exact_value": 83.63, "model": "qwen/qwen2.5-3b-instruct", "provider": "transformers", "response": "68.55", "numeric_answer": 68.55, "relative_error": 0.18031806767906253, "thinking_text": null, "has_tool_call": false, "tool_call": null, "usage": {"prompt_tokens": 94, "completion_tokens": 6, "total_tokens": 100, "token_count_source": "tokenizer"}, "decoding": {"temperature": 0.2, "top_p": null, "top_k": null, "max_tokens": 256, "seed": 42}, "prompt_tokens": 94, "completion_tokens": 6, "total_tokens": 100, "token_count_source": "tokenizer", "diffusion_steps": null, "flops_estimate": null, "flops_arch": null, "flops_model_params": null, "flops_active_params": null, "tokens_non_final": 1, "tokens_reasoning": 0, "tokens_response": 1, "elapsed_seconds": 0.22789216041564941, "judgement": "Good approximation"}
{"id": "tips_001207", "topic": "tips", "subtopic": "tips_service", "prompt": "Bill is $73.94; service fee 5% and tip 20%. About how much do you pay in total?", "exact_value": 93.16, "model": "qwen/qwen2.5-3b-instruct", "provider": "transformers", "response": "73.94", "numeric_answer": 73.94, "relative_error": 0.20631172176899956, "thinking_text": null, "has_tool_call": false, "tool_call": null, "usage": {"prompt_tokens": 94, "completion_tokens": 6, "total_tokens": 100, "token_count_source": "tokenizer"}, "decoding": {"temperature": 0.2, "top_p": null, "top_k": null, "max_tokens": 256, "seed": 42}, "prompt_tokens": 94, "completion_tokens": 6, "total_tokens": 100, "token_count_source": "tokenizer", "diffusion_steps": null, "flops_estimate": null, "flops_arch": null, "flops_model_params": null, "flops_active_params": null, "tokens_non_final": 1, "tokens_reasoning": 0, "tokens_response": 1, "elapsed_seconds": 0.20050311088562012, "judgement": "Mildly off"}
{"id": "tips_001227", "topic": "tips", "subtopic": "tips_service", "prompt": "Bill is $89.16; service fee 0% and tip 20%. About how much do you pay in total?", "exact_value": 106.99, "model": "qwen/qwen2.5-3b-instruct", "provider": "transformers", "response": "89.16", "numeric_answer": 89.16, "relative_error": 0.16665108888681185, "thinking_text": null, "has_tool_call": false, "tool_call": null, "usage": {"prompt_tokens": 94, "completion_tokens": 6, "total_tokens": 100, "token_count_source": "tokenizer"}, "decoding": {"temperature": 0.2, "top_p": null, "top_k": null, "max_tokens": 256, "seed": 42}, "prompt_tokens": 94, "completion_tokens": 6, "total_tokens": 100, "token_count_source": "tokenizer", "diffusion_steps": null, "flops_estimate": null, "flops_arch": null, "flops_model_params": null, "flops_active_params": null, "tokens_non_final": 1, "tokens_reasoning": 0, "tokens_response": 1, "elapsed_seconds": 0.20600581169128418, "judgement": "Good approximation"}
{"id": "tips_001247", "topic": "tips", "subtopic": "tips_service", "prompt": "Bill is $77.57; service fee 0% and tip 22%. About how much do you pay in total?", "exact_value": 94.64, "model": "qwen/qwen2.5-3b-instruct", "provider": "transformers", "response": "77.57", "numeric_answer": 77.57, "relative_error": 0.18036770921386314, "thinking_text": null, "has_tool_call": false, "tool_call": null, "usage": {"prompt_tokens": 94, "completion_tokens": 6, "total_tokens": 100, "token_count_source": "tokenizer"}, "decoding": {"temperature": 0.2, "top_p": null, "top_k": null, "max_tokens": 256, "seed": 42}, "prompt_tokens": 94, "completion_tokens": 6, "total_tokens": 100, "token_count_source": "tokenizer", "diffusion_steps": null, "flops_estimate": null, "flops_arch": null, "flops_model_params": null, "flops_active_params": null, "tokens_non_final": 1, "tokens_reasoning": 0, "tokens_response": 1, "elapsed_seconds": 0.21080422401428223, "judgement": "Good approximation"}
{"id": "tips_001267", "topic": "tips", "subtopic": "tips_service", "prompt": "Bill is $17.65; service fee 0% and tip 15%. About how much do you pay in total?", "exact_value": 20.3, "model": "qwen/qwen2.5-3b-instruct", "provider": "transformers", "response": "28.6", "numeric_answer": 28.6, "relative_error": 0.4088669950738916, "thinking_text": null, "has_tool_call": false, "tool_call": null, "usage": {"prompt_tokens": 94, "completion_tokens": 5, "total_tokens": 99, "token_count_source": "tokenizer"}, "decoding": {"temperature": 0.2, "top_p": null, "top_k": null, "max_tokens": 256, "seed": 42}, "prompt_tokens": 94, "completion_tokens": 5, "total_tokens": 99, "token_count_source": "tokenizer", "diffusion_steps": null, "flops_estimate": null, "flops_arch": null, "flops_model_params": null, "flops_active_params": null, "tokens_non_final": 1, "tokens_reasoning": 0, "tokens_response": 1, "elapsed_seconds": 0.20338678359985352, "judgement": "Mildly off"}
{"id": "tips_001287", "topic": "tips", "subtopic": "tips_service", "prompt": "Bill is $107.76; service fee 5% and tip 15%. About how much do you pay in total?", "exact_value": 130.12, "model": "qwen/qwen2.5-3b-instruct", "provider": "transformers", "response": "107.76", "numeric_answer": 107.76, "relative_error": 0.1718413771902859, "thinking_text": null, "has_tool_call": false, "tool_call": null, "usage": {"prompt_tokens": 95, "completion_tokens": 7, "total_tokens": 102, "token_count_source": "tokenizer"}, "decoding": {"temperature": 0.2, "top_p": null, "top_k": null, "max_tokens": 256, "seed": 42}, "prompt_tokens": 95, "completion_tokens": 7, "total_tokens": 102, "token_count_source": "tokenizer", "diffusion_steps": null, "flops_estimate": null, "flops_arch": null, "flops_model_params": null, "flops_active_params": null, "tokens_non_final": 1, "tokens_reasoning": 0, "tokens_response": 1, "elapsed_seconds": 0.24236559867858887, "judgement": "Good approximation"}
{"id": "tips_001307", "topic": "tips", "subtopic": "tips_service", "prompt": "Bill is $49.18; service fee 0% and tip 20%. About how much do you pay in total?", "exact_value": 59.02, "model": "qwen/qwen2.5-3b-instruct", "provider": "transformers", "response": "49.18", "numeric_answer": 49.18, "relative_error": 0.16672314469671304, "thinking_text": null, "has_tool_call": false, "tool_call": null, "usage": {"prompt_tokens": 94, "completion_tokens": 6, "total_tokens": 100, "token_count_source": "tokenizer"}, "decoding": {"temperature": 0.2, "top_p": null, "top_k": null, "max_tokens": 256, "seed": 42}, "prompt_tokens": 94, "completion_tokens": 6, "total_tokens": 100, "token_count_source": "tokenizer", "diffusion_steps": null, "flops_estimate": null, "flops_arch": null, "flops_model_params": null, "flops_active_params": null, "tokens_non_final": 1, "tokens_reasoning": 0, "tokens_response": 1, "elapsed_seconds": 0.19692301750183105, "judgement": "Good approximation"}
{"id": "tips_001327", "topic": "tips", "subtopic": "tips_service", "prompt": "Bill is $43.49; service fee 5% and tip 18%. About how much do you pay in total?", "exact_value": 53.88, "model": "qwen/qwen2.5-3b-instruct", "provider": "transformers", "response": "43.49", "numeric_answer": 43.49, "relative_error": 0.19283593170007424, "thinking_text": null, "has_tool_call": false, "tool_call": null, "usage": {"prompt_tokens": 94, "completion_tokens": 6, "total_tokens": 100, "token_count_source": "tokenizer"}, "decoding": {"temperature": 0.2, "top_p": null, "top_k": null, "max_tokens": 256, "seed": 42}, "prompt_tokens": 94, "completion_tokens": 6, "total_tokens": 100, "token_count_source": "tokenizer", "diffusion_steps": null, "flops_estimate": null, "flops_arch": null, "flops_model_params": null, "flops_active_params": null, "tokens_non_final": 1, "tokens_reasoning": 0, "tokens_response": 1, "elapsed_seconds": 0.21231317520141602, "judgement": "Good approximation"}
{"id": "fermi_000103", "topic": "fermi", "subtopic": "crowd_density", "prompt": "A plaza is about 70 m by 20 m, with roughly 4 people per square meter. About how many people are there?", "exact_value": 5600, "model": "qwen/qwen2.5-3b-instruct", "provider": "transformers", "response": "16", "numeric_answer": 16.0, "relative_error": 0.9971428571428571, "thinking_text": null, "has_tool_call": false, "tool_call": null, "usage": {"prompt_tokens": 95, "completion_tokens": 3, "total_tokens": 98, "token_count_source": "tokenizer"}, "decoding": {"temperature": 0.2, "top_p": null, "top_k": null, "max_tokens": 256, "seed": 42}, "prompt_tokens": 95, "completion_tokens": 3, "total_tokens": 98, "token_count_source": "tokenizer", "diffusion_steps": null, "flops_estimate": null, "flops_arch": null, "flops_model_params": null, "flops_active_params": null, "tokens_non_final": 1, "tokens_reasoning": 0, "tokens_response": 1, "elapsed_seconds": 0.12473297119140625, "judgement": "Way off"}
{"id": "fermi_000123", "topic": "fermi", "subtopic": "crowd_density", "prompt": "A plaza is about 70 m by 35 m, with roughly 4 people per square meter. About how many people are there?", "exact_value": 9800, "model": "qwen/qwen2.5-3b-instruct", "provider": "transformers", "response": "15", "numeric_answer": 15.0, "relative_error": 0.9984693877551021, "thinking_text": null, "has_tool_call": false, "tool_call": null, "usage": {"prompt_tokens": 95, "completion_tokens": 3, "total_tokens": 98, "token_count_source": "tokenizer"}, "decoding": {"temperature": 0.2, "top_p": null, "top_k": null, "max_tokens": 256, "seed": 42}, "prompt_tokens": 95, "completion_tokens": 3, "total_tokens": 98, "token_count_source": "tokenizer", "diffusion_steps": null, "flops_estimate": null, "flops_arch": null, "flops_model_params": null, "flops_active_params": null, "tokens_non_final": 1, "tokens_reasoning": 0, "tokens_response": 1, "elapsed_seconds": 0.09894752502441406, "judgement": "Way off"}
{"id": "fermi_000143", "topic": "fermi", "subtopic": "crowd_density", "prompt": "A plaza is about 30 m by 20 m, with roughly 1 people per square meter. About how many people are there?", "exact_value": 600, "model": "qwen/qwen2.5-3b-instruct", "provider": "transformers", "response": "30", "numeric_answer": 30.0, "relative_error": 0.95, "thinking_text": null, "has_tool_call": false, "tool_call": null, "usage": {"prompt_tokens": 95, "completion_tokens": 3, "total_tokens": 98, "token_count_source": "tokenizer"}, "decoding": {"temperature": 0.2, "top_p": null, "top_k": null, "max_tokens": 256, "seed": 42}, "prompt_tokens": 95, "completion_tokens": 3, "total_tokens": 98, "token_count_source": "tokenizer", "diffusion_steps": null, "flops_estimate": null, "flops_arch": null, "flops_model_params": null, "flops_active_params": null, "tokens_non_final": 1, "tokens_reasoning": 0, "tokens_response": 1, "elapsed_seconds": 0.09928154945373535, "judgement": "Way off"}
{"id": "fermi_000163", "topic": "fermi", "subtopic": "crowd_density", "prompt": "A plaza is about 70 m by 35 m, with roughly 3 people per square meter. About how many people are there?", "exact_value": 7350, "model": "qwen/qwen2.5-3b-instruct", "provider": "transformers", "response": "10", "numeric_answer": 10.0, "relative_error": 0.998639455782313, "thinking_text": null, "has_tool_call": false, "tool_call": null, "usage": {"prompt_tokens": 95, "completion_tokens": 3, "total_tokens": 98, "token_count_source": "tokenizer"}, "decoding": {"temperature": 0.2, "top_p": null, "top_k": null, "max_tokens": 256, "seed": 42}, "prompt_tokens": 95, "completion_tokens": 3, "total_tokens": 98, "token_count_source": "tokenizer", "diffusion_steps": null, "flops_estimate": null, "flops_arch": null, "flops_model_params": null, "flops_active_params": null, "tokens_non_final": 1, "tokens_reasoning": 0, "tokens_response": 1, "elapsed_seconds": 0.09863495826721191, "judgement": "Way off"}
{"id": "fermi_000183", "topic": "fermi", "subtopic": "crowd_density", "prompt": "A plaza is about 40 m by 35 m, with roughly 3 people per square meter. About how many people are there?", "exact_value": 4200, "model": "qwen/qwen2.5-3b-instruct", "provider": "transformers", "response": "17", "numeric_answer": 17.0, "relative_error": 0.9959523809523809, "thinking_text": null, "has_tool_call": false, "tool_call": null, "usage": {"prompt_tokens": 95, "completion_tokens": 3, "total_tokens": 98, "token_count_source": "tokenizer"}, "decoding": {"temperature": 0.2, "top_p": null, "top_k": null, "max_tokens": 256, "seed": 42}, "prompt_tokens": 95, "completion_tokens": 3, "total_tokens": 98, "token_count_source": "tokenizer", "diffusion_steps": null, "flops_estimate": null, "flops_arch": null, "flops_model_params": null, "flops_active_params": null, "tokens_non_final": 1, "tokens_reasoning": 0, "tokens_response": 1, "elapsed_seconds": 0.1005699634552002, "judgement": "Way off"}
{"id": "fermi_000203", "topic": "fermi", "subtopic": "crowd_density", "prompt": "A plaza is about 50 m by 20 m, with roughly 4 people per square meter. About how many people are there?", "exact_value": 4000, "model": "qwen/qwen2.5-3b-instruct", "provider": "transformers", "response": "10", "numeric_answer": 10.0, "relative_error": 0.9975, "thinking_text": null, "has_tool_call": false, "tool_call": null, "usage": {"prompt_tokens": 95, "completion_tokens": 3, "total_tokens": 98, "token_count_source": "tokenizer"}, "decoding": {"temperature": 0.2, "top_p": null, "top_k": null, "max_tokens": 256, "seed": 42}, "prompt_tokens": 95, "completion_tokens": 3, "total_tokens": 98, "token_count_source": "tokenizer", "diffusion_steps": null, "flops_estimate": null, "flops_arch": null, "flops_model_params": null, "flops_active_params": null, "tokens_non_final": 1, "tokens_reasoning": 0, "tokens_response": 1, "elapsed_seconds": 0.09923052787780762, "judgement": "Way off"}
{"id": "fermi_000223", "topic": "fermi", "subtopic": "crowd_density", "prompt": "A plaza is about 40 m by 20 m, with roughly 1 people per square meter. About how many people are there?", "exact_value": 800, "model": "qwen/qwen2.5-3b-instruct", "provider": "transformers", "response": "40", "numeric_answer": 40.0, "relative_error": 0.95, "thinking_text": null, "has_tool_call": false, "tool_call": null, "usage": {"prompt_tokens": 95, "completion_tokens": 3, "total_tokens": 98, "token_count_source": "tokenizer"}, "decoding": {"temperature": 0.2, "top_p": null, "top_k": null, "max_tokens": 256, "seed": 42}, "prompt_tokens": 95, "completion_tokens": 3, "total_tokens": 98, "token_count_source": "tokenizer", "diffusion_steps": null, "flops_estimate": null, "flops_arch": null, "flops_model_params": null, "flops_active_params": null, "tokens_non_final": 1, "tokens_reasoning": 0, "tokens_response": 1, "elapsed_seconds": 0.12449002265930176, "judgement": "Way off"}
{"id": "fermi_000243", "topic": "fermi", "subtopic": "crowd_density", "prompt": "A plaza is about 50 m by 35 m, with roughly 1 people per square meter. About how many people are there?", "exact_value": 1750, "model": "qwen/qwen2.5-3b-instruct", "provider": "transformers", "response": "25", "numeric_answer": 25.0, "relative_error": 0.9857142857142858, "thinking_text": null, "has_tool_call": false, "tool_call": null, "usage": {"prompt_tokens": 95, "completion_tokens": 3, "total_tokens": 98, "token_count_source": "tokenizer"}, "decoding": {"temperature": 0.2, "top_p": null, "top_k": null, "max_tokens": 256, "seed": 42}, "prompt_tokens": 95, "completion_tokens": 3, "total_tokens": 98, "token_count_source": "tokenizer", "diffusion_steps": null, "flops_estimate": null, "flops_arch": null, "flops_model_params": null, "flops_active_params": null, "tokens_non_final": 1, "tokens_reasoning": 0, "tokens_response": 1, "elapsed_seconds": 0.09788298606872559, "judgement": "Way off"}
{"id": "fermi_000263", "topic": "fermi", "subtopic": "crowd_density", "prompt": "A plaza is about 40 m by 30 m, with roughly 1 people per square meter. About how many people are there?", "exact_value": 1200, "model": "qwen/qwen2.5-3b-instruct", "provider": "transformers", "response": "40", "numeric_answer": 40.0, "relative_error": 0.9666666666666667, "thinking_text": null, "has_tool_call": false, "tool_call": null, "usage": {"prompt_tokens": 95, "completion_tokens": 3, "total_tokens": 98, "token_count_source": "tokenizer"}, "decoding": {"temperature": 0.2, "top_p": null, "top_k": null, "max_tokens": 256, "seed": 42}, "prompt_tokens": 95, "completion_tokens": 3, "total_tokens": 98, "token_count_source": "tokenizer", "diffusion_steps": null, "flops_estimate": null, "flops_arch": null, "flops_model_params": null, "flops_active_params": null, "tokens_non_final": 1, "tokens_reasoning": 0, "tokens_response": 1, "elapsed_seconds": 0.09959888458251953, "judgement": "Way off"}
{"id": "fermi_000283", "topic": "fermi", "subtopic": "crowd_density", "prompt": "A plaza is about 40 m by 20 m, with roughly 1 people per square meter. About how many people are there?", "exact_value": 800, "model": "qwen/qwen2.5-3b-instruct", "provider": "transformers", "response": "40", "numeric_answer": 40.0, "relative_error": 0.95, "thinking_text": null, "has_tool_call": false, "tool_call": null, "usage": {"prompt_tokens": 95, "completion_tokens": 3, "total_tokens": 98, "token_count_source": "tokenizer"}, "decoding": {"temperature": 0.2, "top_p": null, "top_k": null, "max_tokens": 256, "seed": 42}, "prompt_tokens": 95, "completion_tokens": 3, "total_tokens": 98, "token_count_source": "tokenizer", "diffusion_steps": null, "flops_estimate": null, "flops_arch": null, "flops_model_params": null, "flops_active_params": null, "tokens_non_final": 1, "tokens_reasoning": 0, "tokens_response": 1, "elapsed_seconds": 0.10161471366882324, "judgement": "Way off"}
{"id": "fermi_000303", "topic": "fermi", "subtopic": "crowd_density", "prompt": "A plaza is about 70 m by 25 m, with roughly 3 people per square meter. About how many people are there?", "exact_value": 5250, "model": "qwen/qwen2.5-3b-instruct", "provider": "transformers", "response": "16", "numeric_answer": 16.0, "relative_error": 0.9969523809523809, "thinking_text": null, "has_tool_call": false, "tool_call": null, "usage": {"prompt_tokens": 95, "completion_tokens": 3, "total_tokens": 98, "token_count_source": "tokenizer"}, "decoding": {"temperature": 0.2, "top_p": null, "top_k": null, "max_tokens": 256, "seed": 42}, "prompt_tokens": 95, "completion_tokens": 3, "total_tokens": 98, "token_count_source": "tokenizer", "diffusion_steps": null, "flops_estimate": null, "flops_arch": null, "flops_model_params": null, "flops_active_params": null, "tokens_non_final": 1, "tokens_reasoning": 0, "tokens_response": 1, "elapsed_seconds": 0.10488653182983398, "judgement": "Way off"}
{"id": "fermi_000323", "topic": "fermi", "subtopic": "crowd_density", "prompt": "A plaza is about 70 m by 20 m, with roughly 3 people per square meter. About how many people are there?", "exact_value": 4200, "model": "qwen/qwen2.5-3b-instruct", "provider": "transformers", "response": "10", "numeric_answer": 10.0, "relative_error": 0.9976190476190476, "thinking_text": null, "has_tool_call": false, "tool_call": null, "usage": {"prompt_tokens": 95, "completion_tokens": 3, "total_tokens": 98, "token_count_source": "tokenizer"}, "decoding": {"temperature": 0.2, "top_p": null, "top_k": null, "max_tokens": 256, "seed": 42}, "prompt_tokens": 95, "completion_tokens": 3, "total_tokens": 98, "token_count_source": "tokenizer", "diffusion_steps": null, "flops_estimate": null, "flops_arch": null, "flops_model_params": null, "flops_active_params": null, "tokens_non_final": 1, "tokens_reasoning": 0, "tokens_response": 1, "elapsed_seconds": 0.12462973594665527, "judgement": "Way off"}
{"id": "fermi_000343", "topic": "fermi", "subtopic": "crowd_density", "prompt": "A plaza is about 60 m by 30 m, with roughly 4 people per square meter. About how many people are there?", "exact_value": 7200, "model": "qwen/qwen2.5-3b-instruct", "provider": "transformers", "response": "100", "numeric_answer": 100.0, "relative_error": 0.9861111111111112, "thinking_text": null, "has_tool_call": false, "tool_call": null, "usage": {"prompt_tokens": 95, "completion_tokens": 4, "total_tokens": 99, "token_count_source": "tokenizer"}, "decoding": {"temperature": 0.2, "top_p": null, "top_k": null, "max_tokens": 256, "seed": 42}, "prompt_tokens": 95, "completion_tokens": 4, "total_tokens": 99, "token_count_source": "tokenizer", "diffusion_steps": null, "flops_estimate": null, "flops_arch": null, "flops_model_params": null, "flops_active_params": null, "tokens_non_final": 1, "tokens_reasoning": 0, "tokens_response": 1, "elapsed_seconds": 0.16098475456237793, "judgement": "Way off"}
{"id": "fermi_000363", "topic": "fermi", "subtopic": "crowd_density", "prompt": "A plaza is about 70 m by 20 m, with roughly 1 people per square meter. About how many people are there?", "exact_value": 1400, "model": "qwen/qwen2.5-3b-instruct", "provider": "transformers", "response": "80", "numeric_answer": 80.0, "relative_error": 0.9428571428571428, "thinking_text": null, "has_tool_call": false, "tool_call": null, "usage": {"prompt_tokens": 95, "completion_tokens": 3, "total_tokens": 98, "token_count_source": "tokenizer"}, "decoding": {"temperature": 0.2, "top_p": null, "top_k": null, "max_tokens": 256, "seed": 42}, "prompt_tokens": 95, "completion_tokens": 3, "total_tokens": 98, "token_count_source": "tokenizer", "diffusion_steps": null, "flops_estimate": null, "flops_arch": null, "flops_model_params": null, "flops_active_params": null, "tokens_non_final": 1, "tokens_reasoning": 0, "tokens_response": 1, "elapsed_seconds": 0.10380840301513672, "judgement": "Way off"}
{"id": "fermi_000383", "topic": "fermi", "subtopic": "crowd_density", "prompt": "A plaza is about 30 m by 30 m, with roughly 1 people per square meter. About how many people are there?", "exact_value": 900, "model": "qwen/qwen2.5-3b-instruct", "provider": "transformers", "response": "200", "numeric_answer": 200.0, "relative_error": 0.7777777777777778, "thinking_text": null, "has_tool_call": false, "tool_call": null, "usage": {"prompt_tokens": 95, "completion_tokens": 4, "total_tokens": 99, "token_count_source": "tokenizer"}, "decoding": {"temperature": 0.2, "top_p": null, "top_k": null, "max_tokens": 256, "seed": 42}, "prompt_tokens": 95, "completion_tokens": 4, "total_tokens": 99, "token_count_source": "tokenizer", "diffusion_steps": null, "flops_estimate": null, "flops_arch": null, "flops_model_params": null, "flops_active_params": null, "tokens_non_final": 1, "tokens_reasoning": 0, "tokens_response": 1, "elapsed_seconds": 0.14106082916259766, "judgement": "Way off"}
{"id": "fermi_000403", "topic": "fermi", "subtopic": "crowd_density", "prompt": "A plaza is about 40 m by 30 m, with roughly 2 people per square meter. About how many people are there?", "exact_value": 2400, "model": "qwen/qwen2.5-3b-instruct", "provider": "transformers", "response": "10", "numeric_answer": 10.0, "relative_error": 0.9958333333333333, "thinking_text": null, "has_tool_call": false, "tool_call": null, "usage": {"prompt_tokens": 95, "completion_tokens": 3, "total_tokens": 98, "token_count_source": "tokenizer"}, "decoding": {"temperature": 0.2, "top_p": null, "top_k": null, "max_tokens": 256, "seed": 42}, "prompt_tokens": 95, "completion_tokens": 3, "total_tokens": 98, "token_count_source": "tokenizer", "diffusion_steps": null, "flops_estimate": null, "flops_arch": null, "flops_model_params": null, "flops_active_params": null, "tokens_non_final": 1, "tokens_reasoning": 0, "tokens_response": 1, "elapsed_seconds": 0.12183833122253418, "judgement": "Way off"}
{"id": "fermi_000423", "topic": "fermi", "subtopic": "crowd_density", "prompt": "A plaza is about 70 m by 20 m, with roughly 1 people per square meter. About how many people are there?", "exact_value": 1400, "model": "qwen/qwen2.5-3b-instruct", "provider": "transformers", "response": "60", "numeric_answer": 60.0, "relative_error": 0.9571428571428572, "thinking_text": null, "has_tool_call": false, "tool_call": null, "usage": {"prompt_tokens": 95, "completion_tokens": 3, "total_tokens": 98, "token_count_source": "tokenizer"}, "decoding": {"temperature": 0.2, "top_p": null, "top_k": null, "max_tokens": 256, "seed": 42}, "prompt_tokens": 95, "completion_tokens": 3, "total_tokens": 98, "token_count_source": "tokenizer", "diffusion_steps": null, "flops_estimate": null, "flops_arch": null, "flops_model_params": null, "flops_active_params": null, "tokens_non_final": 1, "tokens_reasoning": 0, "tokens_response": 1, "elapsed_seconds": 0.11888909339904785, "judgement": "Way off"}
{"id": "fermi_000443", "topic": "fermi", "subtopic": "crowd_density", "prompt": "A plaza is about 30 m by 30 m, with roughly 4 people per square meter. About how many people are there?", "exact_value": 3600, "model": "qwen/qwen2.5-3b-instruct", "provider": "transformers", "response": "10", "numeric_answer": 10.0, "relative_error": 0.9972222222222222, "thinking_text": null, "has_tool_call": false, "tool_call": null, "usage": {"prompt_tokens": 95, "completion_tokens": 3, "total_tokens": 98, "token_count_source": "tokenizer"}, "decoding": {"temperature": 0.2, "top_p": null, "top_k": null, "max_tokens": 256, "seed": 42}, "prompt_tokens": 95, "completion_tokens": 3, "total_tokens": 98, "token_count_source": "tokenizer", "diffusion_steps": null, "flops_estimate": null, "flops_arch": null, "flops_model_params": null, "flops_active_params": null, "tokens_non_final": 1, "tokens_reasoning": 0, "tokens_response": 1, "elapsed_seconds": 0.09931182861328125, "judgement": "Way off"}
{"id": "fermi_000463", "topic": "fermi", "subtopic": "crowd_density", "prompt": "A plaza is about 60 m by 25 m, with roughly 3 people per square meter. About how many people are there?", "exact_value": 4500, "model": "qwen/qwen2.5-3b-instruct", "provider": "transformers", "response": "60.5", "numeric_answer": 60.5, "relative_error": 0.9865555555555555, "thinking_text": null, "has_tool_call": false, "tool_call": null, "usage": {"prompt_tokens": 95, "completion_tokens": 5, "total_tokens": 100, "token_count_source": "tokenizer"}, "decoding": {"temperature": 0.2, "top_p": null, "top_k": null, "max_tokens": 256, "seed": 42}, "prompt_tokens": 95, "completion_tokens": 5, "total_tokens": 100, "token_count_source": "tokenizer", "diffusion_steps": null, "flops_estimate": null, "flops_arch": null, "flops_model_params": null, "flops_active_params": null, "tokens_non_final": 1, "tokens_reasoning": 0, "tokens_response": 1, "elapsed_seconds": 0.16396021842956543, "judgement": "Way off"}
{"id": "fermi_000483", "topic": "fermi", "subtopic": "crowd_density", "prompt": "A plaza is about 70 m by 30 m, with roughly 2 people per square meter. About how many people are there?", "exact_value": 4200, "model": "qwen/qwen2.5-3b-instruct", "provider": "transformers", "response": "80", "numeric_answer": 80.0, "relative_error": 0.9809523809523809, "thinking_text": null, "has_tool_call": false, "tool_call": null, "usage": {"prompt_tokens": 95, "completion_tokens": 3, "total_tokens": 98, "token_count_source": "tokenizer"}, "decoding": {"temperature": 0.2, "top_p": null, "top_k": null, "max_tokens": 256, "seed": 42}, "prompt_tokens": 95, "completion_tokens": 3, "total_tokens": 98, "token_count_source": "tokenizer", "diffusion_steps": null, "flops_estimate": null, "flops_arch": null, "flops_model_params": null, "flops_active_params": null, "tokens_non_final": 1, "tokens_reasoning": 0, "tokens_response": 1, "elapsed_seconds": 0.09844756126403809, "judgement": "Way off"}
{"id": "fermi_000503", "topic": "fermi", "subtopic": "crowd_density", "prompt": "A plaza is about 40 m by 25 m, with roughly 4 people per square meter. About how many people are there?", "exact_value": 4000, "model": "qwen/qwen2.5-3b-instruct", "provider": "transformers", "response": "16", "numeric_answer": 16.0, "relative_error": 0.996, "thinking_text": null, "has_tool_call": false, "tool_call": null, "usage": {"prompt_tokens": 95, "completion_tokens": 3, "total_tokens": 98, "token_count_source": "tokenizer"}, "decoding": {"temperature": 0.2, "top_p": null, "top_k": null, "max_tokens": 256, "seed": 42}, "prompt_tokens": 95, "completion_tokens": 3, "total_tokens": 98, "token_count_source": "tokenizer", "diffusion_steps": null, "flops_estimate": null, "flops_arch": null, "flops_model_params": null, "flops_active_params": null, "tokens_non_final": 1, "tokens_reasoning": 0, "tokens_response": 1, "elapsed_seconds": 0.09939742088317871, "judgement": "Way off"}
{"id": "fermi_000523", "topic": "fermi", "subtopic": "crowd_density", "prompt": "A plaza is about 50 m by 35 m, with roughly 4 people per square meter. About how many people are there?", "exact_value": 7000, "model": "qwen/qwen2.5-3b-instruct", "provider": "transformers", "response": "16", "numeric_answer": 16.0, "relative_error": 0.9977142857142857, "thinking_text": null, "has_tool_call": false, "tool_call": null, "usage": {"prompt_tokens": 95, "completion_tokens": 3, "total_tokens": 98, "token_count_source": "tokenizer"}, "decoding": {"temperature": 0.2, "top_p": null, "top_k": null, "max_tokens": 256, "seed": 42}, "prompt_tokens": 95, "completion_tokens": 3, "total_tokens": 98, "token_count_source": "tokenizer", "diffusion_steps": null, "flops_estimate": null, "flops_arch": null, "flops_model_params": null, "flops_active_params": null, "tokens_non_final": 1, "tokens_reasoning": 0, "tokens_response": 1, "elapsed_seconds": 0.10670208930969238, "judgement": "Way off"}
{"id": "fermi_000543", "topic": "fermi", "subtopic": "crowd_density", "prompt": "A plaza is about 40 m by 35 m, with roughly 2 people per square meter. About how many people are there?", "exact_value": 2800, "model": "qwen/qwen2.5-3b-instruct", "provider": "transformers", "response": "15", "numeric_answer": 15.0, "relative_error": 0.9946428571428572, "thinking_text": null, "has_tool_call": false, "tool_call": null, "usage": {"prompt_tokens": 95, "completion_tokens": 3, "total_tokens": 98, "token_count_source": "tokenizer"}, "decoding": {"temperature": 0.2, "top_p": null, "top_k": null, "max_tokens": 256, "seed": 42}, "prompt_tokens": 95, "completion_tokens": 3, "total_tokens": 98, "token_count_source": "tokenizer", "diffusion_steps": null, "flops_estimate": null, "flops_arch": null, "flops_model_params": null, "flops_active_params": null, "tokens_non_final": 1, "tokens_reasoning": 0, "tokens_response": 1, "elapsed_seconds": 0.10032105445861816, "judgement": "Way off"}
{"id": "fermi_000563", "topic": "fermi", "subtopic": "crowd_density", "prompt": "A plaza is about 30 m by 30 m, with roughly 3 people per square meter. About how many people are there?", "exact_value": 2700, "model": "qwen/qwen2.5-3b-instruct", "provider": "transformers", "response": "100", "numeric_answer": 100.0, "relative_error": 0.9629629629629629, "thinking_text": null, "has_tool_call": false, "tool_call": null, "usage": {"prompt_tokens": 95, "completion_tokens": 4, "total_tokens": 99, "token_count_source": "tokenizer"}, "decoding": {"temperature": 0.2, "top_p": null, "top_k": null, "max_tokens": 256, "seed": 42}, "prompt_tokens": 95, "completion_tokens": 4, "total_tokens": 99, "token_count_source": "tokenizer", "diffusion_steps": null, "flops_estimate": null, "flops_arch": null, "flops_model_params": null, "flops_active_params": null, "tokens_non_final": 1, "tokens_reasoning": 0, "tokens_response": 1, "elapsed_seconds": 0.13921737670898438, "judgement": "Way off"}
{"id": "fermi_000583", "topic": "fermi", "subtopic": "crowd_density", "prompt": "A plaza is about 60 m by 25 m, with roughly 4 people per square meter. About how many people are there?", "exact_value": 6000, "model": "qwen/qwen2.5-3b-instruct", "provider": "transformers", "response": "10", "numeric_answer": 10.0, "relative_error": 0.9983333333333333, "thinking_text": null, "has_tool_call": false, "tool_call": null, "usage": {"prompt_tokens": 95, "completion_tokens": 3, "total_tokens": 98, "token_count_source": "tokenizer"}, "decoding": {"temperature": 0.2, "top_p": null, "top_k": null, "max_tokens": 256, "seed": 42}, "prompt_tokens": 95, "completion_tokens": 3, "total_tokens": 98, "token_count_source": "tokenizer", "diffusion_steps": null, "flops_estimate": null, "flops_arch": null, "flops_model_params": null, "flops_active_params": null, "tokens_non_final": 1, "tokens_reasoning": 0, "tokens_response": 1, "elapsed_seconds": 0.09903669357299805, "judgement": "Way off"}
{"id": "fermi_000603", "topic": "fermi", "subtopic": "crowd_density", "prompt": "A plaza is about 70 m by 25 m, with roughly 3 people per square meter. About how many people are there?", "exact_value": 5250, "model": "qwen/qwen2.5-3b-instruct", "provider": "transformers", "response": "14", "numeric_answer": 14.0, "relative_error": 0.9973333333333333, "thinking_text": null, "has_tool_call": false, "tool_call": null, "usage": {"prompt_tokens": 95, "completion_tokens": 3, "total_tokens": 98, "token_count_source": "tokenizer"}, "decoding": {"temperature": 0.2, "top_p": null, "top_k": null, "max_tokens": 256, "seed": 42}, "prompt_tokens": 95, "completion_tokens": 3, "total_tokens": 98, "token_count_source": "tokenizer", "diffusion_steps": null, "flops_estimate": null, "flops_arch": null, "flops_model_params": null, "flops_active_params": null, "tokens_non_final": 1, "tokens_reasoning": 0, "tokens_response": 1, "elapsed_seconds": 0.09828042984008789, "judgement": "Way off"}
{"id": "fermi_000623", "topic": "fermi", "subtopic": "crowd_density", "prompt": "A plaza is about 70 m by 35 m, with roughly 3 people per square meter. About how many people are there?", "exact_value": 7350, "model": "qwen/qwen2.5-3b-instruct", "provider": "transformers", "response": "15", "numeric_answer": 15.0, "relative_error": 0.9979591836734694, "thinking_text": null, "has_tool_call": false, "tool_call": null, "usage": {"prompt_tokens": 95, "completion_tokens": 3, "total_tokens": 98, "token_count_source": "tokenizer"}, "decoding": {"temperature": 0.2, "top_p": null, "top_k": null, "max_tokens": 256, "seed": 42}, "prompt_tokens": 95, "completion_tokens": 3, "total_tokens": 98, "token_count_source": "tokenizer", "diffusion_steps": null, "flops_estimate": null, "flops_arch": null, "flops_model_params": null, "flops_active_params": null, "tokens_non_final": 1, "tokens_reasoning": 0, "tokens_response": 1, "elapsed_seconds": 0.11871194839477539, "judgement": "Way off"}
{"id": "fermi_000643", "topic": "fermi", "subtopic": "crowd_density", "prompt": "A plaza is about 30 m by 25 m, with roughly 4 people per square meter. About how many people are there?", "exact_value": 3000, "model": "qwen/qwen2.5-3b-instruct", "provider": "transformers", "response": "16", "numeric_answer": 16.0, "relative_error": 0.9946666666666667, "thinking_text": null, "has_tool_call": false, "tool_call": null, "usage": {"prompt_tokens": 95, "completion_tokens": 3, "total_tokens": 98, "token_count_source": "tokenizer"}, "decoding": {"temperature": 0.2, "top_p": null, "top_k": null, "max_tokens": 256, "seed": 42}, "prompt_tokens": 95, "completion_tokens": 3, "total_tokens": 98, "token_count_source": "tokenizer", "diffusion_steps": null, "flops_estimate": null, "flops_arch": null, "flops_model_params": null, "flops_active_params": null, "tokens_non_final": 1, "tokens_reasoning": 0, "tokens_response": 1, "elapsed_seconds": 0.0994870662689209, "judgement": "Way off"}
{"id": "fermi_000663", "topic": "fermi", "subtopic": "crowd_density", "prompt": "A plaza is about 30 m by 25 m, with roughly 2 people per square meter. About how many people are there?", "exact_value": 1500, "model": "qwen/qwen2.5-3b-instruct", "provider": "transformers", "response": "10", "numeric_answer": 10.0, "relative_error": 0.9933333333333333, "thinking_text": null, "has_tool_call": false, "tool_call": null, "usage": {"prompt_tokens": 95, "completion_tokens": 3, "total_tokens": 98, "token_count_source": "tokenizer"}, "decoding": {"temperature": 0.2, "top_p": null, "top_k": null, "max_tokens": 256, "seed": 42}, "prompt_tokens": 95, "completion_tokens": 3, "total_tokens": 98, "token_count_source": "tokenizer", "diffusion_steps": null, "flops_estimate": null, "flops_arch": null, "flops_model_params": null, "flops_active_params": null, "tokens_non_final": 1, "tokens_reasoning": 0, "tokens_response": 1, "elapsed_seconds": 0.10167527198791504, "judgement": "Way off"}
{"id": "fermi_000683", "topic": "fermi", "subtopic": "crowd_density", "prompt": "A plaza is about 70 m by 35 m, with roughly 1 people per square meter. About how many people are there?", "exact_value": 2450, "model": "qwen/qwen2.5-3b-instruct", "provider": "transformers", "response": "100", "numeric_answer": 100.0, "relative_error": 0.9591836734693877, "thinking_text": null, "has_tool_call": false, "tool_call": null, "usage": {"prompt_tokens": 95, "completion_tokens": 4, "total_tokens": 99, "token_count_source": "tokenizer"}, "decoding": {"temperature": 0.2, "top_p": null, "top_k": null, "max_tokens": 256, "seed": 42}, "prompt_tokens": 95, "completion_tokens": 4, "total_tokens": 99, "token_count_source": "tokenizer", "diffusion_steps": null, "flops_estimate": null, "flops_arch": null, "flops_model_params": null, "flops_active_params": null, "tokens_non_final": 1, "tokens_reasoning": 0, "tokens_response": 1, "elapsed_seconds": 0.1445765495300293, "judgement": "Way off"}
{"id": "fermi_000703", "topic": "fermi", "subtopic": "crowd_density", "prompt": "A plaza is about 40 m by 25 m, with roughly 1 people per square meter. About how many people are there?", "exact_value": 1000, "model": "qwen/qwen2.5-3b-instruct", "provider": "transformers", "response": "40", "numeric_answer": 40.0, "relative_error": 0.96, "thinking_text": null, "has_tool_call": false, "tool_call": null, "usage": {"prompt_tokens": 95, "completion_tokens": 3, "total_tokens": 98, "token_count_source": "tokenizer"}, "decoding": {"temperature": 0.2, "top_p": null, "top_k": null, "max_tokens": 256, "seed": 42}, "prompt_tokens": 95, "completion_tokens": 3, "total_tokens": 98, "token_count_source": "tokenizer", "diffusion_steps": null, "flops_estimate": null, "flops_arch": null, "flops_model_params": null, "flops_active_params": null, "tokens_non_final": 1, "tokens_reasoning": 0, "tokens_response": 1, "elapsed_seconds": 0.11636161804199219, "judgement": "Way off"}
{"id": "fermi_000723", "topic": "fermi", "subtopic": "crowd_density", "prompt": "A plaza is about 50 m by 30 m, with roughly 4 people per square meter. About how many people are there?", "exact_value": 6000, "model": "qwen/qwen2.5-3b-instruct", "provider": "transformers", "response": "10", "numeric_answer": 10.0, "relative_error": 0.9983333333333333, "thinking_text": null, "has_tool_call": false, "tool_call": null, "usage": {"prompt_tokens": 95, "completion_tokens": 3, "total_tokens": 98, "token_count_source": "tokenizer"}, "decoding": {"temperature": 0.2, "top_p": null, "top_k": null, "max_tokens": 256, "seed": 42}, "prompt_tokens": 95, "completion_tokens": 3, "total_tokens": 98, "token_count_source": "tokenizer", "diffusion_steps": null, "flops_estimate": null, "flops_arch": null, "flops_model_params": null, "flops_active_params": null, "tokens_non_final": 1, "tokens_reasoning": 0, "tokens_response": 1, "elapsed_seconds": 0.1036374568939209, "judgement": "Way off"}
{"id": "fermi_000743", "topic": "fermi", "subtopic": "crowd_density", "prompt": "A plaza is about 50 m by 25 m, with roughly 4 people per square meter. About how many people are there?", "exact_value": 5000, "model": "qwen/qwen2.5-3b-instruct", "provider": "transformers", "response": "10", "numeric_answer": 10.0, "relative_error": 0.998, "thinking_text": null, "has_tool_call": false, "tool_call": null, "usage": {"prompt_tokens": 95, "completion_tokens": 3, "total_tokens": 98, "token_count_source": "tokenizer"}, "decoding": {"temperature": 0.2, "top_p": null, "top_k": null, "max_tokens": 256, "seed": 42}, "prompt_tokens": 95, "completion_tokens": 3, "total_tokens": 98, "token_count_source": "tokenizer", "diffusion_steps": null, "flops_estimate": null, "flops_arch": null, "flops_model_params": null, "flops_active_params": null, "tokens_non_final": 1, "tokens_reasoning": 0, "tokens_response": 1, "elapsed_seconds": 0.09871625900268555, "judgement": "Way off"}
{"id": "fermi_000763", "topic": "fermi", "subtopic": "crowd_density", "prompt": "A plaza is about 60 m by 35 m, with roughly 4 people per square meter. About how many people are there?", "exact_value": 8400, "model": "qwen/qwen2.5-3b-instruct", "provider": "transformers", "response": "10", "numeric_answer": 10.0, "relative_error": 0.9988095238095238, "thinking_text": null, "has_tool_call": false, "tool_call": null, "usage": {"prompt_tokens": 95, "completion_tokens": 3, "total_tokens": 98, "token_count_source": "tokenizer"}, "decoding": {"temperature": 0.2, "top_p": null, "top_k": null, "max_tokens": 256, "seed": 42}, "prompt_tokens": 95, "completion_tokens": 3, "total_tokens": 98, "token_count_source": "tokenizer", "diffusion_steps": null, "flops_estimate": null, "flops_arch": null, "flops_model_params": null, "flops_active_params": null, "tokens_non_final": 1, "tokens_reasoning": 0, "tokens_response": 1, "elapsed_seconds": 0.10024762153625488, "judgement": "Way off"}
{"id": "fermi_000783", "topic": "fermi", "subtopic": "crowd_density", "prompt": "A plaza is about 50 m by 25 m, with roughly 4 people per square meter. About how many people are there?", "exact_value": 5000, "model": "qwen/qwen2.5-3b-instruct", "provider": "transformers", "response": "10", "numeric_answer": 10.0, "relative_error": 0.998, "thinking_text": null, "has_tool_call": false, "tool_call": null, "usage": {"prompt_tokens": 95, "completion_tokens": 3, "total_tokens": 98, "token_count_source": "tokenizer"}, "decoding": {"temperature": 0.2, "top_p": null, "top_k": null, "max_tokens": 256, "seed": 42}, "prompt_tokens": 95, "completion_tokens": 3, "total_tokens": 98, "token_count_source": "tokenizer", "diffusion_steps": null, "flops_estimate": null, "flops_arch": null, "flops_model_params": null, "flops_active_params": null, "tokens_non_final": 1, "tokens_reasoning": 0, "tokens_response": 1, "elapsed_seconds": 0.10142016410827637, "judgement": "Way off"}
{"id": "fermi_000803", "topic": "fermi", "subtopic": "crowd_density", "prompt": "A plaza is about 30 m by 20 m, with roughly 2 people per square meter. About how many people are there?", "exact_value": 1200, "model": "qwen/qwen2.5-3b-instruct", "provider": "transformers", "response": "10", "numeric_answer": 10.0, "relative_error": 0.9916666666666667, "thinking_text": null, "has_tool_call": false, "tool_call": null, "usage": {"prompt_tokens": 95, "completion_tokens": 3, "total_tokens": 98, "token_count_source": "tokenizer"}, "decoding": {"temperature": 0.2, "top_p": null, "top_k": null, "max_tokens": 256, "seed": 42}, "prompt_tokens": 95, "completion_tokens": 3, "total_tokens": 98, "token_count_source": "tokenizer", "diffusion_steps": null, "flops_estimate": null, "flops_arch": null, "flops_model_params": null, "flops_active_params": null, "tokens_non_final": 1, "tokens_reasoning": 0, "tokens_response": 1, "elapsed_seconds": 0.09883451461791992, "judgement": "Way off"}
{"id": "fermi_000823", "topic": "fermi", "subtopic": "crowd_density", "prompt": "A plaza is about 50 m by 20 m, with roughly 3 people per square meter. About how many people are there?", "exact_value": 3000, "model": "qwen/qwen2.5-3b-instruct", "provider": "transformers", "response": "10", "numeric_answer": 10.0, "relative_error": 0.9966666666666667, "thinking_text": null, "has_tool_call": false, "tool_call": null, "usage": {"prompt_tokens": 95, "completion_tokens": 3, "total_tokens": 98, "token_count_source": "tokenizer"}, "decoding": {"temperature": 0.2, "top_p": null, "top_k": null, "max_tokens": 256, "seed": 42}, "prompt_tokens": 95, "completion_tokens": 3, "total_tokens": 98, "token_count_source": "tokenizer", "diffusion_steps": null, "flops_estimate": null, "flops_arch": null, "flops_model_params": null, "flops_active_params": null, "tokens_non_final": 1, "tokens_reasoning": 0, "tokens_response": 1, "elapsed_seconds": 0.11754441261291504, "judgement": "Way off"}
{"id": "fermi_000843", "topic": "fermi", "subtopic": "crowd_density", "prompt": "A plaza is about 40 m by 30 m, with roughly 2 people per square meter. About how many people are there?", "exact_value": 2400, "model": "qwen/qwen2.5-3b-instruct", "provider": "transformers", "response": "16", "numeric_answer": 16.0, "relative_error": 0.9933333333333333, "thinking_text": null, "has_tool_call": false, "tool_call": null, "usage": {"prompt_tokens": 95, "completion_tokens": 3, "total_tokens": 98, "token_count_source": "tokenizer"}, "decoding": {"temperature": 0.2, "top_p": null, "top_k": null, "max_tokens": 256, "seed": 42}, "prompt_tokens": 95, "completion_tokens": 3, "total_tokens": 98, "token_count_source": "tokenizer", "diffusion_steps": null, "flops_estimate": null, "flops_arch": null, "flops_model_params": null, "flops_active_params": null, "tokens_non_final": 1, "tokens_reasoning": 0, "tokens_response": 1, "elapsed_seconds": 0.09897780418395996, "judgement": "Way off"}
{"id": "fermi_000863", "topic": "fermi", "subtopic": "crowd_density", "prompt": "A plaza is about 50 m by 35 m, with roughly 4 people per square meter. About how many people are there?", "exact_value": 7000, "model": "qwen/qwen2.5-3b-instruct", "provider": "transformers", "response": "15", "numeric_answer": 15.0, "relative_error": 0.9978571428571429, "thinking_text": null, "has_tool_call": false, "tool_call": null, "usage": {"prompt_tokens": 95, "completion_tokens": 3, "total_tokens": 98, "token_count_source": "tokenizer"}, "decoding": {"temperature": 0.2, "top_p": null, "top_k": null, "max_tokens": 256, "seed": 42}, "prompt_tokens": 95, "completion_tokens": 3, "total_tokens": 98, "token_count_source": "tokenizer", "diffusion_steps": null, "flops_estimate": null, "flops_arch": null, "flops_model_params": null, "flops_active_params": null, "tokens_non_final": 1, "tokens_reasoning": 0, "tokens_response": 1, "elapsed_seconds": 0.11105680465698242, "judgement": "Way off"}
{"id": "fermi_000883", "topic": "fermi", "subtopic": "crowd_density", "prompt": "A plaza is about 60 m by 20 m, with roughly 4 people per square meter. About how many people are there?", "exact_value": 4800, "model": "qwen/qwen2.5-3b-instruct", "provider": "transformers", "response": "60", "numeric_answer": 60.0, "relative_error": 0.9875, "thinking_text": null, "has_tool_call": false, "tool_call": null, "usage": {"prompt_tokens": 95, "completion_tokens": 3, "total_tokens": 98, "token_count_source": "tokenizer"}, "decoding": {"temperature": 0.2, "top_p": null, "top_k": null, "max_tokens": 256, "seed": 42}, "prompt_tokens": 95, "completion_tokens": 3, "total_tokens": 98, "token_count_source": "tokenizer", "diffusion_steps": null, "flops_estimate": null, "flops_arch": null, "flops_model_params": null, "flops_active_params": null, "tokens_non_final": 1, "tokens_reasoning": 0, "tokens_response": 1, "elapsed_seconds": 0.11963534355163574, "judgement": "Way off"}
{"id": "fermi_000903", "topic": "fermi", "subtopic": "crowd_density", "prompt": "A plaza is about 60 m by 20 m, with roughly 1 people per square meter. About how many people are there?", "exact_value": 1200, "model": "qwen/qwen2.5-3b-instruct", "provider": "transformers", "response": "60", "numeric_answer": 60.0, "relative_error": 0.95, "thinking_text": null, "has_tool_call": false, "tool_call": null, "usage": {"prompt_tokens": 95, "completion_tokens": 3, "total_tokens": 98, "token_count_source": "tokenizer"}, "decoding": {"temperature": 0.2, "top_p": null, "top_k": null, "max_tokens": 256, "seed": 42}, "prompt_tokens": 95, "completion_tokens": 3, "total_tokens": 98, "token_count_source": "tokenizer", "diffusion_steps": null, "flops_estimate": null, "flops_arch": null, "flops_model_params": null, "flops_active_params": null, "tokens_non_final": 1, "tokens_reasoning": 0, "tokens_response": 1, "elapsed_seconds": 0.10549688339233398, "judgement": "Way off"}
{"id": "fermi_000923", "topic": "fermi", "subtopic": "crowd_density", "prompt": "A plaza is about 30 m by 20 m, with roughly 3 people per square meter. About how many people are there?", "exact_value": 1800, "model": "qwen/qwen2.5-3b-instruct", "provider": "transformers", "response": "10", "numeric_answer": 10.0, "relative_error": 0.9944444444444445, "thinking_text": null, "has_tool_call": false, "tool_call": null, "usage": {"prompt_tokens": 95, "completion_tokens": 3, "total_tokens": 98, "token_count_source": "tokenizer"}, "decoding": {"temperature": 0.2, "top_p": null, "top_k": null, "max_tokens": 256, "seed": 42}, "prompt_tokens": 95, "completion_tokens": 3, "total_tokens": 98, "token_count_source": "tokenizer", "diffusion_steps": null, "flops_estimate": null, "flops_arch": null, "flops_model_params": null, "flops_active_params": null, "tokens_non_final": 1, "tokens_reasoning": 0, "tokens_response": 1, "elapsed_seconds": 0.0997312068939209, "judgement": "Way off"}
{"id": "fermi_000943", "topic": "fermi", "subtopic": "crowd_density", "prompt": "A plaza is about 50 m by 25 m, with roughly 1 people per square meter. About how many people are there?", "exact_value": 1250, "model": "qwen/qwen2.5-3b-instruct", "provider": "transformers", "response": "50", "numeric_answer": 50.0, "relative_error": 0.96, "thinking_text": null, "has_tool_call": false, "tool_call": null, "usage": {"prompt_tokens": 95, "completion_tokens": 3, "total_tokens": 98, "token_count_source": "tokenizer"}, "decoding": {"temperature": 0.2, "top_p": null, "top_k": null, "max_tokens": 256, "seed": 42}, "prompt_tokens": 95, "completion_tokens": 3, "total_tokens": 98, "token_count_source": "tokenizer", "diffusion_steps": null, "flops_estimate": null, "flops_arch": null, "flops_model_params": null, "flops_active_params": null, "tokens_non_final": 1, "tokens_reasoning": 0, "tokens_response": 1, "elapsed_seconds": 0.10077548027038574, "judgement": "Way off"}
{"id": "fermi_000963", "topic": "fermi", "subtopic": "crowd_density", "prompt": "A plaza is about 70 m by 35 m, with roughly 4 people per square meter. About how many people are there?", "exact_value": 9800, "model": "qwen/qwen2.5-3b-instruct", "provider": "transformers", "response": "2.8", "numeric_answer": 2.8, "relative_error": 0.9997142857142858, "thinking_text": null, "has_tool_call": false, "tool_call": null, "usage": {"prompt_tokens": 95, "completion_tokens": 4, "total_tokens": 99, "token_count_source": "tokenizer"}, "decoding": {"temperature": 0.2, "top_p": null, "top_k": null, "max_tokens": 256, "seed": 42}, "prompt_tokens": 95, "completion_tokens": 4, "total_tokens": 99, "token_count_source": "tokenizer", "diffusion_steps": null, "flops_estimate": null, "flops_arch": null, "flops_model_params": null, "flops_active_params": null, "tokens_non_final": 1, "tokens_reasoning": 0, "tokens_response": 1, "elapsed_seconds": 0.1334538459777832, "judgement": "Way off"}
{"id": "fermi_000983", "topic": "fermi", "subtopic": "crowd_density", "prompt": "A plaza is about 50 m by 25 m, with roughly 3 people per square meter. About how many people are there?", "exact_value": 3750, "model": "qwen/qwen2.5-3b-instruct", "provider": "transformers", "response": "18", "numeric_answer": 18.0, "relative_error": 0.9952, "thinking_text": null, "has_tool_call": false, "tool_call": null, "usage": {"prompt_tokens": 95, "completion_tokens": 3, "total_tokens": 98, "token_count_source": "tokenizer"}, "decoding": {"temperature": 0.2, "top_p": null, "top_k": null, "max_tokens": 256, "seed": 42}, "prompt_tokens": 95, "completion_tokens": 3, "total_tokens": 98, "token_count_source": "tokenizer", "diffusion_steps": null, "flops_estimate": null, "flops_arch": null, "flops_model_params": null, "flops_active_params": null, "tokens_non_final": 1, "tokens_reasoning": 0, "tokens_response": 1, "elapsed_seconds": 0.1104133129119873, "judgement": "Way off"}
{"id": "fermi_001003", "topic": "fermi", "subtopic": "crowd_density", "prompt": "A plaza is about 30 m by 25 m, with roughly 3 people per square meter. About how many people are there?", "exact_value": 2250, "model": "qwen/qwen2.5-3b-instruct", "provider": "transformers", "response": "10", "numeric_answer": 10.0, "relative_error": 0.9955555555555555, "thinking_text": null, "has_tool_call": false, "tool_call": null, "usage": {"prompt_tokens": 95, "completion_tokens": 3, "total_tokens": 98, "token_count_source": "tokenizer"}, "decoding": {"temperature": 0.2, "top_p": null, "top_k": null, "max_tokens": 256, "seed": 42}, "prompt_tokens": 95, "completion_tokens": 3, "total_tokens": 98, "token_count_source": "tokenizer", "diffusion_steps": null, "flops_estimate": null, "flops_arch": null, "flops_model_params": null, "flops_active_params": null, "tokens_non_final": 1, "tokens_reasoning": 0, "tokens_response": 1, "elapsed_seconds": 0.11096405982971191, "judgement": "Way off"}
{"id": "fermi_001023", "topic": "fermi", "subtopic": "crowd_density", "prompt": "A plaza is about 30 m by 25 m, with roughly 2 people per square meter. About how many people are there?", "exact_value": 1500, "model": "qwen/qwen2.5-3b-instruct", "provider": "transformers", "response": "10", "numeric_answer": 10.0, "relative_error": 0.9933333333333333, "thinking_text": null, "has_tool_call": false, "tool_call": null, "usage": {"prompt_tokens": 95, "completion_tokens": 3, "total_tokens": 98, "token_count_source": "tokenizer"}, "decoding": {"temperature": 0.2, "top_p": null, "top_k": null, "max_tokens": 256, "seed": 42}, "prompt_tokens": 95, "completion_tokens": 3, "total_tokens": 98, "token_count_source": "tokenizer", "diffusion_steps": null, "flops_estimate": null, "flops_arch": null, "flops_model_params": null, "flops_active_params": null, "tokens_non_final": 1, "tokens_reasoning": 0, "tokens_response": 1, "elapsed_seconds": 0.1223154067993164, "judgement": "Way off"}
{"id": "fermi_001043", "topic": "fermi", "subtopic": "crowd_density", "prompt": "A plaza is about 60 m by 20 m, with roughly 3 people per square meter. About how many people are there?", "exact_value": 3600, "model": "qwen/qwen2.5-3b-instruct", "provider": "transformers", "response": "60", "numeric_answer": 60.0, "relative_error": 0.9833333333333333, "thinking_text": null, "has_tool_call": false, "tool_call": null, "usage": {"prompt_tokens": 95, "completion_tokens": 3, "total_tokens": 98, "token_count_source": "tokenizer"}, "decoding": {"temperature": 0.2, "top_p": null, "top_k": null, "max_tokens": 256, "seed": 42}, "prompt_tokens": 95, "completion_tokens": 3, "total_tokens": 98, "token_count_source": "tokenizer", "diffusion_steps": null, "flops_estimate": null, "flops_arch": null, "flops_model_params": null, "flops_active_params": null, "tokens_non_final": 1, "tokens_reasoning": 0, "tokens_response": 1, "elapsed_seconds": 0.10392141342163086, "judgement": "Way off"}
{"id": "fermi_001063", "topic": "fermi", "subtopic": "crowd_density", "prompt": "A plaza is about 40 m by 20 m, with roughly 1 people per square meter. About how many people are there?", "exact_value": 800, "model": "qwen/qwen2.5-3b-instruct", "provider": "transformers", "response": "40", "numeric_answer": 40.0, "relative_error": 0.95, "thinking_text": null, "has_tool_call": false, "tool_call": null, "usage": {"prompt_tokens": 95, "completion_tokens": 3, "total_tokens": 98, "token_count_source": "tokenizer"}, "decoding": {"temperature": 0.2, "top_p": null, "top_k": null, "max_tokens": 256, "seed": 42}, "prompt_tokens": 95, "completion_tokens": 3, "total_tokens": 98, "token_count_source": "tokenizer", "diffusion_steps": null, "flops_estimate": null, "flops_arch": null, "flops_model_params": null, "flops_active_params": null, "tokens_non_final": 1, "tokens_reasoning": 0, "tokens_response": 1, "elapsed_seconds": 0.09843921661376953, "judgement": "Way off"}
{"id": "travel_time_000108", "topic": "travel_time", "subtopic": "drive_time", "prompt": "You need to travel about 161 miles at around 55 mph. About how many hours will it take?", "exact_value": 2.92, "model": "qwen/qwen2.5-3b-instruct", "provider": "transformers", "response": "2", "numeric_answer": 2.0, "relative_error": 0.3150684931506849, "thinking_text": null, "has_tool_call": false, "tool_call": null, "usage": {"prompt_tokens": 90, "completion_tokens": 2, "total_tokens": 92, "token_count_source": "tokenizer"}, "decoding": {"temperature": 0.2, "top_p": null, "top_k": null, "max_tokens": 256, "seed": 42}, "prompt_tokens": 90, "completion_tokens": 2, "total_tokens": 92, "token_count_source": "tokenizer", "diffusion_steps": null, "flops_estimate": null, "flops_arch": null, "flops_model_params": null, "flops_active_params": null, "tokens_non_final": 1, "tokens_reasoning": 0, "tokens_response": 1, "elapsed_seconds": 0.07589888572692871, "judgement": "Mildly off"}
{"id": "travel_time_000128", "topic": "travel_time", "subtopic": "drive_time", "prompt": "You need to travel about 11 miles at around 45 mph. About how many hours will it take?", "exact_value": 0.2511111111111111, "model": "qwen/qwen2.5-3b-instruct", "provider": "transformers", "response": "2", "numeric_answer": 2.0, "relative_error": 6.964601769911504, "thinking_text": null, "has_tool_call": false, "tool_call": null, "usage": {"prompt_tokens": 89, "completion_tokens": 2, "total_tokens": 91, "token_count_source": "tokenizer"}, "decoding": {"temperature": 0.2, "top_p": null, "top_k": null, "max_tokens": 256, "seed": 42}, "prompt_tokens": 89, "completion_tokens": 2, "total_tokens": 91, "token_count_source": "tokenizer", "diffusion_steps": null, "flops_estimate": null, "flops_arch": null, "flops_model_params": null, "flops_active_params": null, "tokens_non_final": 1, "tokens_reasoning": 0, "tokens_response": 1, "elapsed_seconds": 0.08902311325073242, "judgement": "Way off"}
{"id": "travel_time_000148", "topic": "travel_time", "subtopic": "drive_time", "prompt": "You need to travel about 189 miles at around 45 mph. About how many hours will it take?", "exact_value": 4.202222222222222, "model": "qwen/qwen2.5-3b-instruct", "provider": "transformers", "response": "2.7", "numeric_answer": 2.7, "relative_error": 0.3574828133262823, "thinking_text": null, "has_tool_call": false, "tool_call": null, "usage": {"prompt_tokens": 90, "completion_tokens": 4, "total_tokens": 94, "token_count_source": "tokenizer"}, "decoding": {"temperature": 0.2, "top_p": null, "top_k": null, "max_tokens": 256, "seed": 42}, "prompt_tokens": 90, "completion_tokens": 4, "total_tokens": 94, "token_count_source": "tokenizer", "diffusion_steps": null, "flops_estimate": null, "flops_arch": null, "flops_model_params": null, "flops_active_params": null, "tokens_non_final": 1, "tokens_reasoning": 0, "tokens_response": 1, "elapsed_seconds": 0.16567206382751465, "judgement": "Mildly off"}
{"id": "travel_time_000168", "topic": "travel_time", "subtopic": "drive_time", "prompt": "You need to travel about 239 miles at around 45 mph. About how many hours will it take?", "exact_value": 5.304444444444444, "model": "qwen/qwen2.5-3b-instruct", "provider": "transformers", "response": "1.5", "numeric_answer": 1.5, "relative_error": 0.7172182656053624, "thinking_text": null, "has_tool_call": false, "tool_call": null, "usage": {"prompt_tokens": 90, "completion_tokens": 4, "total_tokens": 94, "token_count_source": "tokenizer"}, "decoding": {"temperature": 0.2, "top_p": null, "top_k": null, "max_tokens": 256, "seed": 42}, "prompt_tokens": 90, "completion_tokens": 4, "total_tokens": 94, "token_count_source": "tokenizer", "diffusion_steps": null, "flops_estimate": null, "flops_arch": null, "flops_model_params": null, "flops_active_params": null, "tokens_non_final": 1, "tokens_reasoning": 0, "tokens_response": 1, "elapsed_seconds": 0.16063857078552246, "judgement": "Way off"}
{"id": "travel_time_000188", "topic": "travel_time", "subtopic": "drive_time", "prompt": "You need to travel about 118 miles at around 45 mph. About how many hours will it take?", "exact_value": 2.6133333333333333, "model": "qwen/qwen2.5-3b-instruct", "provider": "transformers", "response": "2.7", "numeric_answer": 2.7, "relative_error": 0.033163265306122534, "thinking_text": null, "has_tool_call": false, "tool_call": null, "usage": {"prompt_tokens": 90, "completion_tokens": 4, "total_tokens": 94, "token_count_source": "tokenizer"}, "decoding": {"temperature": 0.2, "top_p": null, "top_k": null, "max_tokens": 256, "seed": 42}, "prompt_tokens": 90, "completion_tokens": 4, "total_tokens": 94, "token_count_source": "tokenizer", "diffusion_steps": null, "flops_estimate": null, "flops_arch": null, "flops_model_params": null, "flops_active_params": null, "tokens_non_final": 1, "tokens_reasoning": 0, "tokens_response": 1, "elapsed_seconds": 0.13430547714233398, "judgement": "Good approximation"}
{"id": "travel_time_000208", "topic": "travel_time", "subtopic": "drive_time", "prompt": "You need to travel about 224 miles at around 55 mph. About how many hours will it take?", "exact_value": 4.067272727272727, "model": "qwen/qwen2.5-3b-instruct", "provider": "transformers", "response": "6", "numeric_answer": 6.0, "relative_error": 0.4751899865891819, "thinking_text": null, "has_tool_call": false, "tool_call": null, "usage": {"prompt_tokens": 90, "completion_tokens": 2, "total_tokens": 92, "token_count_source": "tokenizer"}, "decoding": {"temperature": 0.2, "top_p": null, "top_k": null, "max_tokens": 256, "seed": 42}, "prompt_tokens": 90, "completion_tokens": 2, "total_tokens": 92, "token_count_source": "tokenizer", "diffusion_steps": null, "flops_estimate": null, "flops_arch": null, "flops_model_params": null, "flops_active_params": null, "tokens_non_final": 1, "tokens_reasoning": 0, "tokens_response": 1, "elapsed_seconds": 0.06638455390930176, "judgement": "Mildly off"}
{"id": "travel_time_000228", "topic": "travel_time", "subtopic": "drive_time", "prompt": "You need to travel about 37 miles at around 45 mph. About how many hours will it take?", "exact_value": 0.8222222222222222, "model": "qwen/qwen2.5-3b-instruct", "provider": "transformers", "response": "6", "numeric_answer": 6.0, "relative_error": 6.297297297297298, "thinking_text": null, "has_tool_call": false, "tool_call": null, "usage": {"prompt_tokens": 89, "completion_tokens": 2, "total_tokens": 91, "token_count_source": "tokenizer"}, "decoding": {"temperature": 0.2, "top_p": null, "top_k": null, "max_tokens": 256, "seed": 42}, "prompt_tokens": 89, "completion_tokens": 2, "total_tokens": 91, "token_count_source": "tokenizer", "diffusion_steps": null, "flops_estimate": null, "flops_arch": null, "flops_model_params": null, "flops_active_params": null, "tokens_non_final": 1, "tokens_reasoning": 0, "tokens_response": 1, "elapsed_seconds": 0.06740760803222656, "judgement": "Way off"}
{"id": "travel_time_000248", "topic": "travel_time", "subtopic": "drive_time", "prompt": "You need to travel about 213 miles at around 35 mph. About how many hours will it take?", "exact_value": 6.082857142857143, "model": "qwen/qwen2.5-3b-instruct", "provider": "transformers", "response": "6", "numeric_answer": 6.0, "relative_error": 0.013621418506340986, "thinking_text": null, "has_tool_call": false, "tool_call": null, "usage": {"prompt_tokens": 90, "completion_tokens": 2, "total_tokens": 92, "token_count_source": "tokenizer"}, "decoding": {"temperature": 0.2, "top_p": null, "top_k": null, "max_tokens": 256, "seed": 42}, "prompt_tokens": 90, "completion_tokens": 2, "total_tokens": 92, "token_count_source": "tokenizer", "diffusion_steps": null, "flops_estimate": null, "flops_arch": null, "flops_model_params": null, "flops_active_params": null, "tokens_non_final": 1, "tokens_reasoning": 0, "tokens_response": 1, "elapsed_seconds": 0.06793022155761719, "judgement": "Good approximation"}
{"id": "travel_time_000268", "topic": "travel_time", "subtopic": "drive_time", "prompt": "You need to travel about 130 miles at around 35 mph. About how many hours will it take?", "exact_value": 3.7228571428571433, "model": "qwen/qwen2.5-3b-instruct", "provider": "transformers", "response": "6", "numeric_answer": 6.0, "relative_error": 0.6116653875671525, "thinking_text": null, "has_tool_call": false, "tool_call": null, "usage": {"prompt_tokens": 90, "completion_tokens": 2, "total_tokens": 92, "token_count_source": "tokenizer"}, "decoding": {"temperature": 0.2, "top_p": null, "top_k": null, "max_tokens": 256, "seed": 42}, "prompt_tokens": 90, "completion_tokens": 2, "total_tokens": 92, "token_count_source": "tokenizer", "diffusion_steps": null, "flops_estimate": null, "flops_arch": null, "flops_model_params": null, "flops_active_params": null, "tokens_non_final": 1, "tokens_reasoning": 0, "tokens_response": 1, "elapsed_seconds": 0.07515454292297363, "judgement": "Way off"}
{"id": "travel_time_000288", "topic": "travel_time", "subtopic": "drive_time", "prompt": "You need to travel about 182 miles at around 45 mph. About how many hours will it take?", "exact_value": 4.04, "model": "qwen/qwen2.5-3b-instruct", "provider": "transformers", "response": "3.6", "numeric_answer": 3.6, "relative_error": 0.1089108910891089, "thinking_text": null, "has_tool_call": false, "tool_call": null, "usage": {"prompt_tokens": 90, "completion_tokens": 4, "total_tokens": 94, "token_count_source": "tokenizer"}, "decoding": {"temperature": 0.2, "top_p": null, "top_k": null, "max_tokens": 256, "seed": 42}, "prompt_tokens": 90, "completion_tokens": 4, "total_tokens": 94, "token_count_source": "tokenizer", "diffusion_steps": null, "flops_estimate": null, "flops_arch": null, "flops_model_params": null, "flops_active_params": null, "tokens_non_final": 1, "tokens_reasoning": 0, "tokens_response": 1, "elapsed_seconds": 0.13228774070739746, "judgement": "Good approximation"}
{"id": "travel_time_000308", "topic": "travel_time", "subtopic": "drive_time", "prompt": "You need to travel about 220 miles at around 55 mph. About how many hours will it take?", "exact_value": 4.009090909090909, "model": "qwen/qwen2.5-3b-instruct", "provider": "transformers", "response": "14", "numeric_answer": 14.0, "relative_error": 2.4920634920634925, "thinking_text": null, "has_tool_call": false, "tool_call": null, "usage": {"prompt_tokens": 90, "completion_tokens": 3, "total_tokens": 93, "token_count_source": "tokenizer"}, "decoding": {"temperature": 0.2, "top_p": null, "top_k": null, "max_tokens": 256, "seed": 42}, "prompt_tokens": 90, "completion_tokens": 3, "total_tokens": 93, "token_count_source": "tokenizer", "diffusion_steps": null, "flops_estimate": null, "flops_arch": null, "flops_model_params": null, "flops_active_params": null, "tokens_non_final": 1, "tokens_reasoning": 0, "tokens_response": 1, "elapsed_seconds": 0.1126251220703125, "judgement": "Way off"}
{"id": "travel_time_000328", "topic": "travel_time", "subtopic": "drive_time", "prompt": "You need to travel about 144 miles at around 65 mph. About how many hours will it take?", "exact_value": 2.2184615384615385, "model": "qwen/qwen2.5-3b-instruct", "provider": "transformers", "response": "2", "numeric_answer": 2.0, "relative_error": 0.0984743411927878, "thinking_text": null, "has_tool_call": false, "tool_call": null, "usage": {"prompt_tokens": 90, "completion_tokens": 2, "total_tokens": 92, "token_count_source": "tokenizer"}, "decoding": {"temperature": 0.2, "top_p": null, "top_k": null, "max_tokens": 256, "seed": 42}, "prompt_tokens": 90, "completion_tokens": 2, "total_tokens": 92, "token_count_source": "tokenizer", "diffusion_steps": null, "flops_estimate": null, "flops_arch": null, "flops_model_params": null, "flops_active_params": null, "tokens_non_final": 1, "tokens_reasoning": 0, "tokens_response": 1, "elapsed_seconds": 0.09093403816223145, "judgement": "Good approximation"}
{"id": "travel_time_000348", "topic": "travel_time", "subtopic": "drive_time", "prompt": "You need to travel about 215 miles at around 25 mph. About how many hours will it take?", "exact_value": 8.612, "model": "qwen/qwen2.5-3b-instruct", "provider": "transformers", "response": "6", "numeric_answer": 6.0, "relative_error": 0.3032977241058988, "thinking_text": null, "has_tool_call": false, "tool_call": null, "usage": {"prompt_tokens": 90, "completion_tokens": 2, "total_tokens": 92, "token_count_source": "tokenizer"}, "decoding": {"temperature": 0.2, "top_p": null, "top_k": null, "max_tokens": 256, "seed": 42}, "prompt_tokens": 90, "completion_tokens": 2, "total_tokens": 92, "token_count_source": "tokenizer", "diffusion_steps": null, "flops_estimate": null, "flops_arch": null, "flops_model_params": null, "flops_active_params": null, "tokens_non_final": 1, "tokens_reasoning": 0, "tokens_response": 1, "elapsed_seconds": 0.07327580451965332, "judgement": "Mildly off"}
{"id": "travel_time_000368", "topic": "travel_time", "subtopic": "drive_time", "prompt": "You need to travel about 173 miles at around 55 mph. About how many hours will it take?", "exact_value": 3.152727272727273, "model": "qwen/qwen2.5-3b-instruct", "provider": "transformers", "response": "2", "numeric_answer": 2.0, "relative_error": 0.36562860438292966, "thinking_text": null, "has_tool_call": false, "tool_call": null, "usage": {"prompt_tokens": 90, "completion_tokens": 2, "total_tokens": 92, "token_count_source": "tokenizer"}, "decoding": {"temperature": 0.2, "top_p": null, "top_k": null, "max_tokens": 256, "seed": 42}, "prompt_tokens": 90, "completion_tokens": 2, "total_tokens": 92, "token_count_source": "tokenizer", "diffusion_steps": null, "flops_estimate": null, "flops_arch": null, "flops_model_params": null, "flops_active_params": null, "tokens_non_final": 1, "tokens_reasoning": 0, "tokens_response": 1, "elapsed_seconds": 0.07366752624511719, "judgement": "Mildly off"}
{"id": "travel_time_000388", "topic": "travel_time", "subtopic": "drive_time", "prompt": "You need to travel about 73 miles at around 25 mph. About how many hours will it take?", "exact_value": 2.92, "model": "qwen/qwen2.5-3b-instruct", "provider": "transformers", "response": "14", "numeric_answer": 14.0, "relative_error": 3.7945205479452055, "thinking_text": null, "has_tool_call": false, "tool_call": null, "usage": {"prompt_tokens": 89, "completion_tokens": 3, "total_tokens": 92, "token_count_source": "tokenizer"}, "decoding": {"temperature": 0.2, "top_p": null, "top_k": null, "max_tokens": 256, "seed": 42}, "prompt_tokens": 89, "completion_tokens": 3, "total_tokens": 92, "token_count_source": "tokenizer", "diffusion_steps": null, "flops_estimate": null, "flops_arch": null, "flops_model_params": null, "flops_active_params": null, "tokens_non_final": 1, "tokens_reasoning": 0, "tokens_response": 1, "elapsed_seconds": 0.10053253173828125, "judgement": "Way off"}
{"id": "travel_time_000408", "topic": "travel_time", "subtopic": "drive_time", "prompt": "You need to travel about 66 miles at around 65 mph. About how many hours will it take?", "exact_value": 1.0215384615384617, "model": "qwen/qwen2.5-3b-instruct", "provider": "transformers", "response": "3", "numeric_answer": 3.0, "relative_error": 1.9367469879518067, "thinking_text": null, "has_tool_call": false, "tool_call": null, "usage": {"prompt_tokens": 89, "completion_tokens": 2, "total_tokens": 91, "token_count_source": "tokenizer"}, "decoding": {"temperature": 0.2, "top_p": null, "top_k": null, "max_tokens": 256, "seed": 42}, "prompt_tokens": 89, "completion_tokens": 2, "total_tokens": 91, "token_count_source": "tokenizer", "diffusion_steps": null, "flops_estimate": null, "flops_arch": null, "flops_model_params": null, "flops_active_params": null, "tokens_non_final": 1, "tokens_reasoning": 0, "tokens_response": 1, "elapsed_seconds": 0.06953144073486328, "judgement": "Way off"}
{"id": "travel_time_000428", "topic": "travel_time", "subtopic": "drive_time", "prompt": "You need to travel about 18 miles at around 65 mph. About how many hours will it take?", "exact_value": 0.27999999999999997, "model": "qwen/qwen2.5-3b-instruct", "provider": "transformers", "response": "2", "numeric_answer": 2.0, "relative_error": 6.142857142857143, "thinking_text": null, "has_tool_call": false, "tool_call": null, "usage": {"prompt_tokens": 89, "completion_tokens": 2, "total_tokens": 91, "token_count_source": "tokenizer"}, "decoding": {"temperature": 0.2, "top_p": null, "top_k": null, "max_tokens": 256, "seed": 42}, "prompt_tokens": 89, "completion_tokens": 2, "total_tokens": 91, "token_count_source": "tokenizer", "diffusion_steps": null, "flops_estimate": null, "flops_arch": null, "flops_model_params": null, "flops_active_params": null, "tokens_non_final": 1, "tokens_reasoning": 0, "tokens_response": 1, "elapsed_seconds": 0.06709599494934082, "judgement": "Way off"}
{"id": "travel_time_000448", "topic": "travel_time", "subtopic": "drive_time", "prompt": "You need to travel about 208 miles at around 35 mph. About how many hours will it take?", "exact_value": 5.951428571428572, "model": "qwen/qwen2.5-3b-instruct", "provider": "transformers", "response": "24.7", "numeric_answer": 24.7, "relative_error": 3.150264042246759, "thinking_text": null, "has_tool_call": false, "tool_call": null, "usage": {"prompt_tokens": 90, "completion_tokens": 5, "total_tokens": 95, "token_count_source": "tokenizer"}, "decoding": {"temperature": 0.2, "top_p": null, "top_k": null, "max_tokens": 256, "seed": 42}, "prompt_tokens": 90, "completion_tokens": 5, "total_tokens": 95, "token_count_source": "tokenizer", "diffusion_steps": null, "flops_estimate": null, "flops_arch": null, "flops_model_params": null, "flops_active_params": null, "tokens_non_final": 1, "tokens_reasoning": 0, "tokens_response": 1, "elapsed_seconds": 0.16474533081054688, "judgement": "Way off"}
{"id": "travel_time_000468", "topic": "travel_time", "subtopic": "drive_time", "prompt": "You need to travel about 49 miles at around 35 mph. About how many hours will it take?", "exact_value": 1.3885714285714286, "model": "qwen/qwen2.5-3b-instruct", "provider": "transformers", "response": "2.7", "numeric_answer": 2.7, "relative_error": 0.9444444444444445, "thinking_text": null, "has_tool_call": false, "tool_call": null, "usage": {"prompt_tokens": 89, "completion_tokens": 4, "total_tokens": 93, "token_count_source": "tokenizer"}, "decoding": {"temperature": 0.2, "top_p": null, "top_k": null, "max_tokens": 256, "seed": 42}, "prompt_tokens": 89, "completion_tokens": 4, "total_tokens": 93, "token_count_source": "tokenizer", "diffusion_steps": null, "flops_estimate": null, "flops_arch": null, "flops_model_params": null, "flops_active_params": null, "tokens_non_final": 1, "tokens_reasoning": 0, "tokens_response": 1, "elapsed_seconds": 0.14490079879760742, "judgement": "Way off"}
{"id": "travel_time_000488", "topic": "travel_time", "subtopic": "drive_time", "prompt": "You need to travel about 85 miles at around 55 mph. About how many hours will it take?", "exact_value": 1.5454545454545454, "model": "qwen/qwen2.5-3b-instruct", "provider": "transformers", "response": "1.5", "numeric_answer": 1.5, "relative_error": 0.029411764705882328, "thinking_text": null, "has_tool_call": false, "tool_call": null, "usage": {"prompt_tokens": 89, "completion_tokens": 4, "total_tokens": 93, "token_count_source": "tokenizer"}, "decoding": {"temperature": 0.2, "top_p": null, "top_k": null, "max_tokens": 256, "seed": 42}, "prompt_tokens": 89, "completion_tokens": 4, "total_tokens": 93, "token_count_source": "tokenizer", "diffusion_steps": null, "flops_estimate": null, "flops_arch": null, "flops_model_params": null, "flops_active_params": null, "tokens_non_final": 1, "tokens_reasoning": 0, "tokens_response": 1, "elapsed_seconds": 0.13019442558288574, "judgement": "Good approximation"}
{"id": "travel_time_000508", "topic": "travel_time", "subtopic": "drive_time", "prompt": "You need to travel about 139 miles at around 35 mph. About how many hours will it take?", "exact_value": 3.9800000000000004, "model": "qwen/qwen2.5-3b-instruct", "provider": "transformers", "response": "2.4", "numeric_answer": 2.4, "relative_error": 0.3969849246231157, "thinking_text": null, "has_tool_call": false, "tool_call": null, "usage": {"prompt_tokens": 90, "completion_tokens": 4, "total_tokens": 94, "token_count_source": "tokenizer"}, "decoding": {"temperature": 0.2, "top_p": null, "top_k": null, "max_tokens": 256, "seed": 42}, "prompt_tokens": 90, "completion_tokens": 4, "total_tokens": 94, "token_count_source": "tokenizer", "diffusion_steps": null, "flops_estimate": null, "flops_arch": null, "flops_model_params": null, "flops_active_params": null, "tokens_non_final": 1, "tokens_reasoning": 0, "tokens_response": 1, "elapsed_seconds": 0.1421496868133545, "judgement": "Mildly off"}
{"id": "travel_time_000528", "topic": "travel_time", "subtopic": "drive_time", "prompt": "You need to travel about 203 miles at around 45 mph. About how many hours will it take?", "exact_value": 4.511111111111111, "model": "qwen/qwen2.5-3b-instruct", "provider": "transformers", "response": "16", "numeric_answer": 16.0, "relative_error": 2.5467980295566504, "thinking_text": null, "has_tool_call": false, "tool_call": null, "usage": {"prompt_tokens": 90, "completion_tokens": 3, "total_tokens": 93, "token_count_source": "tokenizer"}, "decoding": {"temperature": 0.2, "top_p": null, "top_k": null, "max_tokens": 256, "seed": 42}, "prompt_tokens": 90, "completion_tokens": 3, "total_tokens": 93, "token_count_source": "tokenizer", "diffusion_steps": null, "flops_estimate": null, "flops_arch": null, "flops_model_params": null, "flops_active_params": null, "tokens_non_final": 1, "tokens_reasoning": 0, "tokens_response": 1, "elapsed_seconds": 0.09864211082458496, "judgement": "Way off"}
{"id": "travel_time_000548", "topic": "travel_time", "subtopic": "drive_time", "prompt": "You need to travel about 71 miles at around 65 mph. About how many hours will it take?", "exact_value": 1.0953846153846154, "model": "qwen/qwen2.5-3b-instruct", "provider": "transformers", "response": "2.4", "numeric_answer": 2.4, "relative_error": 1.191011235955056, "thinking_text": null, "has_tool_call": false, "tool_call": null, "usage": {"prompt_tokens": 89, "completion_tokens": 4, "total_tokens": 93, "token_count_source": "tokenizer"}, "decoding": {"temperature": 0.2, "top_p": null, "top_k": null, "max_tokens": 256, "seed": 42}, "prompt_tokens": 89, "completion_tokens": 4, "total_tokens": 93, "token_count_source": "tokenizer", "diffusion_steps": null, "flops_estimate": null, "flops_arch": null, "flops_model_params": null, "flops_active_params": null, "tokens_non_final": 1, "tokens_reasoning": 0, "tokens_response": 1, "elapsed_seconds": 0.13054847717285156, "judgement": "Way off"}
{"id": "travel_time_000568", "topic": "travel_time", "subtopic": "drive_time", "prompt": "You need to travel about 167 miles at around 45 mph. About how many hours will it take?", "exact_value": 3.7022222222222223, "model": "qwen/qwen2.5-3b-instruct", "provider": "transformers", "response": "2", "numeric_answer": 2.0, "relative_error": 0.4597839135654262, "thinking_text": null, "has_tool_call": false, "tool_call": null, "usage": {"prompt_tokens": 90, "completion_tokens": 2, "total_tokens": 92, "token_count_source": "tokenizer"}, "decoding": {"temperature": 0.2, "top_p": null, "top_k": null, "max_tokens": 256, "seed": 42}, "prompt_tokens": 90, "completion_tokens": 2, "total_tokens": 92, "token_count_source": "tokenizer", "diffusion_steps": null, "flops_estimate": null, "flops_arch": null, "flops_model_params": null, "flops_active_params": null, "tokens_non_final": 1, "tokens_reasoning": 0, "tokens_response": 1, "elapsed_seconds": 0.07528018951416016, "judgement": "Mildly off"}
{"id": "travel_time_000588", "topic": "travel_time", "subtopic": "drive_time", "prompt": "You need to travel about 59 miles at around 25 mph. About how many hours will it take?", "exact_value": 2.344, "model": "qwen/qwen2.5-3b-instruct", "provider": "transformers", "response": "14", "numeric_answer": 14.0, "relative_error": 4.972696245733789, "thinking_text": null, "has_tool_call": false, "tool_call": null, "usage": {"prompt_tokens": 89, "completion_tokens": 3, "total_tokens": 92, "token_count_source": "tokenizer"}, "decoding": {"temperature": 0.2, "top_p": null, "top_k": null, "max_tokens": 256, "seed": 42}, "prompt_tokens": 89, "completion_tokens": 3, "total_tokens": 92, "token_count_source": "tokenizer", "diffusion_steps": null, "flops_estimate": null, "flops_arch": null, "flops_model_params": null, "flops_active_params": null, "tokens_non_final": 1, "tokens_reasoning": 0, "tokens_response": 1, "elapsed_seconds": 0.09787774085998535, "judgement": "Way off"}
{"id": "travel_time_000608", "topic": "travel_time", "subtopic": "drive_time", "prompt": "You need to travel about 87 miles at around 25 mph. About how many hours will it take?", "exact_value": 3.468, "model": "qwen/qwen2.5-3b-instruct", "provider": "transformers", "response": "14", "numeric_answer": 14.0, "relative_error": 3.0369088811995386, "thinking_text": null, "has_tool_call": false, "tool_call": null, "usage": {"prompt_tokens": 89, "completion_tokens": 3, "total_tokens": 92, "token_count_source": "tokenizer"}, "decoding": {"temperature": 0.2, "top_p": null, "top_k": null, "max_tokens": 256, "seed": 42}, "prompt_tokens": 89, "completion_tokens": 3, "total_tokens": 92, "token_count_source": "tokenizer", "diffusion_steps": null, "flops_estimate": null, "flops_arch": null, "flops_model_params": null, "flops_active_params": null, "tokens_non_final": 1, "tokens_reasoning": 0, "tokens_response": 1, "elapsed_seconds": 0.09904289245605469, "judgement": "Way off"}
{"id": "travel_time_000628", "topic": "travel_time", "subtopic": "drive_time", "prompt": "You need to travel about 236 miles at around 45 mph. About how many hours will it take?", "exact_value": 5.2444444444444445, "model": "qwen/qwen2.5-3b-instruct", "provider": "transformers", "response": "18", "numeric_answer": 18.0, "relative_error": 2.4322033898305087, "thinking_text": null, "has_tool_call": false, "tool_call": null, "usage": {"prompt_tokens": 90, "completion_tokens": 3, "total_tokens": 93, "token_count_source": "tokenizer"}, "decoding": {"temperature": 0.2, "top_p": null, "top_k": null, "max_tokens": 256, "seed": 42}, "prompt_tokens": 90, "completion_tokens": 3, "total_tokens": 93, "token_count_source": "tokenizer", "diffusion_steps": null, "flops_estimate": null, "flops_arch": null, "flops_model_params": null, "flops_active_params": null, "tokens_non_final": 1, "tokens_reasoning": 0, "tokens_response": 1, "elapsed_seconds": 0.09821176528930664, "judgement": "Way off"}
{"id": "travel_time_000648", "topic": "travel_time", "subtopic": "drive_time", "prompt": "You need to travel about 202 miles at around 45 mph. About how many hours will it take?", "exact_value": 4.497777777777778, "model": "qwen/qwen2.5-3b-instruct", "provider": "transformers", "response": "16", "numeric_answer": 16.0, "relative_error": 2.5573122529644268, "thinking_text": null, "has_tool_call": false, "tool_call": null, "usage": {"prompt_tokens": 90, "completion_tokens": 3, "total_tokens": 93, "token_count_source": "tokenizer"}, "decoding": {"temperature": 0.2, "top_p": null, "top_k": null, "max_tokens": 256, "seed": 42}, "prompt_tokens": 90, "completion_tokens": 3, "total_tokens": 93, "token_count_source": "tokenizer", "diffusion_steps": null, "flops_estimate": null, "flops_arch": null, "flops_model_params": null, "flops_active_params": null, "tokens_non_final": 1, "tokens_reasoning": 0, "tokens_response": 1, "elapsed_seconds": 0.0976099967956543, "judgement": "Way off"}
{"id": "travel_time_000668", "topic": "travel_time", "subtopic": "drive_time", "prompt": "You need to travel about 140 miles at around 25 mph. About how many hours will it take?", "exact_value": 5.6160000000000005, "model": "qwen/qwen2.5-3b-instruct", "provider": "transformers", "response": "6", "numeric_answer": 6.0, "relative_error": 0.06837606837606827, "thinking_text": null, "has_tool_call": false, "tool_call": null, "usage": {"prompt_tokens": 90, "completion_tokens": 2, "total_tokens": 92, "token_count_source": "tokenizer"}, "decoding": {"temperature": 0.2, "top_p": null, "top_k": null, "max_tokens": 256, "seed": 42}, "prompt_tokens": 90, "completion_tokens": 2, "total_tokens": 92, "token_count_source": "tokenizer", "diffusion_steps": null, "flops_estimate": null, "flops_arch": null, "flops_model_params": null, "flops_active_params": null, "tokens_non_final": 1, "tokens_reasoning": 0, "tokens_response": 1, "elapsed_seconds": 0.08509683609008789, "judgement": "Good approximation"}
{"id": "travel_time_000688", "topic": "travel_time", "subtopic": "drive_time", "prompt": "You need to travel about 10 miles at around 65 mph. About how many hours will it take?", "exact_value": 0.1523076923076923, "model": "qwen/qwen2.5-3b-instruct", "provider": "transformers", "response": "2", "numeric_answer": 2.0, "relative_error": 12.131313131313131, "thinking_text": null, "has_tool_call": false, "tool_call": null, "usage": {"prompt_tokens": 89, "completion_tokens": 2, "total_tokens": 91, "token_count_source": "tokenizer"}, "decoding": {"temperature": 0.2, "top_p": null, "top_k": null, "max_tokens": 256, "seed": 42}, "prompt_tokens": 89, "completion_tokens": 2, "total_tokens": 91, "token_count_source": "tokenizer", "diffusion_steps": null, "flops_estimate": null, "flops_arch": null, "flops_model_params": null, "flops_active_params": null, "tokens_non_final": 1, "tokens_reasoning": 0, "tokens_response": 1, "elapsed_seconds": 0.0685737133026123, "judgement": "Way off"}
{"id": "travel_time_000708", "topic": "travel_time", "subtopic": "drive_time", "prompt": "You need to travel about 187 miles at around 35 mph. About how many hours will it take?", "exact_value": 5.345714285714285, "model": "qwen/qwen2.5-3b-instruct", "provider": "transformers", "response": "2.4", "numeric_answer": 2.4, "relative_error": 0.5510422234099411, "thinking_text": null, "has_tool_call": false, "tool_call": null, "usage": {"prompt_tokens": 90, "completion_tokens": 4, "total_tokens": 94, "token_count_source": "tokenizer"}, "decoding": {"temperature": 0.2, "top_p": null, "top_k": null, "max_tokens": 256, "seed": 42}, "prompt_tokens": 90, "completion_tokens": 4, "total_tokens": 94, "token_count_source": "tokenizer", "diffusion_steps": null, "flops_estimate": null, "flops_arch": null, "flops_model_params": null, "flops_active_params": null, "tokens_non_final": 1, "tokens_reasoning": 0, "tokens_response": 1, "elapsed_seconds": 0.13457441329956055, "judgement": "Mildly off"}
{"id": "travel_time_000728", "topic": "travel_time", "subtopic": "drive_time", "prompt": "You need to travel about 85 miles at around 35 mph. About how many hours will it take?", "exact_value": 2.42, "model": "qwen/qwen2.5-3b-instruct", "provider": "transformers", "response": "14", "numeric_answer": 14.0, "relative_error": 4.785123966942149, "thinking_text": null, "has_tool_call": false, "tool_call": null, "usage": {"prompt_tokens": 89, "completion_tokens": 3, "total_tokens": 92, "token_count_source": "tokenizer"}, "decoding": {"temperature": 0.2, "top_p": null, "top_k": null, "max_tokens": 256, "seed": 42}, "prompt_tokens": 89, "completion_tokens": 3, "total_tokens": 92, "token_count_source": "tokenizer", "diffusion_steps": null, "flops_estimate": null, "flops_arch": null, "flops_model_params": null, "flops_active_params": null, "tokens_non_final": 1, "tokens_reasoning": 0, "tokens_response": 1, "elapsed_seconds": 0.09538936614990234, "judgement": "Way off"}
{"id": "travel_time_000748", "topic": "travel_time", "subtopic": "drive_time", "prompt": "You need to travel about 45 miles at around 55 mph. About how many hours will it take?", "exact_value": 0.8200000000000001, "model": "qwen/qwen2.5-3b-instruct", "provider": "transformers", "response": "2", "numeric_answer": 2.0, "relative_error": 1.4390243902439022, "thinking_text": null, "has_tool_call": false, "tool_call": null, "usage": {"prompt_tokens": 89, "completion_tokens": 2, "total_tokens": 91, "token_count_source": "tokenizer"}, "decoding": {"temperature": 0.2, "top_p": null, "top_k": null, "max_tokens": 256, "seed": 42}, "prompt_tokens": 89, "completion_tokens": 2, "total_tokens": 91, "token_count_source": "tokenizer", "diffusion_steps": null, "flops_estimate": null, "flops_arch": null, "flops_model_params": null, "flops_active_params": null, "tokens_non_final": 1, "tokens_reasoning": 0, "tokens_response": 1, "elapsed_seconds": 0.06958961486816406, "judgement": "Way off"}
{"id": "travel_time_000768", "topic": "travel_time", "subtopic": "drive_time", "prompt": "You need to travel about 174 miles at around 55 mph. About how many hours will it take?", "exact_value": 3.1563636363636363, "model": "qwen/qwen2.5-3b-instruct", "provider": "transformers", "response": "6", "numeric_answer": 6.0, "relative_error": 0.9009216589861752, "thinking_text": null, "has_tool_call": false, "tool_call": null, "usage": {"prompt_tokens": 90, "completion_tokens": 2, "total_tokens": 92, "token_count_source": "tokenizer"}, "decoding": {"temperature": 0.2, "top_p": null, "top_k": null, "max_tokens": 256, "seed": 42}, "prompt_tokens": 90, "completion_tokens": 2, "total_tokens": 92, "token_count_source": "tokenizer", "diffusion_steps": null, "flops_estimate": null, "flops_arch": null, "flops_model_params": null, "flops_active_params": null, "tokens_non_final": 1, "tokens_reasoning": 0, "tokens_response": 1, "elapsed_seconds": 0.0634300708770752, "judgement": "Way off"}
{"id": "travel_time_000788", "topic": "travel_time", "subtopic": "drive_time", "prompt": "You need to travel about 88 miles at around 65 mph. About how many hours will it take?", "exact_value": 1.3507692307692307, "model": "qwen/qwen2.5-3b-instruct", "provider": "transformers", "response": "2.4", "numeric_answer": 2.4, "relative_error": 0.7767653758542141, "thinking_text": null, "has_tool_call": false, "tool_call": null, "usage": {"prompt_tokens": 89, "completion_tokens": 4, "total_tokens": 93, "token_count_source": "tokenizer"}, "decoding": {"temperature": 0.2, "top_p": null, "top_k": null, "max_tokens": 256, "seed": 42}, "prompt_tokens": 89, "completion_tokens": 4, "total_tokens": 93, "token_count_source": "tokenizer", "diffusion_steps": null, "flops_estimate": null, "flops_arch": null, "flops_model_params": null, "flops_active_params": null, "tokens_non_final": 1, "tokens_reasoning": 0, "tokens_response": 1, "elapsed_seconds": 0.13473129272460938, "judgement": "Way off"}
{"id": "travel_time_000808", "topic": "travel_time", "subtopic": "drive_time", "prompt": "You need to travel about 224 miles at around 35 mph. About how many hours will it take?", "exact_value": 6.402857142857143, "model": "qwen/qwen2.5-3b-instruct", "provider": "transformers", "response": "1.5", "numeric_answer": 1.5, "relative_error": 0.7657295850066934, "thinking_text": null, "has_tool_call": false, "tool_call": null, "usage": {"prompt_tokens": 90, "completion_tokens": 4, "total_tokens": 94, "token_count_source": "tokenizer"}, "decoding": {"temperature": 0.2, "top_p": null, "top_k": null, "max_tokens": 256, "seed": 42}, "prompt_tokens": 90, "completion_tokens": 4, "total_tokens": 94, "token_count_source": "tokenizer", "diffusion_steps": null, "flops_estimate": null, "flops_arch": null, "flops_model_params": null, "flops_active_params": null, "tokens_non_final": 1, "tokens_reasoning": 0, "tokens_response": 1, "elapsed_seconds": 0.13389873504638672, "judgement": "Way off"}
{"id": "travel_time_000828", "topic": "travel_time", "subtopic": "drive_time", "prompt": "You need to travel about 153 miles at around 45 mph. About how many hours will it take?", "exact_value": 3.391111111111111, "model": "qwen/qwen2.5-3b-instruct", "provider": "transformers", "response": "6", "numeric_answer": 6.0, "relative_error": 0.7693315858453474, "thinking_text": null, "has_tool_call": false, "tool_call": null, "usage": {"prompt_tokens": 90, "completion_tokens": 2, "total_tokens": 92, "token_count_source": "tokenizer"}, "decoding": {"temperature": 0.2, "top_p": null, "top_k": null, "max_tokens": 256, "seed": 42}, "prompt_tokens": 90, "completion_tokens": 2, "total_tokens": 92, "token_count_source": "tokenizer", "diffusion_steps": null, "flops_estimate": null, "flops_arch": null, "flops_model_params": null, "flops_active_params": null, "tokens_non_final": 1, "tokens_reasoning": 0, "tokens_response": 1, "elapsed_seconds": 0.10848450660705566, "judgement": "Way off"}
{"id": "travel_time_000848", "topic": "travel_time", "subtopic": "drive_time", "prompt": "You need to travel about 192 miles at around 25 mph. About how many hours will it take?", "exact_value": 7.7, "model": "qwen/qwen2.5-3b-instruct", "provider": "transformers", "response": "3", "numeric_answer": 3.0, "relative_error": 0.6103896103896104, "thinking_text": null, "has_tool_call": false, "tool_call": null, "usage": {"prompt_tokens": 90, "completion_tokens": 2, "total_tokens": 92, "token_count_source": "tokenizer"}, "decoding": {"temperature": 0.2, "top_p": null, "top_k": null, "max_tokens": 256, "seed": 42}, "prompt_tokens": 90, "completion_tokens": 2, "total_tokens": 92, "token_count_source": "tokenizer", "diffusion_steps": null, "flops_estimate": null, "flops_arch": null, "flops_model_params": null, "flops_active_params": null, "tokens_non_final": 1, "tokens_reasoning": 0, "tokens_response": 1, "elapsed_seconds": 0.07029223442077637, "judgement": "Way off"}
{"id": "travel_time_000868", "topic": "travel_time", "subtopic": "drive_time", "prompt": "You need to travel about 145 miles at around 25 mph. About how many hours will it take?", "exact_value": 5.792000000000001, "model": "qwen/qwen2.5-3b-instruct", "provider": "transformers", "response": "9", "numeric_answer": 9.0, "relative_error": 0.5538674033149169, "thinking_text": null, "has_tool_call": false, "tool_call": null, "usage": {"prompt_tokens": 90, "completion_tokens": 2, "total_tokens": 92, "token_count_source": "tokenizer"}, "decoding": {"temperature": 0.2, "top_p": null, "top_k": null, "max_tokens": 256, "seed": 42}, "prompt_tokens": 90, "completion_tokens": 2, "total_tokens": 92, "token_count_source": "tokenizer", "diffusion_steps": null, "flops_estimate": null, "flops_arch": null, "flops_model_params": null, "flops_active_params": null, "tokens_non_final": 1, "tokens_reasoning": 0, "tokens_response": 1, "elapsed_seconds": 0.0645914077758789, "judgement": "Mildly off"}
{"id": "travel_time_000888", "topic": "travel_time", "subtopic": "drive_time", "prompt": "You need to travel about 231 miles at around 45 mph. About how many hours will it take?", "exact_value": 5.1288888888888895, "model": "qwen/qwen2.5-3b-instruct", "provider": "transformers", "response": "2.5", "numeric_answer": 2.5, "relative_error": 0.5125649913344887, "thinking_text": null, "has_tool_call": false, "tool_call": null, "usage": {"prompt_tokens": 90, "completion_tokens": 4, "total_tokens": 94, "token_count_source": "tokenizer"}, "decoding": {"temperature": 0.2, "top_p": null, "top_k": null, "max_tokens": 256, "seed": 42}, "prompt_tokens": 90, "completion_tokens": 4, "total_tokens": 94, "token_count_source": "tokenizer", "diffusion_steps": null, "flops_estimate": null, "flops_arch": null, "flops_model_params": null, "flops_active_params": null, "tokens_non_final": 1, "tokens_reasoning": 0, "tokens_response": 1, "elapsed_seconds": 0.1416151523590088, "judgement": "Mildly off"}
{"id": "travel_time_000908", "topic": "travel_time", "subtopic": "drive_time", "prompt": "You need to travel about 116 miles at around 55 mph. About how many hours will it take?", "exact_value": 2.1163636363636367, "model": "qwen/qwen2.5-3b-instruct", "provider": "transformers", "response": "2", "numeric_answer": 2.0, "relative_error": 0.054982817869415945, "thinking_text": null, "has_tool_call": false, "tool_call": null, "usage": {"prompt_tokens": 90, "completion_tokens": 2, "total_tokens": 92, "token_count_source": "tokenizer"}, "decoding": {"temperature": 0.2, "top_p": null, "top_k": null, "max_tokens": 256, "seed": 42}, "prompt_tokens": 90, "completion_tokens": 2, "total_tokens": 92, "token_count_source": "tokenizer", "diffusion_steps": null, "flops_estimate": null, "flops_arch": null, "flops_model_params": null, "flops_active_params": null, "tokens_non_final": 1, "tokens_reasoning": 0, "tokens_response": 1, "elapsed_seconds": 0.06676077842712402, "judgement": "Good approximation"}
{"id": "travel_time_000928", "topic": "travel_time", "subtopic": "drive_time", "prompt": "You need to travel about 63 miles at around 55 mph. About how many hours will it take?", "exact_value": 1.1454545454545455, "model": "qwen/qwen2.5-3b-instruct", "provider": "transformers", "response": "14", "numeric_answer": 14.0, "relative_error": 11.222222222222223, "thinking_text": null, "has_tool_call": false, "tool_call": null, "usage": {"prompt_tokens": 89, "completion_tokens": 3, "total_tokens": 92, "token_count_source": "tokenizer"}, "decoding": {"temperature": 0.2, "top_p": null, "top_k": null, "max_tokens": 256, "seed": 42}, "prompt_tokens": 89, "completion_tokens": 3, "total_tokens": 92, "token_count_source": "tokenizer", "diffusion_steps": null, "flops_estimate": null, "flops_arch": null, "flops_model_params": null, "flops_active_params": null, "tokens_non_final": 1, "tokens_reasoning": 0, "tokens_response": 1, "elapsed_seconds": 0.10087132453918457, "judgement": "Way off"}
{"id": "travel_time_000948", "topic": "travel_time", "subtopic": "drive_time", "prompt": "You need to travel about 186 miles at around 65 mph. About how many hours will it take?", "exact_value": 2.8584615384615386, "model": "qwen/qwen2.5-3b-instruct", "provider": "transformers", "response": "2.4", "numeric_answer": 2.4, "relative_error": 0.1603875134553284, "thinking_text": null, "has_tool_call": false, "tool_call": null, "usage": {"prompt_tokens": 90, "completion_tokens": 4, "total_tokens": 94, "token_count_source": "tokenizer"}, "decoding": {"temperature": 0.2, "top_p": null, "top_k": null, "max_tokens": 256, "seed": 42}, "prompt_tokens": 90, "completion_tokens": 4, "total_tokens": 94, "token_count_source": "tokenizer", "diffusion_steps": null, "flops_estimate": null, "flops_arch": null, "flops_model_params": null, "flops_active_params": null, "tokens_non_final": 1, "tokens_reasoning": 0, "tokens_response": 1, "elapsed_seconds": 0.13318562507629395, "judgement": "Good approximation"}
{"id": "travel_time_000968", "topic": "travel_time", "subtopic": "drive_time", "prompt": "You need to travel about 108 miles at around 55 mph. About how many hours will it take?", "exact_value": 1.9672727272727273, "model": "qwen/qwen2.5-3b-instruct", "provider": "transformers", "response": "6", "numeric_answer": 6.0, "relative_error": 2.049907578558226, "thinking_text": null, "has_tool_call": false, "tool_call": null, "usage": {"prompt_tokens": 90, "completion_tokens": 2, "total_tokens": 92, "token_count_source": "tokenizer"}, "decoding": {"temperature": 0.2, "top_p": null, "top_k": null, "max_tokens": 256, "seed": 42}, "prompt_tokens": 90, "completion_tokens": 2, "total_tokens": 92, "token_count_source": "tokenizer", "diffusion_steps": null, "flops_estimate": null, "flops_arch": null, "flops_model_params": null, "flops_active_params": null, "tokens_non_final": 1, "tokens_reasoning": 0, "tokens_response": 1, "elapsed_seconds": 0.10171365737915039, "judgement": "Way off"}
{"id": "travel_time_000988", "topic": "travel_time", "subtopic": "drive_time", "prompt": "You need to travel about 156 miles at around 55 mph. About how many hours will it take?", "exact_value": 2.838181818181818, "model": "qwen/qwen2.5-3b-instruct", "provider": "transformers", "response": "3", "numeric_answer": 3.0, "relative_error": 0.05701473414477909, "thinking_text": null, "has_tool_call": false, "tool_call": null, "usage": {"prompt_tokens": 90, "completion_tokens": 2, "total_tokens": 92, "token_count_source": "tokenizer"}, "decoding": {"temperature": 0.2, "top_p": null, "top_k": null, "max_tokens": 256, "seed": 42}, "prompt_tokens": 90, "completion_tokens": 2, "total_tokens": 92, "token_count_source": "tokenizer", "diffusion_steps": null, "flops_estimate": null, "flops_arch": null, "flops_model_params": null, "flops_active_params": null, "tokens_non_final": 1, "tokens_reasoning": 0, "tokens_response": 1, "elapsed_seconds": 0.0765676498413086, "judgement": "Good approximation"}
{"id": "travel_time_001008", "topic": "travel_time", "subtopic": "drive_time", "prompt": "You need to travel about 74 miles at around 25 mph. About how many hours will it take?", "exact_value": 2.948, "model": "qwen/qwen2.5-3b-instruct", "provider": "transformers", "response": "6", "numeric_answer": 6.0, "relative_error": 1.0352781546811398, "thinking_text": null, "has_tool_call": false, "tool_call": null, "usage": {"prompt_tokens": 89, "completion_tokens": 2, "total_tokens": 91, "token_count_source": "tokenizer"}, "decoding": {"temperature": 0.2, "top_p": null, "top_k": null, "max_tokens": 256, "seed": 42}, "prompt_tokens": 89, "completion_tokens": 2, "total_tokens": 91, "token_count_source": "tokenizer", "diffusion_steps": null, "flops_estimate": null, "flops_arch": null, "flops_model_params": null, "flops_active_params": null, "tokens_non_final": 1, "tokens_reasoning": 0, "tokens_response": 1, "elapsed_seconds": 0.07725358009338379, "judgement": "Way off"}
{"id": "travel_time_001028", "topic": "travel_time", "subtopic": "drive_time", "prompt": "You need to travel about 51 miles at around 55 mph. About how many hours will it take?", "exact_value": 0.9309090909090909, "model": "qwen/qwen2.5-3b-instruct", "provider": "transformers", "response": "6", "numeric_answer": 6.0, "relative_error": 5.4453125, "thinking_text": null, "has_tool_call": false, "tool_call": null, "usage": {"prompt_tokens": 89, "completion_tokens": 2, "total_tokens": 91, "token_count_source": "tokenizer"}, "decoding": {"temperature": 0.2, "top_p": null, "top_k": null, "max_tokens": 256, "seed": 42}, "prompt_tokens": 89, "completion_tokens": 2, "total_tokens": 91, "token_count_source": "tokenizer", "diffusion_steps": null, "flops_estimate": null, "flops_arch": null, "flops_model_params": null, "flops_active_params": null, "tokens_non_final": 1, "tokens_reasoning": 0, "tokens_response": 1, "elapsed_seconds": 0.07625198364257812, "judgement": "Way off"}
{"id": "travel_time_001048", "topic": "travel_time", "subtopic": "drive_time", "prompt": "You need to travel about 216 miles at around 35 mph. About how many hours will it take?", "exact_value": 6.180000000000001, "model": "qwen/qwen2.5-3b-instruct", "provider": "transformers", "response": "4", "numeric_answer": 4.0, "relative_error": 0.35275080906148876, "thinking_text": null, "has_tool_call": false, "tool_call": null, "usage": {"prompt_tokens": 90, "completion_tokens": 2, "total_tokens": 92, "token_count_source": "tokenizer"}, "decoding": {"temperature": 0.2, "top_p": null, "top_k": null, "max_tokens": 256, "seed": 42}, "prompt_tokens": 90, "completion_tokens": 2, "total_tokens": 92, "token_count_source": "tokenizer", "diffusion_steps": null, "flops_estimate": null, "flops_arch": null, "flops_model_params": null, "flops_active_params": null, "tokens_non_final": 1, "tokens_reasoning": 0, "tokens_response": 1, "elapsed_seconds": 0.070281982421875, "judgement": "Mildly off"}
{"id": "travel_time_001068", "topic": "travel_time", "subtopic": "drive_time", "prompt": "You need to travel about 183 miles at around 25 mph. About how many hours will it take?", "exact_value": 7.308, "model": "qwen/qwen2.5-3b-instruct", "provider": "transformers", "response": "6", "numeric_answer": 6.0, "relative_error": 0.17898193760262723, "thinking_text": null, "has_tool_call": false, "tool_call": null, "usage": {"prompt_tokens": 90, "completion_tokens": 2, "total_tokens": 92, "token_count_source": "tokenizer"}, "decoding": {"temperature": 0.2, "top_p": null, "top_k": null, "max_tokens": 256, "seed": 42}, "prompt_tokens": 90, "completion_tokens": 2, "total_tokens": 92, "token_count_source": "tokenizer", "diffusion_steps": null, "flops_estimate": null, "flops_arch": null, "flops_model_params": null, "flops_active_params": null, "tokens_non_final": 1, "tokens_reasoning": 0, "tokens_response": 1, "elapsed_seconds": 0.06711316108703613, "judgement": "Good approximation"}
{"id": "physics_estimate_000112", "topic": "physics_estimate", "subtopic": "fill_rate", "prompt": "A faucet fills 40 liters at about 6 liters per minute. About how many minutes does it take?", "exact_value": 6.666666666666667, "model": "qwen/qwen2.5-3b-instruct", "provider": "transformers", "response": "4", "numeric_answer": 4.0, "relative_error": 0.4, "thinking_text": null, "has_tool_call": false, "tool_call": null, "usage": {"prompt_tokens": 88, "completion_tokens": 2, "total_tokens": 90, "token_count_source": "tokenizer"}, "decoding": {"temperature": 0.2, "top_p": null, "top_k": null, "max_tokens": 256, "seed": 42}, "prompt_tokens": 88, "completion_tokens": 2, "total_tokens": 90, "token_count_source": "tokenizer", "diffusion_steps": null, "flops_estimate": null, "flops_arch": null, "flops_model_params": null, "flops_active_params": null, "tokens_non_final": 1, "tokens_reasoning": 0, "tokens_response": 1, "elapsed_seconds": 0.09562993049621582, "judgement": "Mildly off"}
{"id": "physics_estimate_000132", "topic": "physics_estimate", "subtopic": "fill_rate", "prompt": "A faucet fills 10 liters at about 6 liters per minute. About how many minutes does it take?", "exact_value": 1.6666666666666667, "model": "qwen/qwen2.5-3b-instruct", "provider": "transformers", "response": "6", "numeric_answer": 6.0, "relative_error": 2.5999999999999996, "thinking_text": null, "has_tool_call": false, "tool_call": null, "usage": {"prompt_tokens": 88, "completion_tokens": 2, "total_tokens": 90, "token_count_source": "tokenizer"}, "decoding": {"temperature": 0.2, "top_p": null, "top_k": null, "max_tokens": 256, "seed": 42}, "prompt_tokens": 88, "completion_tokens": 2, "total_tokens": 90, "token_count_source": "tokenizer", "diffusion_steps": null, "flops_estimate": null, "flops_arch": null, "flops_model_params": null, "flops_active_params": null, "tokens_non_final": 1, "tokens_reasoning": 0, "tokens_response": 1, "elapsed_seconds": 0.06649231910705566, "judgement": "Way off"}
{"id": "physics_estimate_000152", "topic": "physics_estimate", "subtopic": "fill_rate", "prompt": "A faucet fills 10 liters at about 7 liters per minute. About how many minutes does it take?", "exact_value": 1.4285714285714286, "model": "qwen/qwen2.5-3b-instruct", "provider": "transformers", "response": "2", "numeric_answer": 2.0, "relative_error": 0.39999999999999997, "thinking_text": null, "has_tool_call": false, "tool_call": null, "usage": {"prompt_tokens": 88, "completion_tokens": 2, "total_tokens": 90, "token_count_source": "tokenizer"}, "decoding": {"temperature": 0.2, "top_p": null, "top_k": null, "max_tokens": 256, "seed": 42}, "prompt_tokens": 88, "completion_tokens": 2, "total_tokens": 90, "token_count_source": "tokenizer", "diffusion_steps": null, "flops_estimate": null, "flops_arch": null, "flops_model_params": null, "flops_active_params": null, "tokens_non_final": 1, "tokens_reasoning": 0, "tokens_response": 1, "elapsed_seconds": 0.06758761405944824, "judgement": "Mildly off"}
{"id": "physics_estimate_000172", "topic": "physics_estimate", "subtopic": "fill_rate", "prompt": "A faucet fills 15 liters at about 6 liters per minute. About how many minutes does it take?", "exact_value": 2.5, "model": "qwen/qwen2.5-3b-instruct", "provider": "transformers", "response": "6", "numeric_answer": 6.0, "relative_error": 1.4, "thinking_text": null, "has_tool_call": false, "tool_call": null, "usage": {"prompt_tokens": 88, "completion_tokens": 2, "total_tokens": 90, "token_count_source": "tokenizer"}, "decoding": {"temperature": 0.2, "top_p": null, "top_k": null, "max_tokens": 256, "seed": 42}, "prompt_tokens": 88, "completion_tokens": 2, "total_tokens": 90, "token_count_source": "tokenizer", "diffusion_steps": null, "flops_estimate": null, "flops_arch": null, "flops_model_params": null, "flops_active_params": null, "tokens_non_final": 1, "tokens_reasoning": 0, "tokens_response": 1, "elapsed_seconds": 0.0668954849243164, "judgement": "Way off"}
{"id": "physics_estimate_000192", "topic": "physics_estimate", "subtopic": "fill_rate", "prompt": "A faucet fills 15 liters at about 8 liters per minute. About how many minutes does it take?", "exact_value": 1.875, "model": "qwen/qwen2.5-3b-instruct", "provider": "transformers", "response": "1.5", "numeric_answer": 1.5, "relative_error": 0.2, "thinking_text": null, "has_tool_call": false, "tool_call": null, "usage": {"prompt_tokens": 88, "completion_tokens": 4, "total_tokens": 92, "token_count_source": "tokenizer"}, "decoding": {"temperature": 0.2, "top_p": null, "top_k": null, "max_tokens": 256, "seed": 42}, "prompt_tokens": 88, "completion_tokens": 4, "total_tokens": 92, "token_count_source": "tokenizer", "diffusion_steps": null, "flops_estimate": null, "flops_arch": null, "flops_model_params": null, "flops_active_params": null, "tokens_non_final": 1, "tokens_reasoning": 0, "tokens_response": 1, "elapsed_seconds": 0.13479065895080566, "judgement": "Good approximation"}
{"id": "physics_estimate_000212", "topic": "physics_estimate", "subtopic": "fill_rate", "prompt": "A faucet fills 50 liters at about 6 liters per minute. About how many minutes does it take?", "exact_value": 8.333333333333334, "model": "qwen/qwen2.5-3b-instruct", "provider": "transformers", "response": "6", "numeric_answer": 6.0, "relative_error": 0.28, "thinking_text": null, "has_tool_call": false, "tool_call": null, "usage": {"prompt_tokens": 88, "completion_tokens": 2, "total_tokens": 90, "token_count_source": "tokenizer"}, "decoding": {"temperature": 0.2, "top_p": null, "top_k": null, "max_tokens": 256, "seed": 42}, "prompt_tokens": 88, "completion_tokens": 2, "total_tokens": 90, "token_count_source": "tokenizer", "diffusion_steps": null, "flops_estimate": null, "flops_arch": null, "flops_model_params": null, "flops_active_params": null, "tokens_non_final": 1, "tokens_reasoning": 0, "tokens_response": 1, "elapsed_seconds": 0.06844329833984375, "judgement": "Mildly off"}
{"id": "physics_estimate_000232", "topic": "physics_estimate", "subtopic": "fill_rate", "prompt": "A faucet fills 20 liters at about 4 liters per minute. About how many minutes does it take?", "exact_value": 5.0, "model": "qwen/qwen2.5-3b-instruct", "provider": "transformers", "response": "2", "numeric_answer": 2.0, "relative_error": 0.6, "thinking_text": null, "has_tool_call": false, "tool_call": null, "usage": {"prompt_tokens": 88, "completion_tokens": 2, "total_tokens": 90, "token_count_source": "tokenizer"}, "decoding": {"temperature": 0.2, "top_p": null, "top_k": null, "max_tokens": 256, "seed": 42}, "prompt_tokens": 88, "completion_tokens": 2, "total_tokens": 90, "token_count_source": "tokenizer", "diffusion_steps": null, "flops_estimate": null, "flops_arch": null, "flops_model_params": null, "flops_active_params": null, "tokens_non_final": 1, "tokens_reasoning": 0, "tokens_response": 1, "elapsed_seconds": 0.06777071952819824, "judgement": "Mildly off"}
{"id": "physics_estimate_000252", "topic": "physics_estimate", "subtopic": "fill_rate", "prompt": "A faucet fills 30 liters at about 5 liters per minute. About how many minutes does it take?", "exact_value": 6.0, "model": "qwen/qwen2.5-3b-instruct", "provider": "transformers", "response": "3", "numeric_answer": 3.0, "relative_error": 0.5, "thinking_text": null, "has_tool_call": false, "tool_call": null, "usage": {"prompt_tokens": 88, "completion_tokens": 2, "total_tokens": 90, "token_count_source": "tokenizer"}, "decoding": {"temperature": 0.2, "top_p": null, "top_k": null, "max_tokens": 256, "seed": 42}, "prompt_tokens": 88, "completion_tokens": 2, "total_tokens": 90, "token_count_source": "tokenizer", "diffusion_steps": null, "flops_estimate": null, "flops_arch": null, "flops_model_params": null, "flops_active_params": null, "tokens_non_final": 1, "tokens_reasoning": 0, "tokens_response": 1, "elapsed_seconds": 0.06943082809448242, "judgement": "Mildly off"}
{"id": "physics_estimate_000272", "topic": "physics_estimate", "subtopic": "fill_rate", "prompt": "A faucet fills 50 liters at about 6 liters per minute. About how many minutes does it take?", "exact_value": 8.333333333333334, "model": "qwen/qwen2.5-3b-instruct", "provider": "transformers", "response": "6", "numeric_answer": 6.0, "relative_error": 0.28, "thinking_text": null, "has_tool_call": false, "tool_call": null, "usage": {"prompt_tokens": 88, "completion_tokens": 2, "total_tokens": 90, "token_count_source": "tokenizer"}, "decoding": {"temperature": 0.2, "top_p": null, "top_k": null, "max_tokens": 256, "seed": 42}, "prompt_tokens": 88, "completion_tokens": 2, "total_tokens": 90, "token_count_source": "tokenizer", "diffusion_steps": null, "flops_estimate": null, "flops_arch": null, "flops_model_params": null, "flops_active_params": null, "tokens_non_final": 1, "tokens_reasoning": 0, "tokens_response": 1, "elapsed_seconds": 0.06760025024414062, "judgement": "Mildly off"}
{"id": "physics_estimate_000292", "topic": "physics_estimate", "subtopic": "fill_rate", "prompt": "A faucet fills 20 liters at about 4 liters per minute. About how many minutes does it take?", "exact_value": 5.0, "model": "qwen/qwen2.5-3b-instruct", "provider": "transformers", "response": "2", "numeric_answer": 2.0, "relative_error": 0.6, "thinking_text": null, "has_tool_call": false, "tool_call": null, "usage": {"prompt_tokens": 88, "completion_tokens": 2, "total_tokens": 90, "token_count_source": "tokenizer"}, "decoding": {"temperature": 0.2, "top_p": null, "top_k": null, "max_tokens": 256, "seed": 42}, "prompt_tokens": 88, "completion_tokens": 2, "total_tokens": 90, "token_count_source": "tokenizer", "diffusion_steps": null, "flops_estimate": null, "flops_arch": null, "flops_model_params": null, "flops_active_params": null, "tokens_non_final": 1, "tokens_reasoning": 0, "tokens_response": 1, "elapsed_seconds": 0.09309959411621094, "judgement": "Mildly off"}
{"id": "physics_estimate_000312", "topic": "physics_estimate", "subtopic": "fill_rate", "prompt": "A faucet fills 15 liters at about 4 liters per minute. About how many minutes does it take?", "exact_value": 3.75, "model": "qwen/qwen2.5-3b-instruct", "provider": "transformers", "response": "2", "numeric_answer": 2.0, "relative_error": 0.4666666666666667, "thinking_text": null, "has_tool_call": false, "tool_call": null, "usage": {"prompt_tokens": 88, "completion_tokens": 2, "total_tokens": 90, "token_count_source": "tokenizer"}, "decoding": {"temperature": 0.2, "top_p": null, "top_k": null, "max_tokens": 256, "seed": 42}, "prompt_tokens": 88, "completion_tokens": 2, "total_tokens": 90, "token_count_source": "tokenizer", "diffusion_steps": null, "flops_estimate": null, "flops_arch": null, "flops_model_params": null, "flops_active_params": null, "tokens_non_final": 1, "tokens_reasoning": 0, "tokens_response": 1, "elapsed_seconds": 0.07702517509460449, "judgement": "Mildly off"}
{"id": "physics_estimate_000332", "topic": "physics_estimate", "subtopic": "fill_rate", "prompt": "A faucet fills 15 liters at about 5 liters per minute. About how many minutes does it take?", "exact_value": 3.0, "model": "qwen/qwen2.5-3b-instruct", "provider": "transformers", "response": "2", "numeric_answer": 2.0, "relative_error": 0.3333333333333333, "thinking_text": null, "has_tool_call": false, "tool_call": null, "usage": {"prompt_tokens": 88, "completion_tokens": 2, "total_tokens": 90, "token_count_source": "tokenizer"}, "decoding": {"temperature": 0.2, "top_p": null, "top_k": null, "max_tokens": 256, "seed": 42}, "prompt_tokens": 88, "completion_tokens": 2, "total_tokens": 90, "token_count_source": "tokenizer", "diffusion_steps": null, "flops_estimate": null, "flops_arch": null, "flops_model_params": null, "flops_active_params": null, "tokens_non_final": 1, "tokens_reasoning": 0, "tokens_response": 1, "elapsed_seconds": 0.06819796562194824, "judgement": "Mildly off"}
{"id": "physics_estimate_000352", "topic": "physics_estimate", "subtopic": "fill_rate", "prompt": "A faucet fills 15 liters at about 6 liters per minute. About how many minutes does it take?", "exact_value": 2.5, "model": "qwen/qwen2.5-3b-instruct", "provider": "transformers", "response": "6", "numeric_answer": 6.0, "relative_error": 1.4, "thinking_text": null, "has_tool_call": false, "tool_call": null, "usage": {"prompt_tokens": 88, "completion_tokens": 2, "total_tokens": 90, "token_count_source": "tokenizer"}, "decoding": {"temperature": 0.2, "top_p": null, "top_k": null, "max_tokens": 256, "seed": 42}, "prompt_tokens": 88, "completion_tokens": 2, "total_tokens": 90, "token_count_source": "tokenizer", "diffusion_steps": null, "flops_estimate": null, "flops_arch": null, "flops_model_params": null, "flops_active_params": null, "tokens_non_final": 1, "tokens_reasoning": 0, "tokens_response": 1, "elapsed_seconds": 0.0676882266998291, "judgement": "Way off"}
{"id": "physics_estimate_000372", "topic": "physics_estimate", "subtopic": "fill_rate", "prompt": "A faucet fills 50 liters at about 6 liters per minute. About how many minutes does it take?", "exact_value": 8.333333333333334, "model": "qwen/qwen2.5-3b-instruct", "provider": "transformers", "response": "6", "numeric_answer": 6.0, "relative_error": 0.28, "thinking_text": null, "has_tool_call": false, "tool_call": null, "usage": {"prompt_tokens": 88, "completion_tokens": 2, "total_tokens": 90, "token_count_source": "tokenizer"}, "decoding": {"temperature": 0.2, "top_p": null, "top_k": null, "max_tokens": 256, "seed": 42}, "prompt_tokens": 88, "completion_tokens": 2, "total_tokens": 90, "token_count_source": "tokenizer", "diffusion_steps": null, "flops_estimate": null, "flops_arch": null, "flops_model_params": null, "flops_active_params": null, "tokens_non_final": 1, "tokens_reasoning": 0, "tokens_response": 1, "elapsed_seconds": 0.06770944595336914, "judgement": "Mildly off"}
{"id": "physics_estimate_000392", "topic": "physics_estimate", "subtopic": "fill_rate", "prompt": "A faucet fills 40 liters at about 7 liters per minute. About how many minutes does it take?", "exact_value": 5.714285714285714, "model": "qwen/qwen2.5-3b-instruct", "provider": "transformers", "response": "4", "numeric_answer": 4.0, "relative_error": 0.3, "thinking_text": null, "has_tool_call": false, "tool_call": null, "usage": {"prompt_tokens": 88, "completion_tokens": 2, "total_tokens": 90, "token_count_source": "tokenizer"}, "decoding": {"temperature": 0.2, "top_p": null, "top_k": null, "max_tokens": 256, "seed": 42}, "prompt_tokens": 88, "completion_tokens": 2, "total_tokens": 90, "token_count_source": "tokenizer", "diffusion_steps": null, "flops_estimate": null, "flops_arch": null, "flops_model_params": null, "flops_active_params": null, "tokens_non_final": 1, "tokens_reasoning": 0, "tokens_response": 1, "elapsed_seconds": 0.0704042911529541, "judgement": "Mildly off"}
{"id": "physics_estimate_000412", "topic": "physics_estimate", "subtopic": "fill_rate", "prompt": "A faucet fills 10 liters at about 7 liters per minute. About how many minutes does it take?", "exact_value": 1.4285714285714286, "model": "qwen/qwen2.5-3b-instruct", "provider": "transformers", "response": "2", "numeric_answer": 2.0, "relative_error": 0.39999999999999997, "thinking_text": null, "has_tool_call": false, "tool_call": null, "usage": {"prompt_tokens": 88, "completion_tokens": 2, "total_tokens": 90, "token_count_source": "tokenizer"}, "decoding": {"temperature": 0.2, "top_p": null, "top_k": null, "max_tokens": 256, "seed": 42}, "prompt_tokens": 88, "completion_tokens": 2, "total_tokens": 90, "token_count_source": "tokenizer", "diffusion_steps": null, "flops_estimate": null, "flops_arch": null, "flops_model_params": null, "flops_active_params": null, "tokens_non_final": 1, "tokens_reasoning": 0, "tokens_response": 1, "elapsed_seconds": 0.0684669017791748, "judgement": "Mildly off"}
{"id": "physics_estimate_000432", "topic": "physics_estimate", "subtopic": "fill_rate", "prompt": "A faucet fills 30 liters at about 6 liters per minute. About how many minutes does it take?", "exact_value": 5.0, "model": "qwen/qwen2.5-3b-instruct", "provider": "transformers", "response": "6", "numeric_answer": 6.0, "relative_error": 0.2, "thinking_text": null, "has_tool_call": false, "tool_call": null, "usage": {"prompt_tokens": 88, "completion_tokens": 2, "total_tokens": 90, "token_count_source": "tokenizer"}, "decoding": {"temperature": 0.2, "top_p": null, "top_k": null, "max_tokens": 256, "seed": 42}, "prompt_tokens": 88, "completion_tokens": 2, "total_tokens": 90, "token_count_source": "tokenizer", "diffusion_steps": null, "flops_estimate": null, "flops_arch": null, "flops_model_params": null, "flops_active_params": null, "tokens_non_final": 1, "tokens_reasoning": 0, "tokens_response": 1, "elapsed_seconds": 0.0938723087310791, "judgement": "Good approximation"}
{"id": "physics_estimate_000452", "topic": "physics_estimate", "subtopic": "fill_rate", "prompt": "A faucet fills 10 liters at about 5 liters per minute. About how many minutes does it take?", "exact_value": 2.0, "model": "qwen/qwen2.5-3b-instruct", "provider": "transformers", "response": "5", "numeric_answer": 5.0, "relative_error": 1.5, "thinking_text": null, "has_tool_call": false, "tool_call": null, "usage": {"prompt_tokens": 88, "completion_tokens": 2, "total_tokens": 90, "token_count_source": "tokenizer"}, "decoding": {"temperature": 0.2, "top_p": null, "top_k": null, "max_tokens": 256, "seed": 42}, "prompt_tokens": 88, "completion_tokens": 2, "total_tokens": 90, "token_count_source": "tokenizer", "diffusion_steps": null, "flops_estimate": null, "flops_arch": null, "flops_model_params": null, "flops_active_params": null, "tokens_non_final": 1, "tokens_reasoning": 0, "tokens_response": 1, "elapsed_seconds": 0.06647419929504395, "judgement": "Way off"}
{"id": "physics_estimate_000472", "topic": "physics_estimate", "subtopic": "fill_rate", "prompt": "A faucet fills 30 liters at about 6 liters per minute. About how many minutes does it take?", "exact_value": 5.0, "model": "qwen/qwen2.5-3b-instruct", "provider": "transformers", "response": "6", "numeric_answer": 6.0, "relative_error": 0.2, "thinking_text": null, "has_tool_call": false, "tool_call": null, "usage": {"prompt_tokens": 88, "completion_tokens": 2, "total_tokens": 90, "token_count_source": "tokenizer"}, "decoding": {"temperature": 0.2, "top_p": null, "top_k": null, "max_tokens": 256, "seed": 42}, "prompt_tokens": 88, "completion_tokens": 2, "total_tokens": 90, "token_count_source": "tokenizer", "diffusion_steps": null, "flops_estimate": null, "flops_arch": null, "flops_model_params": null, "flops_active_params": null, "tokens_non_final": 1, "tokens_reasoning": 0, "tokens_response": 1, "elapsed_seconds": 0.07863640785217285, "judgement": "Good approximation"}
{"id": "physics_estimate_000492", "topic": "physics_estimate", "subtopic": "fill_rate", "prompt": "A faucet fills 30 liters at about 7 liters per minute. About how many minutes does it take?", "exact_value": 4.285714285714286, "model": "qwen/qwen2.5-3b-instruct", "provider": "transformers", "response": "3", "numeric_answer": 3.0, "relative_error": 0.3, "thinking_text": null, "has_tool_call": false, "tool_call": null, "usage": {"prompt_tokens": 88, "completion_tokens": 2, "total_tokens": 90, "token_count_source": "tokenizer"}, "decoding": {"temperature": 0.2, "top_p": null, "top_k": null, "max_tokens": 256, "seed": 42}, "prompt_tokens": 88, "completion_tokens": 2, "total_tokens": 90, "token_count_source": "tokenizer", "diffusion_steps": null, "flops_estimate": null, "flops_arch": null, "flops_model_params": null, "flops_active_params": null, "tokens_non_final": 1, "tokens_reasoning": 0, "tokens_response": 1, "elapsed_seconds": 0.06592655181884766, "judgement": "Mildly off"}
{"id": "physics_estimate_000512", "topic": "physics_estimate", "subtopic": "fill_rate", "prompt": "A faucet fills 20 liters at about 8 liters per minute. About how many minutes does it take?", "exact_value": 2.5, "model": "qwen/qwen2.5-3b-instruct", "provider": "transformers", "response": "2", "numeric_answer": 2.0, "relative_error": 0.2, "thinking_text": null, "has_tool_call": false, "tool_call": null, "usage": {"prompt_tokens": 88, "completion_tokens": 2, "total_tokens": 90, "token_count_source": "tokenizer"}, "decoding": {"temperature": 0.2, "top_p": null, "top_k": null, "max_tokens": 256, "seed": 42}, "prompt_tokens": 88, "completion_tokens": 2, "total_tokens": 90, "token_count_source": "tokenizer", "diffusion_steps": null, "flops_estimate": null, "flops_arch": null, "flops_model_params": null, "flops_active_params": null, "tokens_non_final": 1, "tokens_reasoning": 0, "tokens_response": 1, "elapsed_seconds": 0.06447339057922363, "judgement": "Good approximation"}
{"id": "physics_estimate_000532", "topic": "physics_estimate", "subtopic": "fill_rate", "prompt": "A faucet fills 50 liters at about 6 liters per minute. About how many minutes does it take?", "exact_value": 8.333333333333334, "model": "qwen/qwen2.5-3b-instruct", "provider": "transformers", "response": "6", "numeric_answer": 6.0, "relative_error": 0.28, "thinking_text": null, "has_tool_call": false, "tool_call": null, "usage": {"prompt_tokens": 88, "completion_tokens": 2, "total_tokens": 90, "token_count_source": "tokenizer"}, "decoding": {"temperature": 0.2, "top_p": null, "top_k": null, "max_tokens": 256, "seed": 42}, "prompt_tokens": 88, "completion_tokens": 2, "total_tokens": 90, "token_count_source": "tokenizer", "diffusion_steps": null, "flops_estimate": null, "flops_arch": null, "flops_model_params": null, "flops_active_params": null, "tokens_non_final": 1, "tokens_reasoning": 0, "tokens_response": 1, "elapsed_seconds": 0.06616091728210449, "judgement": "Mildly off"}
{"id": "physics_estimate_000552", "topic": "physics_estimate", "subtopic": "fill_rate", "prompt": "A faucet fills 40 liters at about 8 liters per minute. About how many minutes does it take?", "exact_value": 5.0, "model": "qwen/qwen2.5-3b-instruct", "provider": "transformers", "response": "4", "numeric_answer": 4.0, "relative_error": 0.2, "thinking_text": null, "has_tool_call": false, "tool_call": null, "usage": {"prompt_tokens": 88, "completion_tokens": 2, "total_tokens": 90, "token_count_source": "tokenizer"}, "decoding": {"temperature": 0.2, "top_p": null, "top_k": null, "max_tokens": 256, "seed": 42}, "prompt_tokens": 88, "completion_tokens": 2, "total_tokens": 90, "token_count_source": "tokenizer", "diffusion_steps": null, "flops_estimate": null, "flops_arch": null, "flops_model_params": null, "flops_active_params": null, "tokens_non_final": 1, "tokens_reasoning": 0, "tokens_response": 1, "elapsed_seconds": 0.09248185157775879, "judgement": "Good approximation"}
{"id": "physics_estimate_000572", "topic": "physics_estimate", "subtopic": "fill_rate", "prompt": "A faucet fills 30 liters at about 8 liters per minute. About how many minutes does it take?", "exact_value": 3.75, "model": "qwen/qwen2.5-3b-instruct", "provider": "transformers", "response": "3", "numeric_answer": 3.0, "relative_error": 0.2, "thinking_text": null, "has_tool_call": false, "tool_call": null, "usage": {"prompt_tokens": 88, "completion_tokens": 2, "total_tokens": 90, "token_count_source": "tokenizer"}, "decoding": {"temperature": 0.2, "top_p": null, "top_k": null, "max_tokens": 256, "seed": 42}, "prompt_tokens": 88, "completion_tokens": 2, "total_tokens": 90, "token_count_source": "tokenizer", "diffusion_steps": null, "flops_estimate": null, "flops_arch": null, "flops_model_params": null, "flops_active_params": null, "tokens_non_final": 1, "tokens_reasoning": 0, "tokens_response": 1, "elapsed_seconds": 0.0829157829284668, "judgement": "Good approximation"}
{"id": "physics_estimate_000592", "topic": "physics_estimate", "subtopic": "fill_rate", "prompt": "A faucet fills 30 liters at about 6 liters per minute. About how many minutes does it take?", "exact_value": 5.0, "model": "qwen/qwen2.5-3b-instruct", "provider": "transformers", "response": "6", "numeric_answer": 6.0, "relative_error": 0.2, "thinking_text": null, "has_tool_call": false, "tool_call": null, "usage": {"prompt_tokens": 88, "completion_tokens": 2, "total_tokens": 90, "token_count_source": "tokenizer"}, "decoding": {"temperature": 0.2, "top_p": null, "top_k": null, "max_tokens": 256, "seed": 42}, "prompt_tokens": 88, "completion_tokens": 2, "total_tokens": 90, "token_count_source": "tokenizer", "diffusion_steps": null, "flops_estimate": null, "flops_arch": null, "flops_model_params": null, "flops_active_params": null, "tokens_non_final": 1, "tokens_reasoning": 0, "tokens_response": 1, "elapsed_seconds": 0.0648965835571289, "judgement": "Good approximation"}
{"id": "physics_estimate_000612", "topic": "physics_estimate", "subtopic": "fill_rate", "prompt": "A faucet fills 20 liters at about 6 liters per minute. About how many minutes does it take?", "exact_value": 3.3333333333333335, "model": "qwen/qwen2.5-3b-instruct", "provider": "transformers", "response": "6", "numeric_answer": 6.0, "relative_error": 0.7999999999999999, "thinking_text": null, "has_tool_call": false, "tool_call": null, "usage": {"prompt_tokens": 88, "completion_tokens": 2, "total_tokens": 90, "token_count_source": "tokenizer"}, "decoding": {"temperature": 0.2, "top_p": null, "top_k": null, "max_tokens": 256, "seed": 42}, "prompt_tokens": 88, "completion_tokens": 2, "total_tokens": 90, "token_count_source": "tokenizer", "diffusion_steps": null, "flops_estimate": null, "flops_arch": null, "flops_model_params": null, "flops_active_params": null, "tokens_non_final": 1, "tokens_reasoning": 0, "tokens_response": 1, "elapsed_seconds": 0.06822943687438965, "judgement": "Way off"}
{"id": "physics_estimate_000632", "topic": "physics_estimate", "subtopic": "fill_rate", "prompt": "A faucet fills 10 liters at about 7 liters per minute. About how many minutes does it take?", "exact_value": 1.4285714285714286, "model": "qwen/qwen2.5-3b-instruct", "provider": "transformers", "response": "1.5", "numeric_answer": 1.5, "relative_error": 0.049999999999999975, "thinking_text": null, "has_tool_call": false, "tool_call": null, "usage": {"prompt_tokens": 88, "completion_tokens": 4, "total_tokens": 92, "token_count_source": "tokenizer"}, "decoding": {"temperature": 0.2, "top_p": null, "top_k": null, "max_tokens": 256, "seed": 42}, "prompt_tokens": 88, "completion_tokens": 4, "total_tokens": 92, "token_count_source": "tokenizer", "diffusion_steps": null, "flops_estimate": null, "flops_arch": null, "flops_model_params": null, "flops_active_params": null, "tokens_non_final": 1, "tokens_reasoning": 0, "tokens_response": 1, "elapsed_seconds": 0.13245034217834473, "judgement": "Good approximation"}
{"id": "physics_estimate_000652", "topic": "physics_estimate", "subtopic": "fill_rate", "prompt": "A faucet fills 30 liters at about 6 liters per minute. About how many minutes does it take?", "exact_value": 5.0, "model": "qwen/qwen2.5-3b-instruct", "provider": "transformers", "response": "6", "numeric_answer": 6.0, "relative_error": 0.2, "thinking_text": null, "has_tool_call": false, "tool_call": null, "usage": {"prompt_tokens": 88, "completion_tokens": 2, "total_tokens": 90, "token_count_source": "tokenizer"}, "decoding": {"temperature": 0.2, "top_p": null, "top_k": null, "max_tokens": 256, "seed": 42}, "prompt_tokens": 88, "completion_tokens": 2, "total_tokens": 90, "token_count_source": "tokenizer", "diffusion_steps": null, "flops_estimate": null, "flops_arch": null, "flops_model_params": null, "flops_active_params": null, "tokens_non_final": 1, "tokens_reasoning": 0, "tokens_response": 1, "elapsed_seconds": 0.06952309608459473, "judgement": "Good approximation"}
{"id": "physics_estimate_000672", "topic": "physics_estimate", "subtopic": "fill_rate", "prompt": "A faucet fills 10 liters at about 7 liters per minute. About how many minutes does it take?", "exact_value": 1.4285714285714286, "model": "qwen/qwen2.5-3b-instruct", "provider": "transformers", "response": "1.5", "numeric_answer": 1.5, "relative_error": 0.049999999999999975, "thinking_text": null, "has_tool_call": false, "tool_call": null, "usage": {"prompt_tokens": 88, "completion_tokens": 4, "total_tokens": 92, "token_count_source": "tokenizer"}, "decoding": {"temperature": 0.2, "top_p": null, "top_k": null, "max_tokens": 256, "seed": 42}, "prompt_tokens": 88, "completion_tokens": 4, "total_tokens": 92, "token_count_source": "tokenizer", "diffusion_steps": null, "flops_estimate": null, "flops_arch": null, "flops_model_params": null, "flops_active_params": null, "tokens_non_final": 1, "tokens_reasoning": 0, "tokens_response": 1, "elapsed_seconds": 0.13055849075317383, "judgement": "Good approximation"}
{"id": "physics_estimate_000692", "topic": "physics_estimate", "subtopic": "fill_rate", "prompt": "A faucet fills 50 liters at about 6 liters per minute. About how many minutes does it take?", "exact_value": 8.333333333333334, "model": "qwen/qwen2.5-3b-instruct", "provider": "transformers", "response": "6", "numeric_answer": 6.0, "relative_error": 0.28, "thinking_text": null, "has_tool_call": false, "tool_call": null, "usage": {"prompt_tokens": 88, "completion_tokens": 2, "total_tokens": 90, "token_count_source": "tokenizer"}, "decoding": {"temperature": 0.2, "top_p": null, "top_k": null, "max_tokens": 256, "seed": 42}, "prompt_tokens": 88, "completion_tokens": 2, "total_tokens": 90, "token_count_source": "tokenizer", "diffusion_steps": null, "flops_estimate": null, "flops_arch": null, "flops_model_params": null, "flops_active_params": null, "tokens_non_final": 1, "tokens_reasoning": 0, "tokens_response": 1, "elapsed_seconds": 0.06556820869445801, "judgement": "Mildly off"}
{"id": "physics_estimate_000712", "topic": "physics_estimate", "subtopic": "fill_rate", "prompt": "A faucet fills 15 liters at about 7 liters per minute. About how many minutes does it take?", "exact_value": 2.142857142857143, "model": "qwen/qwen2.5-3b-instruct", "provider": "transformers", "response": "2", "numeric_answer": 2.0, "relative_error": 0.06666666666666664, "thinking_text": null, "has_tool_call": false, "tool_call": null, "usage": {"prompt_tokens": 88, "completion_tokens": 2, "total_tokens": 90, "token_count_source": "tokenizer"}, "decoding": {"temperature": 0.2, "top_p": null, "top_k": null, "max_tokens": 256, "seed": 42}, "prompt_tokens": 88, "completion_tokens": 2, "total_tokens": 90, "token_count_source": "tokenizer", "diffusion_steps": null, "flops_estimate": null, "flops_arch": null, "flops_model_params": null, "flops_active_params": null, "tokens_non_final": 1, "tokens_reasoning": 0, "tokens_response": 1, "elapsed_seconds": 0.06519627571105957, "judgement": "Good approximation"}
{"id": "physics_estimate_000732", "topic": "physics_estimate", "subtopic": "fill_rate", "prompt": "A faucet fills 30 liters at about 7 liters per minute. About how many minutes does it take?", "exact_value": 4.285714285714286, "model": "qwen/qwen2.5-3b-instruct", "provider": "transformers", "response": "3", "numeric_answer": 3.0, "relative_error": 0.3, "thinking_text": null, "has_tool_call": false, "tool_call": null, "usage": {"prompt_tokens": 88, "completion_tokens": 2, "total_tokens": 90, "token_count_source": "tokenizer"}, "decoding": {"temperature": 0.2, "top_p": null, "top_k": null, "max_tokens": 256, "seed": 42}, "prompt_tokens": 88, "completion_tokens": 2, "total_tokens": 90, "token_count_source": "tokenizer", "diffusion_steps": null, "flops_estimate": null, "flops_arch": null, "flops_model_params": null, "flops_active_params": null, "tokens_non_final": 1, "tokens_reasoning": 0, "tokens_response": 1, "elapsed_seconds": 0.0656423568725586, "judgement": "Mildly off"}
{"id": "physics_estimate_000752", "topic": "physics_estimate", "subtopic": "fill_rate", "prompt": "A faucet fills 15 liters at about 7 liters per minute. About how many minutes does it take?", "exact_value": 2.142857142857143, "model": "qwen/qwen2.5-3b-instruct", "provider": "transformers", "response": "2", "numeric_answer": 2.0, "relative_error": 0.06666666666666664, "thinking_text": null, "has_tool_call": false, "tool_call": null, "usage": {"prompt_tokens": 88, "completion_tokens": 2, "total_tokens": 90, "token_count_source": "tokenizer"}, "decoding": {"temperature": 0.2, "top_p": null, "top_k": null, "max_tokens": 256, "seed": 42}, "prompt_tokens": 88, "completion_tokens": 2, "total_tokens": 90, "token_count_source": "tokenizer", "diffusion_steps": null, "flops_estimate": null, "flops_arch": null, "flops_model_params": null, "flops_active_params": null, "tokens_non_final": 1, "tokens_reasoning": 0, "tokens_response": 1, "elapsed_seconds": 0.06522727012634277, "judgement": "Good approximation"}
{"id": "physics_estimate_000772", "topic": "physics_estimate", "subtopic": "fill_rate", "prompt": "A faucet fills 20 liters at about 6 liters per minute. About how many minutes does it take?", "exact_value": 3.3333333333333335, "model": "qwen/qwen2.5-3b-instruct", "provider": "transformers", "response": "6", "numeric_answer": 6.0, "relative_error": 0.7999999999999999, "thinking_text": null, "has_tool_call": false, "tool_call": null, "usage": {"prompt_tokens": 88, "completion_tokens": 2, "total_tokens": 90, "token_count_source": "tokenizer"}, "decoding": {"temperature": 0.2, "top_p": null, "top_k": null, "max_tokens": 256, "seed": 42}, "prompt_tokens": 88, "completion_tokens": 2, "total_tokens": 90, "token_count_source": "tokenizer", "diffusion_steps": null, "flops_estimate": null, "flops_arch": null, "flops_model_params": null, "flops_active_params": null, "tokens_non_final": 1, "tokens_reasoning": 0, "tokens_response": 1, "elapsed_seconds": 0.07586956024169922, "judgement": "Way off"}
{"id": "physics_estimate_000792", "topic": "physics_estimate", "subtopic": "fill_rate", "prompt": "A faucet fills 15 liters at about 5 liters per minute. About how many minutes does it take?", "exact_value": 3.0, "model": "qwen/qwen2.5-3b-instruct", "provider": "transformers", "response": "5", "numeric_answer": 5.0, "relative_error": 0.6666666666666666, "thinking_text": null, "has_tool_call": false, "tool_call": null, "usage": {"prompt_tokens": 88, "completion_tokens": 2, "total_tokens": 90, "token_count_source": "tokenizer"}, "decoding": {"temperature": 0.2, "top_p": null, "top_k": null, "max_tokens": 256, "seed": 42}, "prompt_tokens": 88, "completion_tokens": 2, "total_tokens": 90, "token_count_source": "tokenizer", "diffusion_steps": null, "flops_estimate": null, "flops_arch": null, "flops_model_params": null, "flops_active_params": null, "tokens_non_final": 1, "tokens_reasoning": 0, "tokens_response": 1, "elapsed_seconds": 0.06476593017578125, "judgement": "Way off"}
{"id": "physics_estimate_000812", "topic": "physics_estimate", "subtopic": "fill_rate", "prompt": "A faucet fills 40 liters at about 7 liters per minute. About how many minutes does it take?", "exact_value": 5.714285714285714, "model": "qwen/qwen2.5-3b-instruct", "provider": "transformers", "response": "4", "numeric_answer": 4.0, "relative_error": 0.3, "thinking_text": null, "has_tool_call": false, "tool_call": null, "usage": {"prompt_tokens": 88, "completion_tokens": 2, "total_tokens": 90, "token_count_source": "tokenizer"}, "decoding": {"temperature": 0.2, "top_p": null, "top_k": null, "max_tokens": 256, "seed": 42}, "prompt_tokens": 88, "completion_tokens": 2, "total_tokens": 90, "token_count_source": "tokenizer", "diffusion_steps": null, "flops_estimate": null, "flops_arch": null, "flops_model_params": null, "flops_active_params": null, "tokens_non_final": 1, "tokens_reasoning": 0, "tokens_response": 1, "elapsed_seconds": 0.06758809089660645, "judgement": "Mildly off"}
{"id": "physics_estimate_000832", "topic": "physics_estimate", "subtopic": "fill_rate", "prompt": "A faucet fills 15 liters at about 4 liters per minute. About how many minutes does it take?", "exact_value": 3.75, "model": "qwen/qwen2.5-3b-instruct", "provider": "transformers", "response": "2", "numeric_answer": 2.0, "relative_error": 0.4666666666666667, "thinking_text": null, "has_tool_call": false, "tool_call": null, "usage": {"prompt_tokens": 88, "completion_tokens": 2, "total_tokens": 90, "token_count_source": "tokenizer"}, "decoding": {"temperature": 0.2, "top_p": null, "top_k": null, "max_tokens": 256, "seed": 42}, "prompt_tokens": 88, "completion_tokens": 2, "total_tokens": 90, "token_count_source": "tokenizer", "diffusion_steps": null, "flops_estimate": null, "flops_arch": null, "flops_model_params": null, "flops_active_params": null, "tokens_non_final": 1, "tokens_reasoning": 0, "tokens_response": 1, "elapsed_seconds": 0.0743415355682373, "judgement": "Mildly off"}
{"id": "physics_estimate_000852", "topic": "physics_estimate", "subtopic": "fill_rate", "prompt": "A faucet fills 10 liters at about 6 liters per minute. About how many minutes does it take?", "exact_value": 1.6666666666666667, "model": "qwen/qwen2.5-3b-instruct", "provider": "transformers", "response": "6", "numeric_answer": 6.0, "relative_error": 2.5999999999999996, "thinking_text": null, "has_tool_call": false, "tool_call": null, "usage": {"prompt_tokens": 88, "completion_tokens": 2, "total_tokens": 90, "token_count_source": "tokenizer"}, "decoding": {"temperature": 0.2, "top_p": null, "top_k": null, "max_tokens": 256, "seed": 42}, "prompt_tokens": 88, "completion_tokens": 2, "total_tokens": 90, "token_count_source": "tokenizer", "diffusion_steps": null, "flops_estimate": null, "flops_arch": null, "flops_model_params": null, "flops_active_params": null, "tokens_non_final": 1, "tokens_reasoning": 0, "tokens_response": 1, "elapsed_seconds": 0.07124733924865723, "judgement": "Way off"}
{"id": "physics_estimate_000872", "topic": "physics_estimate", "subtopic": "fill_rate", "prompt": "A faucet fills 30 liters at about 7 liters per minute. About how many minutes does it take?", "exact_value": 4.285714285714286, "model": "qwen/qwen2.5-3b-instruct", "provider": "transformers", "response": "1.5", "numeric_answer": 1.5, "relative_error": 0.65, "thinking_text": null, "has_tool_call": false, "tool_call": null, "usage": {"prompt_tokens": 88, "completion_tokens": 4, "total_tokens": 92, "token_count_source": "tokenizer"}, "decoding": {"temperature": 0.2, "top_p": null, "top_k": null, "max_tokens": 256, "seed": 42}, "prompt_tokens": 88, "completion_tokens": 4, "total_tokens": 92, "token_count_source": "tokenizer", "diffusion_steps": null, "flops_estimate": null, "flops_arch": null, "flops_model_params": null, "flops_active_params": null, "tokens_non_final": 1, "tokens_reasoning": 0, "tokens_response": 1, "elapsed_seconds": 0.13691115379333496, "judgement": "Way off"}
{"id": "physics_estimate_000892", "topic": "physics_estimate", "subtopic": "fill_rate", "prompt": "A faucet fills 15 liters at about 4 liters per minute. About how many minutes does it take?", "exact_value": 3.75, "model": "qwen/qwen2.5-3b-instruct", "provider": "transformers", "response": "2", "numeric_answer": 2.0, "relative_error": 0.4666666666666667, "thinking_text": null, "has_tool_call": false, "tool_call": null, "usage": {"prompt_tokens": 88, "completion_tokens": 2, "total_tokens": 90, "token_count_source": "tokenizer"}, "decoding": {"temperature": 0.2, "top_p": null, "top_k": null, "max_tokens": 256, "seed": 42}, "prompt_tokens": 88, "completion_tokens": 2, "total_tokens": 90, "token_count_source": "tokenizer", "diffusion_steps": null, "flops_estimate": null, "flops_arch": null, "flops_model_params": null, "flops_active_params": null, "tokens_non_final": 1, "tokens_reasoning": 0, "tokens_response": 1, "elapsed_seconds": 0.0704810619354248, "judgement": "Mildly off"}
{"id": "physics_estimate_000912", "topic": "physics_estimate", "subtopic": "fill_rate", "prompt": "A faucet fills 30 liters at about 8 liters per minute. About how many minutes does it take?", "exact_value": 3.75, "model": "qwen/qwen2.5-3b-instruct", "provider": "transformers", "response": "3", "numeric_answer": 3.0, "relative_error": 0.2, "thinking_text": null, "has_tool_call": false, "tool_call": null, "usage": {"prompt_tokens": 88, "completion_tokens": 2, "total_tokens": 90, "token_count_source": "tokenizer"}, "decoding": {"temperature": 0.2, "top_p": null, "top_k": null, "max_tokens": 256, "seed": 42}, "prompt_tokens": 88, "completion_tokens": 2, "total_tokens": 90, "token_count_source": "tokenizer", "diffusion_steps": null, "flops_estimate": null, "flops_arch": null, "flops_model_params": null, "flops_active_params": null, "tokens_non_final": 1, "tokens_reasoning": 0, "tokens_response": 1, "elapsed_seconds": 0.06677532196044922, "judgement": "Good approximation"}
{"id": "physics_estimate_000932", "topic": "physics_estimate", "subtopic": "fill_rate", "prompt": "A faucet fills 30 liters at about 6 liters per minute. About how many minutes does it take?", "exact_value": 5.0, "model": "qwen/qwen2.5-3b-instruct", "provider": "transformers", "response": "6", "numeric_answer": 6.0, "relative_error": 0.2, "thinking_text": null, "has_tool_call": false, "tool_call": null, "usage": {"prompt_tokens": 88, "completion_tokens": 2, "total_tokens": 90, "token_count_source": "tokenizer"}, "decoding": {"temperature": 0.2, "top_p": null, "top_k": null, "max_tokens": 256, "seed": 42}, "prompt_tokens": 88, "completion_tokens": 2, "total_tokens": 90, "token_count_source": "tokenizer", "diffusion_steps": null, "flops_estimate": null, "flops_arch": null, "flops_model_params": null, "flops_active_params": null, "tokens_non_final": 1, "tokens_reasoning": 0, "tokens_response": 1, "elapsed_seconds": 0.07352566719055176, "judgement": "Good approximation"}
{"id": "physics_estimate_000952", "topic": "physics_estimate", "subtopic": "fill_rate", "prompt": "A faucet fills 40 liters at about 6 liters per minute. About how many minutes does it take?", "exact_value": 6.666666666666667, "model": "qwen/qwen2.5-3b-instruct", "provider": "transformers", "response": "4", "numeric_answer": 4.0, "relative_error": 0.4, "thinking_text": null, "has_tool_call": false, "tool_call": null, "usage": {"prompt_tokens": 88, "completion_tokens": 2, "total_tokens": 90, "token_count_source": "tokenizer"}, "decoding": {"temperature": 0.2, "top_p": null, "top_k": null, "max_tokens": 256, "seed": 42}, "prompt_tokens": 88, "completion_tokens": 2, "total_tokens": 90, "token_count_source": "tokenizer", "diffusion_steps": null, "flops_estimate": null, "flops_arch": null, "flops_model_params": null, "flops_active_params": null, "tokens_non_final": 1, "tokens_reasoning": 0, "tokens_response": 1, "elapsed_seconds": 0.07393717765808105, "judgement": "Mildly off"}
{"id": "physics_estimate_000972", "topic": "physics_estimate", "subtopic": "fill_rate", "prompt": "A faucet fills 10 liters at about 8 liters per minute. About how many minutes does it take?", "exact_value": 1.25, "model": "qwen/qwen2.5-3b-instruct", "provider": "transformers", "response": "2", "numeric_answer": 2.0, "relative_error": 0.6, "thinking_text": null, "has_tool_call": false, "tool_call": null, "usage": {"prompt_tokens": 88, "completion_tokens": 2, "total_tokens": 90, "token_count_source": "tokenizer"}, "decoding": {"temperature": 0.2, "top_p": null, "top_k": null, "max_tokens": 256, "seed": 42}, "prompt_tokens": 88, "completion_tokens": 2, "total_tokens": 90, "token_count_source": "tokenizer", "diffusion_steps": null, "flops_estimate": null, "flops_arch": null, "flops_model_params": null, "flops_active_params": null, "tokens_non_final": 1, "tokens_reasoning": 0, "tokens_response": 1, "elapsed_seconds": 0.0836801528930664, "judgement": "Mildly off"}
{"id": "physics_estimate_000992", "topic": "physics_estimate", "subtopic": "fill_rate", "prompt": "A faucet fills 20 liters at about 4 liters per minute. About how many minutes does it take?", "exact_value": 5.0, "model": "qwen/qwen2.5-3b-instruct", "provider": "transformers", "response": "2", "numeric_answer": 2.0, "relative_error": 0.6, "thinking_text": null, "has_tool_call": false, "tool_call": null, "usage": {"prompt_tokens": 88, "completion_tokens": 2, "total_tokens": 90, "token_count_source": "tokenizer"}, "decoding": {"temperature": 0.2, "top_p": null, "top_k": null, "max_tokens": 256, "seed": 42}, "prompt_tokens": 88, "completion_tokens": 2, "total_tokens": 90, "token_count_source": "tokenizer", "diffusion_steps": null, "flops_estimate": null, "flops_arch": null, "flops_model_params": null, "flops_active_params": null, "tokens_non_final": 1, "tokens_reasoning": 0, "tokens_response": 1, "elapsed_seconds": 0.0652763843536377, "judgement": "Mildly off"}
{"id": "physics_estimate_001012", "topic": "physics_estimate", "subtopic": "fill_rate", "prompt": "A faucet fills 10 liters at about 6 liters per minute. About how many minutes does it take?", "exact_value": 1.6666666666666667, "model": "qwen/qwen2.5-3b-instruct", "provider": "transformers", "response": "6", "numeric_answer": 6.0, "relative_error": 2.5999999999999996, "thinking_text": null, "has_tool_call": false, "tool_call": null, "usage": {"prompt_tokens": 88, "completion_tokens": 2, "total_tokens": 90, "token_count_source": "tokenizer"}, "decoding": {"temperature": 0.2, "top_p": null, "top_k": null, "max_tokens": 256, "seed": 42}, "prompt_tokens": 88, "completion_tokens": 2, "total_tokens": 90, "token_count_source": "tokenizer", "diffusion_steps": null, "flops_estimate": null, "flops_arch": null, "flops_model_params": null, "flops_active_params": null, "tokens_non_final": 1, "tokens_reasoning": 0, "tokens_response": 1, "elapsed_seconds": 0.06720423698425293, "judgement": "Way off"}
{"id": "physics_estimate_001032", "topic": "physics_estimate", "subtopic": "fill_rate", "prompt": "A faucet fills 30 liters at about 6 liters per minute. About how many minutes does it take?", "exact_value": 5.0, "model": "qwen/qwen2.5-3b-instruct", "provider": "transformers", "response": "6", "numeric_answer": 6.0, "relative_error": 0.2, "thinking_text": null, "has_tool_call": false, "tool_call": null, "usage": {"prompt_tokens": 88, "completion_tokens": 2, "total_tokens": 90, "token_count_source": "tokenizer"}, "decoding": {"temperature": 0.2, "top_p": null, "top_k": null, "max_tokens": 256, "seed": 42}, "prompt_tokens": 88, "completion_tokens": 2, "total_tokens": 90, "token_count_source": "tokenizer", "diffusion_steps": null, "flops_estimate": null, "flops_arch": null, "flops_model_params": null, "flops_active_params": null, "tokens_non_final": 1, "tokens_reasoning": 0, "tokens_response": 1, "elapsed_seconds": 0.07196426391601562, "judgement": "Good approximation"}
{"id": "physics_estimate_001052", "topic": "physics_estimate", "subtopic": "fill_rate", "prompt": "A faucet fills 10 liters at about 5 liters per minute. About how many minutes does it take?", "exact_value": 2.0, "model": "qwen/qwen2.5-3b-instruct", "provider": "transformers", "response": "5", "numeric_answer": 5.0, "relative_error": 1.5, "thinking_text": null, "has_tool_call": false, "tool_call": null, "usage": {"prompt_tokens": 88, "completion_tokens": 2, "total_tokens": 90, "token_count_source": "tokenizer"}, "decoding": {"temperature": 0.2, "top_p": null, "top_k": null, "max_tokens": 256, "seed": 42}, "prompt_tokens": 88, "completion_tokens": 2, "total_tokens": 90, "token_count_source": "tokenizer", "diffusion_steps": null, "flops_estimate": null, "flops_arch": null, "flops_model_params": null, "flops_active_params": null, "tokens_non_final": 1, "tokens_reasoning": 0, "tokens_response": 1, "elapsed_seconds": 0.06662559509277344, "judgement": "Way off"}
{"summary": {"samples": 500, "judgement_counts": {"Way off": 327, "Mildly off": 101, "Good approximation": 72}, "count_good_approximation": 72, "count_exact_math": 0, "count_mildly_off": 101, "count_way_off": 327, "good_approximation_rate": 0.144, "exact_math_rate": 0.0, "good_approximation_rate_ci_95": [0.11593760751948216, 0.177491120874521], "exact_math_rate_ci_95": [0.0, 0.007624618530903363], "counts_by_topic": {"basket_sum": {"n": 86, "count_good_approximation": 1, "count_exact_math": 0, "count_mildly_off": 10, "count_way_off": 75}, "discounts": {"n": 85, "count_good_approximation": 3, "count_exact_math": 0, "count_mildly_off": 19, "count_way_off": 63}, "taxes": {"n": 61, "count_good_approximation": 1, "count_exact_math": 0, "count_mildly_off": 1, "count_way_off": 59}, "units": {"n": 61, "count_good_approximation": 6, "count_exact_math": 0, "count_mildly_off": 23, "count_way_off": 32}, "tips": {"n": 61, "count_good_approximation": 36, "count_exact_math": 0, "count_mildly_off": 15, "count_way_off": 10}, "fermi": {"n": 49, "count_good_approximation": 0, "count_exact_math": 0, "count_mildly_off": 0, "count_way_off": 49}, "travel_time": {"n": 49, "count_good_approximation": 10, "count_exact_math": 0, "count_mildly_off": 11, "count_way_off": 28}, "physics_estimate": {"n": 48, "count_good_approximation": 15, "count_exact_math": 0, "count_mildly_off": 22, "count_way_off": 11}}, "counts_by_subtopic": {"decimal_prices": {"n": 86, "count_good_approximation": 1, "count_exact_math": 0, "count_mildly_off": 10, "count_way_off": 75}, "buy_n_get_m": {"n": 14, "count_good_approximation": 0, "count_exact_math": 0, "count_mildly_off": 0, "count_way_off": 14}, "threshold": {"n": 22, "count_good_approximation": 0, "count_exact_math": 0, "count_mildly_off": 7, "count_way_off": 15}, "percent": {"n": 16, "count_good_approximation": 2, "count_exact_math": 0, "count_mildly_off": 3, "count_way_off": 11}, "stacked": {"n": 18, "count_good_approximation": 0, "count_exact_math": 0, "count_mildly_off": 4, "count_way_off": 14}, "bogo": {"n": 15, "count_good_approximation": 1, "count_exact_math": 0, "count_mildly_off": 5, "count_way_off": 9}, "pre_discount_tax": {"n": 25, "count_good_approximation": 0, "count_exact_math": 0, "count_mildly_off": 0, "count_way_off": 25}, "post_discount_tax": {"n": 36, "count_good_approximation": 1, "count_exact_math": 0, "count_mildly_off": 1, "count_way_off": 34}, "kg_g": {"n": 31, "count_good_approximation": 5, "count_exact_math": 0, "count_mildly_off": 16, "count_way_off": 10}, "lb_oz": {"n": 30, "count_good_approximation": 1, "count_exact_math": 0, "count_mildly_off": 7, "count_way_off": 22}, "tips_service": {"n": 61, "count_good_approximation": 36, "count_exact_math": 0, "count_mildly_off": 15, "count_way_off": 10}, "crowd_density": {"n": 49, "count_good_approximation": 0, "count_exact_math": 0, "count_mildly_off": 0, "count_way_off": 49}, "drive_time": {"n": 49, "count_good_approximation": 10, "count_exact_math": 0, "count_mildly_off": 11, "count_way_off": 28}, "fill_rate": {"n": 48, "count_good_approximation": 15, "count_exact_math": 0, "count_mildly_off": 22, "count_way_off": 11}}, "tool_call_count": 0, "avg_elapsed_seconds": 0.18000343704223634, "avg_tokens_non_final": 1.412, "avg_tokens_reasoning": 0.0, "avg_tokens": 1.412, "avg_completion_tokens": 5.12, "avg_prompt_tokens": 102.05, "avg_total_tokens": 107.17, "avg_flops_estimate": null, "token_counts_include_prompt": true, "token_count_sources": {"tokenizer": 500}, "avg_relative_error": 1.4646355485556202, "median_relative_error": 0.8332725282743524}}
