{"id": "basket_sum_000171", "topic": "basket_sum", "subtopic": "decimal_prices", "prompt": "You’re buying 3 items: $7.04, $12.56, $5.78. About how much will you pay (before tax)?", "exact_value": 25.38, "model": "tiiuae/Falcon-H1-7B-Instruct", "provider": "transformers", "response": "альными числами путем округления процентов процентов процентов процентов процентов процентов процентов процентов процентов процентов процентов процентов процентов процентов процентов процентов процентов процентов процентов процентов процентов процентов процентов процентов процентов процентов процентов процентов процентов процентов процентов процентов процентов процентов процентов процентов процентов процентов процентов процентов процентов процентов процентов процентов процентов процентов процентов процентов процентов процентов процентов процентов процентов процентов процентов процентов процентов процентов процентов процентов процентов процентов процентов процентов процентов процентов процентов процентов процентов процентов процентов процентов процентов процентов процентов процентов процентов процентов процентов процентов процентов процентов процентов процентов процентов процентов процентов процентов процентов процентов процентов процентов процентов процентов процентов процентов процентов процентов процентов процентов процентов процентов процентов процентов процентов процентов процентов процентов процентов процентов процентов процентов процентов процентов процентов процентов процентов процентов процентов процентов процентов процентов процентов процентов процентов процентов процентов процентов процентов процентов процентов процентов процентов процентов процентов процентов процентов процентов процентов процентов процентов процентов процентов процентов процентов процентов процентов процентов процентов процентов процентов процентов процентов процентов процентов процентов процентов процентов процентов процентов процентов процентов процентов процентов процентов процентов процентов процентов процентов процентов процентов процентов процентов процентов процентов процентов процентов процентов процентов процентов процентов процентов процентов процентов процентов процентов процентов процентов процентов процентов процентов процентов процентов процентов процентов процентов процентов процентов процентов процентов процентов процентов процентов процентов процентов процентов процентов процентов процентов процентов процентов процентов процентов процентов процентов процентов процентов процентов процентов процентов процентов процентов процентов процентов процентов процентов процентов процентов процентов процентов процентов процентов процентов процентов процентов процентов процентов процентов процентов процентов процентов процентов процентов процентов процентов процентов процентов процентов процентов процентов", "numeric_answer": null, "relative_error": null, "thinking_text": null, "has_tool_call": false, "tool_call": null, "usage": {"prompt_tokens": 202, "completion_tokens": 256, "total_tokens": 458, "token_count_source": "tokenizer"}, "decoding": {"temperature": 0.2, "top_p": null, "top_k": null, "max_tokens": 256, "seed": 42}, "prompt_tokens": 202, "completion_tokens": 256, "total_tokens": 458, "token_count_source": "tokenizer", "diffusion_steps": null, "flops_estimate": null, "flops_arch": null, "flops_model_params": null, "flops_active_params": null, "tokens_non_final": 254, "tokens_reasoning": 0, "tokens_response": 254, "elapsed_seconds": 18.672516584396362, "judgement": "Uncategorized"}
{"id": "basket_sum_000191", "topic": "basket_sum", "subtopic": "decimal_prices", "prompt": "You’re buying 5 items: $17.31, $7.03, $9.93, $19.51, $11.17. About how much will you pay (before tax)?", "exact_value": 64.95, "model": "tiiuae/Falcon-H1-7B-Instruct", "provider": "transformers", "response": "альными числами путем округления процентов процентов процентов процентов процентов процентов процентов процентов процентов процентов процентов процентов процентов процентов процентов процентов процентов процентов процентов процентов процентов процентов процентов процентов процентов процентов процентов процентов процентов процентов процентов процентов процентов процентов процентов процентов процентов процентов процентов процентов процентов процентов процентов процентов процентов процентов процентов процентов процентов процентов процентов процентов процентов процентов процентов процентов процентов процентов процентов процентов процентов процентов процентов процентов процентов процентов процентов процентов процентов процентов процентов процентов процентов процентов процентов процентов процентов процентов процентов процентов процентов процентов процентов процентов процентов процентов процентов процентов процентов процентов процентов процентов процентов процентов процентов процентов процентов процентов процентов процентов процентов процентов процентов процентов процентов процентов процентов процентов процентов процентов процентов процентов процентов процентов процентов процентов процентов процентов процентов процентов процентов процентов процентов процентов процентов процентов процентов процентов процентов процентов процентов процентов процентов процентов процентов процентов процентов процентов процентов процентов процентов процентов процентов процентов процентов процентов процентов процентов процентов процентов процентов процентов процентов процентов процентов процентов процентов процентов процентов процентов процентов процентов процентов процентов процентов процентов процентов процентов процентов процентов процентов процентов процентов процентов процентов процентов процентов процентов процентов процентов процентов процентов процентов процентов процентов процентов процентов процентов процентов процентов процентов процентов процентов процентов процентов процентов процентов процентов процентов процентов процентов процентов процентов процентов процентов процентов процентов процентов процентов процентов процентов процентов процентов процентов процентов процентов процентов процентов процентов процентов процентов процентов процентов процентов процентов процентов процентов процентов процентов процентов процентов процентов процентов процентов процентов процентов процентов процентов процентов процентов процентов процентов процентов процентов процентов процентов процентов процентов процентов процентов", "numeric_answer": null, "relative_error": null, "thinking_text": null, "has_tool_call": false, "tool_call": null, "usage": {"prompt_tokens": 218, "completion_tokens": 256, "total_tokens": 474, "token_count_source": "tokenizer"}, "decoding": {"temperature": 0.2, "top_p": null, "top_k": null, "max_tokens": 256, "seed": 42}, "prompt_tokens": 218, "completion_tokens": 256, "total_tokens": 474, "token_count_source": "tokenizer", "diffusion_steps": null, "flops_estimate": null, "flops_arch": null, "flops_model_params": null, "flops_active_params": null, "tokens_non_final": 254, "tokens_reasoning": 0, "tokens_response": 254, "elapsed_seconds": 18.66474151611328, "judgement": "Uncategorized"}
{"id": "basket_sum_000211", "topic": "basket_sum", "subtopic": "decimal_prices", "prompt": "You’re buying 6 items: $13.05, $4.61, $17.83, $17.37, $4.97, $2.96. About how much will you pay (before tax)?", "exact_value": 60.79, "model": "tiiuae/Falcon-H1-7B-Instruct", "provider": "transformers", "response": "�альное решение согласно правилальным указания kompensирует необходимость быстрой оценки путем округления процентов процентов процентов процентов процентов процентов процентов процентов процентов процентов процентов процентов процентов процентов процентов процентов процентов процентов процентов процентов процентов процентов процентов процентов процентов процентов процентов процентов процентов процентов процентов процентов процентов процентов процентов процентов процентов процентов процентов процентов процентов процентов процентов процентов процентов процентов процентов процентов процентов процентов процентов процентов процентов процентов процентов процентов процентов процентов процентов процентов процентов процентов процентов процентов процентов процентов процентов процентов процентов процентов процентов процентов процентов процентов процентов процентов процентов процентов процентов процентов процентов процентов процентов процентов процентов процентов процентов процентов процентов процентов процентов процентов процентов процентов процентов процентов процентов процентов процентов процентов процентов процентов процентов процентов процентов процентов процентов процентов процентов процентов процентов процентов процентов процентов процентов процентов процентов процентов процентов процентов процентов процентов процентов процентов процентов процентов процентов процентов процентов процентов процентов процентов процентов процентов процентов процентов процентов процентов процентов процентов процентов процентов процентов процентов процентов процентов процентов процентов процентов процентов процентов процентов процентов процентов процентов процентов процентов процентов процентов процентов процентов процентов процентов процентов процентов процентов процентов процентов процентов процентов процентов процентов процентов процентов процентов процентов процентов процентов процентов процентов процентов процентов процентов процентов процентов процентов процентов процентов процентов процентов процентов процентов процентов процентов процентов процентов процентов процентов процентов процентов процентов процентов процентов процентов процентов процентов процентов процентов процентов процентов процентов процентов процентов процентов процентов процентов процентов процентов процентов процентов процентов процентов процентов процентов процентов процентов процентов процентов процентов процентов процентов процентов процентов процентов процентов процентов процентов процентов процентов", "numeric_answer": null, "relative_error": null, "thinking_text": null, "has_tool_call": false, "tool_call": null, "usage": {"prompt_tokens": 225, "completion_tokens": 256, "total_tokens": 481, "token_count_source": "tokenizer"}, "decoding": {"temperature": 0.2, "top_p": null, "top_k": null, "max_tokens": 256, "seed": 42}, "prompt_tokens": 225, "completion_tokens": 256, "total_tokens": 481, "token_count_source": "tokenizer", "diffusion_steps": null, "flops_estimate": null, "flops_arch": null, "flops_model_params": null, "flops_active_params": null, "tokens_non_final": 250, "tokens_reasoning": 0, "tokens_response": 250, "elapsed_seconds": 18.45672869682312, "judgement": "Uncategorized"}
{"id": "basket_sum_000231", "topic": "basket_sum", "subtopic": "decimal_prices", "prompt": "You’re buying 6 items: $4.43, $10.89, $5.57, $12.80, $4.22, $15.17. About how much will you pay (before tax)?", "exact_value": 53.08, "model": "tiiuae/Falcon-H1-7B-Instruct", "provider": "transformers", "response": "альными числами путем округления процентов процентов процентов процентов процентов процентов процентов процентов процентов процентов процентов процентов процентов процентов процентов процентов процентов процентов процентов процентов процентов процентов процентов процентов процентов процентов процентов процентов процентов процентов процентов процентов процентов процентов процентов процентов процентов процентов процентов процентов процентов процентов процентов процентов процентов процентов процентов процентов процентов процентов процентов процентов процентов процентов процентов процентов процентов процентов процентов процентов процентов процентов процентов процентов процентов процентов процентов процентов процентов процентов процентов процентов процентов процентов процентов процентов процентов процентов процентов процентов процентов процентов процентов процентов процентов процентов процентов процентов процентов процентов процентов процентов процентов процентов процентов процентов процентов процентов процентов процентов процентов процентов процентов процентов процентов процентов процентов процентов процентов процентов процентов процентов процентов процентов процентов процентов процентов процентов процентов процентов процентов процентов процентов процентов процентов процентов процентов процентов процентов процентов процентов процентов процентов процентов процентов процентов процентов процентов процентов процентов процентов процентов процентов процентов процентов процентов процентов процентов процентов процентов процентов процентов процентов процентов процентов процентов процентов процентов процентов процентов процентов процентов процентов процентов процентов процентов процентов процентов процентов процентов процентов процентов процентов процентов процентов процентов процентов процентов процентов процентов процентов процентов процентов процентов процентов процентов процентов процентов процентов процентов процентов процентов процентов процентов процентов процентов процентов процентов процентов процентов процентов процентов процентов процентов процентов процентов процентов процентов процентов процентов процентов процентов процентов процентов процентов процентов процентов процентов процентов процентов процентов процентов процентов процентов процентов процентов процентов процентов процентов процентов процентов процентов процентов процентов процентов процентов процентов процентов процентов процентов процентов процентов процентов процентов процентов процентов процентов процентов процентов процентов", "numeric_answer": null, "relative_error": null, "thinking_text": null, "has_tool_call": false, "tool_call": null, "usage": {"prompt_tokens": 225, "completion_tokens": 256, "total_tokens": 481, "token_count_source": "tokenizer"}, "decoding": {"temperature": 0.2, "top_p": null, "top_k": null, "max_tokens": 256, "seed": 42}, "prompt_tokens": 225, "completion_tokens": 256, "total_tokens": 481, "token_count_source": "tokenizer", "diffusion_steps": null, "flops_estimate": null, "flops_arch": null, "flops_model_params": null, "flops_active_params": null, "tokens_non_final": 254, "tokens_reasoning": 0, "tokens_response": 254, "elapsed_seconds": 18.862184762954712, "judgement": "Uncategorized"}
{"id": "basket_sum_000251", "topic": "basket_sum", "subtopic": "decimal_prices", "prompt": "You’re buying 4 items: $7.24, $9.93, $15.10, $11.31. About how much will you pay (before tax)?", "exact_value": 43.58, "model": "tiiuae/Falcon-H1-7B-Instruct", "provider": "transformers", "response": "альными числами путем округления процентов процентов процентов процентов процентов процентов процентов процентов процентов процентов процентов процентов процентов процентов процентов процентов процентов процентов процентов процентов процентов процентов процентов процентов процентов процентов процентов процентов процентов процентов процентов процентов процентов процентов процентов процентов процентов процентов процентов процентов процентов процентов процентов процентов процентов процентов процентов процентов процентов процентов процентов процентов процентов процентов процентов процентов процентов процентов процентов процентов процентов процентов процентов процентов процентов процентов процентов процентов процентов процентов процентов процентов процентов процентов процентов процентов процентов процентов процентов процентов процентов процентов процентов процентов процентов процентов процентов процентов процентов процентов процентов процентов процентов процентов процентов процентов процентов процентов процентов процентов процентов процентов процентов процентов процентов процентов процентов процентов процентов процентов процентов процентов процентов процентов процентов процентов процентов процентов процентов процентов процентов процентов процентов процентов процентов процентов процентов процентов процентов процентов процентов процентов процентов процентов процентов процентов процентов процентов процентов процентов процентов процентов процентов процентов процентов процентов процентов процентов процентов процентов процентов процентов процентов процентов процентов процентов процентов процентов процентов процентов процентов процентов процентов процентов процентов процентов процентов процентов процентов процентов процентов процентов процентов процентов процентов процентов процентов процентов процентов процентов процентов процентов процентов процентов процентов процентов процентов процентов процентов процентов процентов процентов процентов процентов процентов процентов процентов процентов процентов процентов процентов процентов процентов процентов процентов процентов процентов процентов процентов процентов процентов процентов процентов процентов процентов процентов процентов процентов процентов процентов процентов процентов процентов процентов процентов процентов процентов процентов процентов процентов процентов процентов процентов процентов процентов процентов процентов процентов процентов процентов процентов процентов процентов процентов процентов процентов процентов процентов процентов процентов", "numeric_answer": null, "relative_error": null, "thinking_text": null, "has_tool_call": false, "tool_call": null, "usage": {"prompt_tokens": 210, "completion_tokens": 256, "total_tokens": 466, "token_count_source": "tokenizer"}, "decoding": {"temperature": 0.2, "top_p": null, "top_k": null, "max_tokens": 256, "seed": 42}, "prompt_tokens": 210, "completion_tokens": 256, "total_tokens": 466, "token_count_source": "tokenizer", "diffusion_steps": null, "flops_estimate": null, "flops_arch": null, "flops_model_params": null, "flops_active_params": null, "tokens_non_final": 254, "tokens_reasoning": 0, "tokens_response": 254, "elapsed_seconds": 19.36008596420288, "judgement": "Uncategorized"}
{"id": "basket_sum_000271", "topic": "basket_sum", "subtopic": "decimal_prices", "prompt": "You’re buying 4 items: $19.91, $19.58, $6.09, $1.98. About how much will you pay (before tax)?", "exact_value": 47.56, "model": "tiiuae/Falcon-H1-7B-Instruct", "provider": "transformers", "response": "альными числами путем округления процентов процентов процентов процентов процентов процентов процентов процентов процентов процентов процентов процентов процентов процентов процентов процентов процентов процентов процентов процентов процентов процентов процентов процентов процентов процентов процентов процентов процентов процентов процентов процентов процентов процентов процентов процентов процентов процентов процентов процентов процентов процентов процентов процентов процентов процентов процентов процентов процентов процентов процентов процентов процентов процентов процентов процентов процентов процентов процентов процентов процентов процентов процентов процентов процентов процентов процентов процентов процентов процентов процентов процентов процентов процентов процентов процентов процентов процентов процентов процентов процентов процентов процентов процентов процентов процентов процентов процентов процентов процентов процентов процентов процентов процентов процентов процентов процентов процентов процентов процентов процентов процентов процентов процентов процентов процентов процентов процентов процентов процентов процентов процентов процентов процентов процентов процентов процентов процентов процентов процентов процентов процентов процентов процентов процентов процентов процентов процентов процентов процентов процентов процентов процентов процентов процентов процентов процентов процентов процентов процентов процентов процентов процентов процентов процентов процентов процентов процентов процентов процентов процентов процентов процентов процентов процентов процентов процентов процентов процентов процентов процентов процентов процентов процентов процентов процентов процентов процентов процентов процентов процентов процентов процентов процентов процентов процентов процентов процентов процентов процентов процентов процентов процентов процентов процентов процентов процентов процентов процентов процентов процентов процентов процентов процентов процентов процентов процентов процентов процентов процентов процентов процентов процентов процентов процентов процентов процентов процентов процентов процентов процентов процентов процентов процентов процентов процентов процентов процентов процентов процентов процентов процентов процентов процентов процентов процентов процентов процентов процентов процентов процентов процентов процентов процентов процентов процентов процентов процентов процентов процентов процентов процентов процентов процентов процентов процентов процентов процентов процентов процентов", "numeric_answer": null, "relative_error": null, "thinking_text": null, "has_tool_call": false, "tool_call": null, "usage": {"prompt_tokens": 210, "completion_tokens": 256, "total_tokens": 466, "token_count_source": "tokenizer"}, "decoding": {"temperature": 0.2, "top_p": null, "top_k": null, "max_tokens": 256, "seed": 42}, "prompt_tokens": 210, "completion_tokens": 256, "total_tokens": 466, "token_count_source": "tokenizer", "diffusion_steps": null, "flops_estimate": null, "flops_arch": null, "flops_model_params": null, "flops_active_params": null, "tokens_non_final": 254, "tokens_reasoning": 0, "tokens_response": 254, "elapsed_seconds": 19.07645869255066, "judgement": "Uncategorized"}
{"id": "basket_sum_000291", "topic": "basket_sum", "subtopic": "decimal_prices", "prompt": "You’re buying 4 items: $10.75, $8.39, $14.91, $11.50. About how much will you pay (before tax)?", "exact_value": 45.55, "model": "tiiuae/Falcon-H1-7B-Instruct", "provider": "transformers", "response": "�альное решение путем округления процентов процентов процентов процентов процентов процентов процентов процентов процентов процентов процентов процентов процентов процентов процентов процентов процентов процентов процентов процентов процентов процентов процентов процентов процентов процентов процентов процентов процентов процентов процентов процентов процентов процентов процентов процентов процентов процентов процентов процентов процентов процентов процентов процентов процентов процентов процентов процентов процентов процентов процентов процентов процентов процентов процентов процентов процентов процентов процентов процентов процентов процентов процентов процентов процентов процентов процентов процентов процентов процентов процентов процентов процентов процентов процентов процентов процентов процентов процентов процентов процентов процентов процентов процентов процентов процентов процентов процентов процентов процентов процентов процентов процентов процентов процентов процентов процентов процентов процентов процентов процентов процентов процентов процентов процентов процентов процентов процентов процентов процентов процентов процентов процентов процентов процентов процентов процентов процентов процентов процентов процентов процентов процентов процентов процентов процентов процентов процентов процентов процентов процентов процентов процентов процентов процентов процентов процентов процентов процентов процентов процентов процентов процентов процентов процентов процентов процентов процентов процентов процентов процентов процентов процентов процентов процентов процентов процентов процентов процентов процентов процентов процентов процентов процентов процентов процентов процентов процентов процентов процентов процентов процентов процентов процентов процентов процентов процентов процентов процентов процентов процентов процентов процентов процентов процентов процентов процентов процентов процентов процентов процентов процентов процентов процентов процентов процентов процентов процентов процентов процентов процентов процентов процентов процентов процентов процентов процентов процентов процентов процентов процентов процентов процентов процентов процентов процентов процентов процентов процентов процентов процентов процентов процентов процентов процентов процентов процентов процентов процентов процентов процентов процентов процентов процентов процентов процентов процентов процентов процентов процентов процентов процентов процентов процентов процентов процентов процентов процентов процентов процентов", "numeric_answer": null, "relative_error": null, "thinking_text": null, "has_tool_call": false, "tool_call": null, "usage": {"prompt_tokens": 211, "completion_tokens": 256, "total_tokens": 467, "token_count_source": "tokenizer"}, "decoding": {"temperature": 0.2, "top_p": null, "top_k": null, "max_tokens": 256, "seed": 42}, "prompt_tokens": 211, "completion_tokens": 256, "total_tokens": 467, "token_count_source": "tokenizer", "diffusion_steps": null, "flops_estimate": null, "flops_arch": null, "flops_model_params": null, "flops_active_params": null, "tokens_non_final": 254, "tokens_reasoning": 0, "tokens_response": 254, "elapsed_seconds": 18.993348121643066, "judgement": "Uncategorized"}
{"id": "basket_sum_000311", "topic": "basket_sum", "subtopic": "decimal_prices", "prompt": "You’re buying 3 items: $15.35, $16.98, $2.04. About how much will you pay (before tax)?", "exact_value": 34.37, "model": "tiiuae/Falcon-H1-7B-Instruct", "provider": "transformers", "response": "альными числами путем округления процентов процентов процентов процентов процентов процентов процентов процентов процентов процентов процентов процентов процентов процентов процентов процентов процентов процентов процентов процентов процентов процентов процентов процентов процентов процентов процентов процентов процентов процентов процентов процентов процентов процентов процентов процентов процентов процентов процентов процентов процентов процентов процентов процентов процентов процентов процентов процентов процентов процентов процентов процентов процентов процентов процентов процентов процентов процентов процентов процентов процентов процентов процентов процентов процентов процентов процентов процентов процентов процентов процентов процентов процентов процентов процентов процентов процентов процентов процентов процентов процентов процентов процентов процентов процентов процентов процентов процентов процентов процентов процентов процентов процентов процентов процентов процентов процентов процентов процентов процентов процентов процентов процентов процентов процентов процентов процентов процентов процентов процентов процентов процентов процентов процентов процентов процентов процентов процентов процентов процентов процентов процентов процентов процентов процентов процентов процентов процентов процентов процентов процентов процентов процентов процентов процентов процентов процентов процентов процентов процентов процентов процентов процентов процентов процентов процентов процентов процентов процентов процентов процентов процентов процентов процентов процентов процентов процентов процентов процентов процентов процентов процентов процентов процентов процентов процентов процентов процентов процентов процентов процентов процентов процентов процентов процентов процентов процентов процентов процентов процентов процентов процентов процентов процентов процентов процентов процентов процентов процентов процентов процентов процентов процентов процентов процентов процентов процентов процентов процентов процентов процентов процентов процентов процентов процентов процентов процентов процентов процентов процентов процентов процентов процентов процентов процентов процентов процентов процентов процентов процентов процентов процентов процентов процентов процентов процентов процентов процентов процентов процентов процентов процентов процентов процентов процентов процентов процентов процентов процентов процентов процентов процентов процентов процентов процентов процентов процентов процентов процентов процентов", "numeric_answer": null, "relative_error": null, "thinking_text": null, "has_tool_call": false, "tool_call": null, "usage": {"prompt_tokens": 203, "completion_tokens": 256, "total_tokens": 459, "token_count_source": "tokenizer"}, "decoding": {"temperature": 0.2, "top_p": null, "top_k": null, "max_tokens": 256, "seed": 42}, "prompt_tokens": 203, "completion_tokens": 256, "total_tokens": 459, "token_count_source": "tokenizer", "diffusion_steps": null, "flops_estimate": null, "flops_arch": null, "flops_model_params": null, "flops_active_params": null, "tokens_non_final": 254, "tokens_reasoning": 0, "tokens_response": 254, "elapsed_seconds": 18.928621768951416, "judgement": "Uncategorized"}
{"id": "basket_sum_000331", "topic": "basket_sum", "subtopic": "decimal_prices", "prompt": "You’re buying 6 items: $10.51, $16.13, $18.17, $3.75, $7.32, $10.07. About how much will you pay (before tax)?", "exact_value": 65.95, "model": "tiiuae/Falcon-H1-7B-Instruct", "provider": "transformers", "response": "альными числами путем округления процентов процентов процентов процентов процентов процентов процентов процентов процентов процентов процентов процентов процентов процентов процентов процентов процентов процентов процентов процентов процентов процентов процентов процентов процентов процентов процентов процентов процентов процентов процентов процентов процентов процентов процентов процентов процентов процентов процентов процентов процентов процентов процентов процентов процентов процентов процентов процентов процентов процентов процентов процентов процентов процентов процентов процентов процентов процентов процентов процентов процентов процентов процентов процентов процентов процентов процентов процентов процентов процентов процентов процентов процентов процентов процентов процентов процентов процентов процентов процентов процентов процентов процентов процентов процентов процентов процентов процентов процентов процентов процентов процентов процентов процентов процентов процентов процентов процентов процентов процентов процентов процентов процентов процентов процентов процентов процентов процентов процентов процентов процентов процентов процентов процентов процентов процентов процентов процентов процентов процентов процентов процентов процентов процентов процентов процентов процентов процентов процентов процентов процентов процентов процентов процентов процентов процентов процентов процентов процентов процентов процентов процентов процентов процентов процентов процентов процентов процентов процентов процентов процентов процентов процентов процентов процентов процентов процентов процентов процентов процентов процентов процентов процентов процентов процентов процентов процентов процентов процентов процентов процентов процентов процентов процентов процентов процентов процентов процентов процентов процентов процентов процентов процентов процентов процентов процентов процентов процентов процентов процентов процентов процентов процентов процентов процентов процентов процентов процентов процентов процентов процентов процентов процентов процентов процентов процентов процентов процентов процентов процентов процентов процентов процентов процентов процентов процентов процентов процентов процентов процентов процентов процентов процентов процентов процентов процентов процентов процентов процентов процентов процентов процентов процентов процентов процентов процентов процентов процентов процентов процентов процентов процентов процентов процентов процентов процентов процентов процентов процентов процентов", "numeric_answer": null, "relative_error": null, "thinking_text": null, "has_tool_call": false, "tool_call": null, "usage": {"prompt_tokens": 226, "completion_tokens": 256, "total_tokens": 482, "token_count_source": "tokenizer"}, "decoding": {"temperature": 0.2, "top_p": null, "top_k": null, "max_tokens": 256, "seed": 42}, "prompt_tokens": 226, "completion_tokens": 256, "total_tokens": 482, "token_count_source": "tokenizer", "diffusion_steps": null, "flops_estimate": null, "flops_arch": null, "flops_model_params": null, "flops_active_params": null, "tokens_non_final": 254, "tokens_reasoning": 0, "tokens_response": 254, "elapsed_seconds": 19.357263565063477, "judgement": "Uncategorized"}
{"id": "basket_sum_000351", "topic": "basket_sum", "subtopic": "decimal_prices", "prompt": "You’re buying 5 items: $4.79, $14.12, $9.07, $19.61, $11.68. About how much will you pay (before tax)?", "exact_value": 59.27, "model": "tiiuae/Falcon-H1-7B-Instruct", "provider": "transformers", "response": "альными числами путем округления процентов процентов процентов процентов процентов процентов процентов процентов процентов процентов процентов процентов процентов процентов процентов процентов процентов процентов процентов процентов процентов процентов процентов процентов процентов процентов процентов процентов процентов процентов процентов процентов процентов процентов процентов процентов процентов процентов процентов процентов процентов процентов процентов процентов процентов процентов процентов процентов процентов процентов процентов процентов процентов процентов процентов процентов процентов процентов процентов процентов процентов процентов процентов процентов процентов процентов процентов процентов процентов процентов процентов процентов процентов процентов процентов процентов процентов процентов процентов процентов процентов процентов процентов процентов процентов процентов процентов процентов процентов процентов процентов процентов процентов процентов процентов процентов процентов процентов процентов процентов процентов процентов процентов процентов процентов процентов процентов процентов процентов процентов процентов процентов процентов процентов процентов процентов процентов процентов процентов процентов процентов процентов процентов процентов процентов процентов процентов процентов процентов процентов процентов процентов процентов процентов процентов процентов процентов процентов процентов процентов процентов процентов процентов процентов процентов процентов процентов процентов процентов процентов процентов процентов процентов процентов процентов процентов процентов процентов процентов процентов процентов процентов процентов процентов процентов процентов процентов процентов процентов процентов процентов процентов процентов процентов процентов процентов процентов процентов процентов процентов процентов процентов процентов процентов процентов процентов процентов процентов процентов процентов процентов процентов процентов процентов процентов процентов процентов процентов процентов процентов процентов процентов процентов процентов процентов процентов процентов процентов процентов процентов процентов процентов процентов процентов процентов процентов процентов процентов процентов процентов процентов процентов процентов процентов процентов процентов процентов процентов процентов процентов процентов процентов процентов процентов процентов процентов процентов процентов процентов процентов процентов процентов процентов процентов процентов процентов процентов процентов процентов процентов", "numeric_answer": null, "relative_error": null, "thinking_text": null, "has_tool_call": false, "tool_call": null, "usage": {"prompt_tokens": 218, "completion_tokens": 256, "total_tokens": 474, "token_count_source": "tokenizer"}, "decoding": {"temperature": 0.2, "top_p": null, "top_k": null, "max_tokens": 256, "seed": 42}, "prompt_tokens": 218, "completion_tokens": 256, "total_tokens": 474, "token_count_source": "tokenizer", "diffusion_steps": null, "flops_estimate": null, "flops_arch": null, "flops_model_params": null, "flops_active_params": null, "tokens_non_final": 254, "tokens_reasoning": 0, "tokens_response": 254, "elapsed_seconds": 18.53483510017395, "judgement": "Uncategorized"}
{"id": "basket_sum_000371", "topic": "basket_sum", "subtopic": "decimal_prices", "prompt": "You’re buying 5 items: $9.72, $2.29, $17.88, $2.49, $9.86. About how much will you pay (before tax)?", "exact_value": 42.24, "model": "tiiuae/Falcon-H1-7B-Instruct", "provider": "transformers", "response": "альными числами путем округления процентов процентов процентов процентов процентов процентов процентов процентов процентов процентов процентов процентов процентов процентов процентов процентов процентов процентов процентов процентов процентов процентов процентов процентов процентов процентов процентов процентов процентов процентов процентов процентов процентов процентов процентов процентов процентов процентов процентов процентов процентов процентов процентов процентов процентов процентов процентов процентов процентов процентов процентов процентов процентов процентов процентов процентов процентов процентов процентов процентов процентов процентов процентов процентов процентов процентов процентов процентов процентов процентов процентов процентов процентов процентов процентов процентов процентов процентов процентов процентов процентов процентов процентов процентов процентов процентов процентов процентов процентов процентов процентов процентов процентов процентов процентов процентов процентов процентов процентов процентов процентов процентов процентов процентов процентов процентов процентов процентов процентов процентов процентов процентов процентов процентов процентов процентов процентов процентов процентов процентов процентов процентов процентов процентов процентов процентов процентов процентов процентов процентов процентов процентов процентов процентов процентов процентов процентов процентов процентов процентов процентов процентов процентов процентов процентов процентов процентов процентов процентов процентов процентов процентов процентов процентов процентов процентов процентов процентов процентов процентов процентов процентов процентов процентов процентов процентов процентов процентов процентов процентов процентов процентов процентов процентов процентов процентов процентов процентов процентов процентов процентов процентов процентов процентов процентов процентов процентов процентов процентов процентов процентов процентов процентов процентов процентов процентов процентов процентов процентов процентов процентов процентов процентов процентов процентов процентов процентов процентов процентов процентов процентов процентов процентов процентов процентов процентов процентов процентов процентов процентов процентов процентов процентов процентов процентов процентов процентов процентов процентов процентов процентов процентов процентов процентов процентов процентов процентов процентов процентов процентов процентов процентов процентов процентов процентов процентов процентов процентов процентов процентов", "numeric_answer": null, "relative_error": null, "thinking_text": null, "has_tool_call": false, "tool_call": null, "usage": {"prompt_tokens": 216, "completion_tokens": 256, "total_tokens": 472, "token_count_source": "tokenizer"}, "decoding": {"temperature": 0.2, "top_p": null, "top_k": null, "max_tokens": 256, "seed": 42}, "prompt_tokens": 216, "completion_tokens": 256, "total_tokens": 472, "token_count_source": "tokenizer", "diffusion_steps": null, "flops_estimate": null, "flops_arch": null, "flops_model_params": null, "flops_active_params": null, "tokens_non_final": 254, "tokens_reasoning": 0, "tokens_response": 254, "elapsed_seconds": 18.42537569999695, "judgement": "Uncategorized"}
{"id": "basket_sum_000391", "topic": "basket_sum", "subtopic": "decimal_prices", "prompt": "You’re buying 6 items: $2.67, $2.79, $9.35, $5.00, $6.23, $4.50. About how much will you pay (before tax)?", "exact_value": 30.54, "model": "tiiuae/Falcon-H1-7B-Instruct", "provider": "transformers", "response": "альными числами путем округления процентов процентов процентов процентов процентов процентов процентов процентов процентов процентов процентов процентов процентов процентов процентов процентов процентов процентов процентов процентов процентов процентов процентов процентов процентов процентов процентов процентов процентов процентов процентов процентов процентов процентов процентов процентов процентов процентов процентов процентов процентов процентов процентов процентов процентов процентов процентов процентов процентов процентов процентов процентов процентов процентов процентов процентов процентов процентов процентов процентов процентов процентов процентов процентов процентов процентов процентов процентов процентов процентов процентов процентов процентов процентов процентов процентов процентов процентов процентов процентов процентов процентов процентов процентов процентов процентов процентов процентов процентов процентов процентов процентов процентов процентов процентов процентов процентов процентов процентов процентов процентов процентов процентов процентов процентов процентов процентов процентов процентов процентов процентов процентов процентов процентов процентов процентов процентов процентов процентов процентов процентов процентов процентов процентов процентов процентов процентов процентов процентов процентов процентов процентов процентов процентов процентов процентов процентов процентов процентов процентов процентов процентов процентов процентов процентов процентов процентов процентов процентов процентов процентов процентов процентов процентов процентов процентов процентов процентов процентов процентов процентов процентов процентов процентов процентов процентов процентов процентов процентов процентов процентов процентов процентов процентов процентов процентов процентов процентов процентов процентов процентов процентов процентов процентов процентов процентов процентов процентов процентов процентов процентов процентов процентов процентов процентов процентов процентов процентов процентов процентов процентов процентов процентов процентов процентов процентов процентов процентов процентов процентов процентов процентов процентов процентов процентов процентов процентов процентов процентов процентов процентов процентов процентов процентов процентов процентов процентов процентов процентов процентов процентов процентов процентов процентов процентов процентов процентов процентов процентов процентов процентов процентов процентов процентов процентов процентов процентов процентов процентов процентов", "numeric_answer": null, "relative_error": null, "thinking_text": null, "has_tool_call": false, "tool_call": null, "usage": {"prompt_tokens": 222, "completion_tokens": 256, "total_tokens": 478, "token_count_source": "tokenizer"}, "decoding": {"temperature": 0.2, "top_p": null, "top_k": null, "max_tokens": 256, "seed": 42}, "prompt_tokens": 222, "completion_tokens": 256, "total_tokens": 478, "token_count_source": "tokenizer", "diffusion_steps": null, "flops_estimate": null, "flops_arch": null, "flops_model_params": null, "flops_active_params": null, "tokens_non_final": 254, "tokens_reasoning": 0, "tokens_response": 254, "elapsed_seconds": 18.45245885848999, "judgement": "Uncategorized"}
{"id": "basket_sum_000411", "topic": "basket_sum", "subtopic": "decimal_prices", "prompt": "You’re buying 6 items: $19.35, $1.11, $7.30, $7.27, $14.63, $8.58. About how much will you pay (before tax)?", "exact_value": 58.24, "model": "tiiuae/Falcon-H1-7B-Instruct", "provider": "transformers", "response": "альными числами округлим каждый ценник насколько возможно насколько возможно насколько возможно насколько возможно насколько возможно насколько возможно насколько возможно насколько возможно насколько возможно насколько возможно насколько возможно насколько возможно насколько возможно насколько возможно насколько возможно насколько возможно насколько возможно насколько возможно насколько возможно насколько возможно насколько возможно насколько возможно насколько возможно насколько возможно насколько возможно насколько возможно насколько возможно насколько возможно насколько возможно насколько возможно насколько возможно насколько возможно насколько возможно насколько возможно насколько возможно насколько возможно насколько возможно насколько возможно насколько возможно насколько возможно насколько возможно насколько возможно насколько возможно насколько возможно насколько возможно насколько возможно насколько возможно насколько возможно насколько возможно насколько возможно насколько возможно насколько возможно насколько возможно насколько возможно насколько возможно насколько возможно насколько возможно насколько возможно насколько возможно насколько возможно насколько возможно насколько возможно насколько возможно насколько возможно насколько возможно насколько возможно насколько возможно насколько возможно насколько возможно насколько возможно насколько возможно насколько возможно насколько возможно насколько возможно насколько возможно насколько возможно насколько возможно насколько возможно насколько возможно насколько возможно насколько возможно насколько возможно насколько возможно насколько возможно насколько возможно насколько возможно насколько возможно насколько возможно насколько возможно насколько возможно насколько возможно насколько возможно насколько возможно насколько возможно насколько возможно насколько возможно насколько возможно насколько возможно насколько возможно насколько возможно насколько возможно насколько возможно насколько возможно насколько возможно насколько возможно насколько возможно насколько возможно насколько возможно насколько возможно насколько возможно насколько возможно насколько возможно насколько возможно насколько возможно насколько возможно насколько возможно насколько возможно насколько возможно насколько возможно насколько возможно насколько возможно насколько возможно насколько возможно насколько возможно", "numeric_answer": null, "relative_error": null, "thinking_text": null, "has_tool_call": false, "tool_call": null, "usage": {"prompt_tokens": 224, "completion_tokens": 256, "total_tokens": 480, "token_count_source": "tokenizer"}, "decoding": {"temperature": 0.2, "top_p": null, "top_k": null, "max_tokens": 256, "seed": 42}, "prompt_tokens": 224, "completion_tokens": 256, "total_tokens": 480, "token_count_source": "tokenizer", "diffusion_steps": null, "flops_estimate": null, "flops_arch": null, "flops_model_params": null, "flops_active_params": null, "tokens_non_final": 253, "tokens_reasoning": 0, "tokens_response": 253, "elapsed_seconds": 18.405956506729126, "judgement": "Uncategorized"}
{"id": "basket_sum_000431", "topic": "basket_sum", "subtopic": "decimal_prices", "prompt": "You’re buying 5 items: $7.21, $16.25, $15.35, $1.62, $15.01. About how much will you pay (before tax)?", "exact_value": 55.44, "model": "tiiuae/Falcon-H1-7B-Instruct", "provider": "transformers", "response": "альными числами округлим суммы процентов насколько возможно насколько возможно насколько возможно насколько возможно насколько возможно насколько возможно насколько возможно насколько возможно насколько возможно насколько возможно насколько возможно насколько возможно насколько возможно насколько возможно насколько возможно насколько возможно насколько возможно насколько возможно насколько возможно насколько возможно насколько возможно насколько возможно насколько возможно насколько возможно насколько возможно насколько возможно насколько возможно насколько возможно насколько возможно насколько возможно насколько возможно насколько возможно насколько возможно насколько возможно насколько возможно насколько возможно насколько возможно насколько возможно насколько возможно насколько возможно насколько возможно насколько возможно насколько возможно насколько возможно насколько возможно насколько возможно насколько возможно насколько возможно насколько возможно насколько возможно насколько возможно насколько возможно насколько возможно насколько возможно насколько возможно насколько возможно насколько возможно насколько возможно насколько возможно насколько возможно насколько возможно насколько возможно насколько возможно насколько возможно насколько возможно насколько возможно насколько возможно насколько возможно насколько возможно насколько возможно насколько возможно насколько возможно насколько возможно насколько возможно насколько возможно насколько возможно насколько возможно насколько возможно насколько возможно насколько возможно насколько возможно насколько возможно насколько возможно насколько возможно насколько возможно насколько возможно насколько возможно насколько возможно насколько возможно насколько возможно насколько возможно насколько возможно насколько возможно насколько возможно насколько возможно насколько возможно насколько возможно насколько возможно насколько возможно насколько возможно насколько возможно насколько возможно насколько возможно насколько возможно насколько возможно насколько возможно насколько возможно насколько возможно насколько возможно насколько возможно насколько возможно насколько возможно насколько возможно насколько возможно насколько возможно насколько возможно насколько возможно насколько возможно насколько возможно насколько возможно насколько возможно насколько возможно насколько возможно насколько возможно насколько", "numeric_answer": null, "relative_error": null, "thinking_text": null, "has_tool_call": false, "tool_call": null, "usage": {"prompt_tokens": 218, "completion_tokens": 256, "total_tokens": 474, "token_count_source": "tokenizer"}, "decoding": {"temperature": 0.2, "top_p": null, "top_k": null, "max_tokens": 256, "seed": 42}, "prompt_tokens": 218, "completion_tokens": 256, "total_tokens": 474, "token_count_source": "tokenizer", "diffusion_steps": null, "flops_estimate": null, "flops_arch": null, "flops_model_params": null, "flops_active_params": null, "tokens_non_final": 254, "tokens_reasoning": 0, "tokens_response": 254, "elapsed_seconds": 18.44852304458618, "judgement": "Uncategorized"}
{"id": "basket_sum_000451", "topic": "basket_sum", "subtopic": "decimal_prices", "prompt": "You’re buying 4 items: $15.91, $2.34, $17.70, $14.92. About how much will you pay (before tax)?", "exact_value": 50.87, "model": "tiiuae/Falcon-H1-7B-Instruct", "provider": "transformers", "response": "альными числами процентов процентов процентов процентов процентов процентов процентов процентов процентов процентов процентов процентов процентов процентов процентов процентов процентов процентов процентов процентов процентов процентов процентов процентов процентов процентов процентов процентов процентов процентов процентов процентов процентов процентов процентов процентов процентов процентов процентов процентов процентов процентов процентов процентов процентов процентов процентов процентов процентов процентов процентов процентов процентов процентов процентов процентов процентов процентов процентов процентов процентов процентов процентов процентов процентов процентов процентов процентов процентов процентов процентов процентов процентов процентов процентов процентов процентов процентов процентов процентов процентов процентов процентов процентов процентов процентов процентов процентов процентов процентов процентов процентов процентов процентов процентов процентов процентов процентов процентов процентов процентов процентов процентов процентов процентов процентов процентов процентов процентов процентов процентов процентов процентов процентов процентов процентов процентов процентов процентов процентов процентов процентов процентов процентов процентов процентов процентов процентов процентов процентов процентов процентов процентов процентов процентов процентов процентов процентов процентов процентов процентов процентов процентов процентов процентов процентов процентов процентов процентов процентов процентов процентов процентов процентов процентов процентов процентов процентов процентов процентов процентов процентов процентов процентов процентов процентов процентов процентов процентов процентов процентов процентов процентов процентов процентов процентов процентов процентов процентов процентов процентов процентов процентов процентов процентов процентов процентов процентов процентов процентов процентов процентов процентов процентов процентов процентов процентов процентов процентов процентов процентов процентов процентов процентов процентов процентов процентов процентов процентов процентов процентов процентов процентов процентов процентов процентов процентов процентов процентов процентов процентов процентов процентов процентов процентов процентов процентов процентов процентов процентов процентов процентов процентов процентов процентов процентов процентов процентов процентов процентов процентов процентов процентов процентов процентов процентов процентов процентов процентов процентов процентов процентов процентов", "numeric_answer": null, "relative_error": null, "thinking_text": null, "has_tool_call": false, "tool_call": null, "usage": {"prompt_tokens": 211, "completion_tokens": 256, "total_tokens": 467, "token_count_source": "tokenizer"}, "decoding": {"temperature": 0.2, "top_p": null, "top_k": null, "max_tokens": 256, "seed": 42}, "prompt_tokens": 211, "completion_tokens": 256, "total_tokens": 467, "token_count_source": "tokenizer", "diffusion_steps": null, "flops_estimate": null, "flops_arch": null, "flops_model_params": null, "flops_active_params": null, "tokens_non_final": 255, "tokens_reasoning": 0, "tokens_response": 255, "elapsed_seconds": 18.517359733581543, "judgement": "Uncategorized"}
{"id": "basket_sum_000471", "topic": "basket_sum", "subtopic": "decimal_prices", "prompt": "You’re buying 5 items: $9.40, $19.52, $11.04, $3.12, $1.27. About how much will you pay (before tax)?", "exact_value": 44.35, "model": "tiiuae/Falcon-H1-7B-Instruct", "provider": "transformers", "response": "альными числами путем округления процентов процентов процентов процентов процентов процентов процентов процентов процентов процентов процентов процентов процентов процентов процентов процентов процентов процентов процентов процентов процентов процентов процентов процентов процентов процентов процентов процентов процентов процентов процентов процентов процентов процентов процентов процентов процентов процентов процентов процентов процентов процентов процентов процентов процентов процентов процентов процентов процентов процентов процентов процентов процентов процентов процентов процентов процентов процентов процентов процентов процентов процентов процентов процентов процентов процентов процентов процентов процентов процентов процентов процентов процентов процентов процентов процентов процентов процентов процентов процентов процентов процентов процентов процентов процентов процентов процентов процентов процентов процентов процентов процентов процентов процентов процентов процентов процентов процентов процентов процентов процентов процентов процентов процентов процентов процентов процентов процентов процентов процентов процентов процентов процентов процентов процентов процентов процентов процентов процентов процентов процентов процентов процентов процентов процентов процентов процентов процентов процентов процентов процентов процентов процентов процентов процентов процентов процентов процентов процентов процентов процентов процентов процентов процентов процентов процентов процентов процентов процентов процентов процентов процентов процентов процентов процентов процентов процентов процентов процентов процентов процентов процентов процентов процентов процентов процентов процентов процентов процентов процентов процентов процентов процентов процентов процентов процентов процентов процентов процентов процентов процентов процентов процентов процентов процентов процентов процентов процентов процентов процентов процентов процентов процентов процентов процентов процентов процентов процентов процентов процентов процентов процентов процентов процентов процентов процентов процентов процентов процентов процентов процентов процентов процентов процентов процентов процентов процентов процентов процентов процентов процентов процентов процентов процентов процентов процентов процентов процентов процентов процентов процентов процентов процентов процентов процентов процентов процентов процентов процентов процентов процентов процентов процентов процентов процентов процентов процентов процентов процентов процентов", "numeric_answer": null, "relative_error": null, "thinking_text": null, "has_tool_call": false, "tool_call": null, "usage": {"prompt_tokens": 217, "completion_tokens": 256, "total_tokens": 473, "token_count_source": "tokenizer"}, "decoding": {"temperature": 0.2, "top_p": null, "top_k": null, "max_tokens": 256, "seed": 42}, "prompt_tokens": 217, "completion_tokens": 256, "total_tokens": 473, "token_count_source": "tokenizer", "diffusion_steps": null, "flops_estimate": null, "flops_arch": null, "flops_model_params": null, "flops_active_params": null, "tokens_non_final": 254, "tokens_reasoning": 0, "tokens_response": 254, "elapsed_seconds": 18.482505798339844, "judgement": "Uncategorized"}
{"id": "basket_sum_000491", "topic": "basket_sum", "subtopic": "decimal_prices", "prompt": "You’re buying 3 items: $12.29, $7.74, $10.02. About how much will you pay (before tax)?", "exact_value": 30.05, "model": "tiiuae/Falcon-H1-7B-Instruct", "provider": "transformers", "response": "альными числами путем округления процентов процентов процентов процентов процентов процентов процентов процентов процентов процентов процентов процентов процентов процентов процентов процентов процентов процентов процентов процентов процентов процентов процентов процентов процентов процентов процентов процентов процентов процентов процентов процентов процентов процентов процентов процентов процентов процентов процентов процентов процентов процентов процентов процентов процентов процентов процентов процентов процентов процентов процентов процентов процентов процентов процентов процентов процентов процентов процентов процентов процентов процентов процентов процентов процентов процентов процентов процентов процентов процентов процентов процентов процентов процентов процентов процентов процентов процентов процентов процентов процентов процентов процентов процентов процентов процентов процентов процентов процентов процентов процентов процентов процентов процентов процентов процентов процентов процентов процентов процентов процентов процентов процентов процентов процентов процентов процентов процентов процентов процентов процентов процентов процентов процентов процентов процентов процентов процентов процентов процентов процентов процентов процентов процентов процентов процентов процентов процентов процентов процентов процентов процентов процентов процентов процентов процентов процентов процентов процентов процентов процентов процентов процентов процентов процентов процентов процентов процентов процентов процентов процентов процентов процентов процентов процентов процентов процентов процентов процентов процентов процентов процентов процентов процентов процентов процентов процентов процентов процентов процентов процентов процентов процентов процентов процентов процентов процентов процентов процентов процентов процентов процентов процентов процентов процентов процентов процентов процентов процентов процентов процентов процентов процентов процентов процентов процентов процентов процентов процентов процентов процентов процентов процентов процентов процентов процентов процентов процентов процентов процентов процентов процентов процентов процентов процентов процентов процентов процентов процентов процентов процентов процентов процентов процентов процентов процентов процентов процентов процентов процентов процентов процентов процентов процентов процентов процентов процентов процентов процентов процентов процентов процентов процентов процентов процентов процентов процентов процентов процентов процентов", "numeric_answer": null, "relative_error": null, "thinking_text": null, "has_tool_call": false, "tool_call": null, "usage": {"prompt_tokens": 203, "completion_tokens": 256, "total_tokens": 459, "token_count_source": "tokenizer"}, "decoding": {"temperature": 0.2, "top_p": null, "top_k": null, "max_tokens": 256, "seed": 42}, "prompt_tokens": 203, "completion_tokens": 256, "total_tokens": 459, "token_count_source": "tokenizer", "diffusion_steps": null, "flops_estimate": null, "flops_arch": null, "flops_model_params": null, "flops_active_params": null, "tokens_non_final": 254, "tokens_reasoning": 0, "tokens_response": 254, "elapsed_seconds": 18.715627431869507, "judgement": "Uncategorized"}
{"id": "basket_sum_000511", "topic": "basket_sum", "subtopic": "decimal_prices", "prompt": "You’re buying 5 items: $19.01, $7.47, $3.87, $10.40, $14.78. About how much will you pay (before tax)?", "exact_value": 55.53, "model": "tiiuae/Falcon-H1-7B-Instruct", "provider": "transformers", "response": "альными числами процентов процентов процентов процентов процентов процентов процентов процентов процентов процентов процентов процентов процентов процентов процентов процентов процентов процентов процентов процентов процентов процентов процентов процентов процентов процентов процентов процентов процентов процентов процентов процентов процентов процентов процентов процентов процентов процентов процентов процентов процентов процентов процентов процентов процентов процентов процентов процентов процентов процентов процентов процентов процентов процентов процентов процентов процентов процентов процентов процентов процентов процентов процентов процентов процентов процентов процентов процентов процентов процентов процентов процентов процентов процентов процентов процентов процентов процентов процентов процентов процентов процентов процентов процентов процентов процентов процентов процентов процентов процентов процентов процентов процентов процентов процентов процентов процентов процентов процентов процентов процентов процентов процентов процентов процентов процентов процентов процентов процентов процентов процентов процентов процентов процентов процентов процентов процентов процентов процентов процентов процентов процентов процентов процентов процентов процентов процентов процентов процентов процентов процентов процентов процентов процентов процентов процентов процентов процентов процентов процентов процентов процентов процентов процентов процентов процентов процентов процентов процентов процентов процентов процентов процентов процентов процентов процентов процентов процентов процентов процентов процентов процентов процентов процентов процентов процентов процентов процентов процентов процентов процентов процентов процентов процентов процентов процентов процентов процентов процентов процентов процентов процентов процентов процентов процентов процентов процентов процентов процентов процентов процентов процентов процентов процентов процентов процентов процентов процентов процентов процентов процентов процентов процентов процентов процентов процентов процентов процентов процентов процентов процентов процентов процентов процентов процентов процентов процентов процентов процентов процентов процентов процентов процентов процентов процентов процентов процентов процентов процентов процентов процентов процентов процентов процентов процентов процентов процентов процентов процентов процентов процентов процентов процентов процентов процентов процентов процентов процентов процентов процентов процентов процентов процентов", "numeric_answer": null, "relative_error": null, "thinking_text": null, "has_tool_call": false, "tool_call": null, "usage": {"prompt_tokens": 218, "completion_tokens": 256, "total_tokens": 474, "token_count_source": "tokenizer"}, "decoding": {"temperature": 0.2, "top_p": null, "top_k": null, "max_tokens": 256, "seed": 42}, "prompt_tokens": 218, "completion_tokens": 256, "total_tokens": 474, "token_count_source": "tokenizer", "diffusion_steps": null, "flops_estimate": null, "flops_arch": null, "flops_model_params": null, "flops_active_params": null, "tokens_non_final": 255, "tokens_reasoning": 0, "tokens_response": 255, "elapsed_seconds": 18.725126266479492, "judgement": "Uncategorized"}
{"id": "basket_sum_000531", "topic": "basket_sum", "subtopic": "decimal_prices", "prompt": "You’re buying 3 items: $19.08, $1.40, $9.05. About how much will you pay (before tax)?", "exact_value": 29.53, "model": "tiiuae/Falcon-H1-7B-Instruct", "provider": "transformers", "response": "альными числами путем округления процентов процентов процентов процентов процентов процентов процентов процентов процентов процентов процентов процентов процентов процентов процентов процентов процентов процентов процентов процентов процентов процентов процентов процентов процентов процентов процентов процентов процентов процентов процентов процентов процентов процентов процентов процентов процентов процентов процентов процентов процентов процентов процентов процентов процентов процентов процентов процентов процентов процентов процентов процентов процентов процентов процентов процентов процентов процентов процентов процентов процентов процентов процентов процентов процентов процентов процентов процентов процентов процентов процентов процентов процентов процентов процентов процентов процентов процентов процентов процентов процентов процентов процентов процентов процентов процентов процентов процентов процентов процентов процентов процентов процентов процентов процентов процентов процентов процентов процентов процентов процентов процентов процентов процентов процентов процентов процентов процентов процентов процентов процентов процентов процентов процентов процентов процентов процентов процентов процентов процентов процентов процентов процентов процентов процентов процентов процентов процентов процентов процентов процентов процентов процентов процентов процентов процентов процентов процентов процентов процентов процентов процентов процентов процентов процентов процентов процентов процентов процентов процентов процентов процентов процентов процентов процентов процентов процентов процентов процентов процентов процентов процентов процентов процентов процентов процентов процентов процентов процентов процентов процентов процентов процентов процентов процентов процентов процентов процентов процентов процентов процентов процентов процентов процентов процентов процентов процентов процентов процентов процентов процентов процентов процентов процентов процентов процентов процентов процентов процентов процентов процентов процентов процентов процентов процентов процентов процентов процентов процентов процентов процентов процентов процентов процентов процентов процентов процентов процентов процентов процентов процентов процентов процентов процентов процентов процентов процентов процентов процентов процентов процентов процентов процентов процентов процентов процентов процентов процентов процентов процентов процентов процентов процентов процентов процентов процентов процентов процентов процентов процентов", "numeric_answer": null, "relative_error": null, "thinking_text": null, "has_tool_call": false, "tool_call": null, "usage": {"prompt_tokens": 202, "completion_tokens": 256, "total_tokens": 458, "token_count_source": "tokenizer"}, "decoding": {"temperature": 0.2, "top_p": null, "top_k": null, "max_tokens": 256, "seed": 42}, "prompt_tokens": 202, "completion_tokens": 256, "total_tokens": 458, "token_count_source": "tokenizer", "diffusion_steps": null, "flops_estimate": null, "flops_arch": null, "flops_model_params": null, "flops_active_params": null, "tokens_non_final": 254, "tokens_reasoning": 0, "tokens_response": 254, "elapsed_seconds": 18.501791954040527, "judgement": "Uncategorized"}
{"id": "basket_sum_000551", "topic": "basket_sum", "subtopic": "decimal_prices", "prompt": "You’re buying 4 items: $11.87, $4.88, $19.26, $15.04. About how much will you pay (before tax)?", "exact_value": 51.05, "model": "tiiuae/Falcon-H1-7B-Instruct", "provider": "transformers", "response": "альными числами путем округления процентов процентов процентов процентов процентов процентов процентов процентов процентов процентов процентов процентов процентов процентов процентов процентов процентов процентов процентов процентов процентов процентов процентов процентов процентов процентов процентов процентов процентов процентов процентов процентов процентов процентов процентов процентов процентов процентов процентов процентов процентов процентов процентов процентов процентов процентов процентов процентов процентов процентов процентов процентов процентов процентов процентов процентов процентов процентов процентов процентов процентов процентов процентов процентов процентов процентов процентов процентов процентов процентов процентов процентов процентов процентов процентов процентов процентов процентов процентов процентов процентов процентов процентов процентов процентов процентов процентов процентов процентов процентов процентов процентов процентов процентов процентов процентов процентов процентов процентов процентов процентов процентов процентов процентов процентов процентов процентов процентов процентов процентов процентов процентов процентов процентов процентов процентов процентов процентов процентов процентов процентов процентов процентов процентов процентов процентов процентов процентов процентов процентов процентов процентов процентов процентов процентов процентов процентов процентов процентов процентов процентов процентов процентов процентов процентов процентов процентов процентов процентов процентов процентов процентов процентов процентов процентов процентов процентов процентов процентов процентов процентов процентов процентов процентов процентов процентов процентов процентов процентов процентов процентов процентов процентов процентов процентов процентов процентов процентов процентов процентов процентов процентов процентов процентов процентов процентов процентов процентов процентов процентов процентов процентов процентов процентов процентов процентов процентов процентов процентов процентов процентов процентов процентов процентов процентов процентов процентов процентов процентов процентов процентов процентов процентов процентов процентов процентов процентов процентов процентов процентов процентов процентов процентов процентов процентов процентов процентов процентов процентов процентов процентов процентов процентов процентов процентов процентов процентов процентов процентов процентов процентов процентов процентов процентов процентов процентов процентов процентов процентов процентов", "numeric_answer": null, "relative_error": null, "thinking_text": null, "has_tool_call": false, "tool_call": null, "usage": {"prompt_tokens": 211, "completion_tokens": 256, "total_tokens": 467, "token_count_source": "tokenizer"}, "decoding": {"temperature": 0.2, "top_p": null, "top_k": null, "max_tokens": 256, "seed": 42}, "prompt_tokens": 211, "completion_tokens": 256, "total_tokens": 467, "token_count_source": "tokenizer", "diffusion_steps": null, "flops_estimate": null, "flops_arch": null, "flops_model_params": null, "flops_active_params": null, "tokens_non_final": 254, "tokens_reasoning": 0, "tokens_response": 254, "elapsed_seconds": 18.819079399108887, "judgement": "Uncategorized"}
{"id": "basket_sum_000571", "topic": "basket_sum", "subtopic": "decimal_prices", "prompt": "You’re buying 6 items: $6.73, $19.19, $7.76, $16.39, $3.13, $17.44. About how much will you pay (before tax)?", "exact_value": 70.64, "model": "tiiuae/Falcon-H1-7B-Instruct", "provider": "transformers", "response": "альными числами путем округления процентов процентов процентов процентов процентов процентов процентов процентов процентов процентов процентов процентов процентов процентов процентов процентов процентов процентов процентов процентов процентов процентов процентов процентов процентов процентов процентов процентов процентов процентов процентов процентов процентов процентов процентов процентов процентов процентов процентов процентов процентов процентов процентов процентов процентов процентов процентов процентов процентов процентов процентов процентов процентов процентов процентов процентов процентов процентов процентов процентов процентов процентов процентов процентов процентов процентов процентов процентов процентов процентов процентов процентов процентов процентов процентов процентов процентов процентов процентов процентов процентов процентов процентов процентов процентов процентов процентов процентов процентов процентов процентов процентов процентов процентов процентов процентов процентов процентов процентов процентов процентов процентов процентов процентов процентов процентов процентов процентов процентов процентов процентов процентов процентов процентов процентов процентов процентов процентов процентов процентов процентов процентов процентов процентов процентов процентов процентов процентов процентов процентов процентов процентов процентов процентов процентов процентов процентов процентов процентов процентов процентов процентов процентов процентов процентов процентов процентов процентов процентов процентов процентов процентов процентов процентов процентов процентов процентов процентов процентов процентов процентов процентов процентов процентов процентов процентов процентов процентов процентов процентов процентов процентов процентов процентов процентов процентов процентов процентов процентов процентов процентов процентов процентов процентов процентов процентов процентов процентов процентов процентов процентов процентов процентов процентов процентов процентов процентов процентов процентов процентов процентов процентов процентов процентов процентов процентов процентов процентов процентов процентов процентов процентов процентов процентов процентов процентов процентов процентов процентов процентов процентов процентов процентов процентов процентов процентов процентов процентов процентов процентов процентов процентов процентов процентов процентов процентов процентов процентов процентов процентов процентов процентов процентов процентов процентов процентов процентов процентов процентов процентов", "numeric_answer": null, "relative_error": null, "thinking_text": null, "has_tool_call": false, "tool_call": null, "usage": {"prompt_tokens": 225, "completion_tokens": 256, "total_tokens": 481, "token_count_source": "tokenizer"}, "decoding": {"temperature": 0.2, "top_p": null, "top_k": null, "max_tokens": 256, "seed": 42}, "prompt_tokens": 225, "completion_tokens": 256, "total_tokens": 481, "token_count_source": "tokenizer", "diffusion_steps": null, "flops_estimate": null, "flops_arch": null, "flops_model_params": null, "flops_active_params": null, "tokens_non_final": 254, "tokens_reasoning": 0, "tokens_response": 254, "elapsed_seconds": 18.814960718154907, "judgement": "Uncategorized"}
{"id": "basket_sum_000591", "topic": "basket_sum", "subtopic": "decimal_prices", "prompt": "You’re buying 3 items: $0.99, $3.35, $7.00. About how much will you pay (before tax)?", "exact_value": 11.34, "model": "tiiuae/Falcon-H1-7B-Instruct", "provider": "transformers", "response": "альными числами путем округления до ближайшего целого числа согласно правилам округления согласно задаче путем избежания сложения процентов процентов путем избежания сложения процентов процентов путем избежания сложения процентов процентов путем избежания сложения процентов процентов путем избежания сложения процентов процентов путем избежания сложения процентов процентов путем избежания процентов процентов путем избежания процентов процентов путем избежания процентов процентов путем избежания процентов процентов путем избежания процентов процентов путем избежания процентов процентов путем избежания процентов процентов путем избежания процентов процентов путем избежания процентов процентов путем избежания процентов процентов путем избежания процентов процентов путем избежания процентов процентов путем избежания процентов процентов путем избежания процентов процентов путем избежания процентов процентов путем избежания процентов процентов путем избежания процентов процентов путем избежания процентов процентов путем избежания процентов процентов путем избежания процентов процентов путем избежания процентов процентов путем избежания процентов процентов путем избежания процентов процентов путем избежания процентов процентов путем избежания процентов процентов путем избежания процентов процентов путем избежания процентов процентов путем избежания процентов процентов путем избежания процентов процентов путем избежания процентов процентов путем избежания процентов процентов путем избежания процентов процентов путем избежания процентов процентов путем избежания процентов процентов путем избежания процентов процентов путем избежания процентов процентов путем избежания процентов процентов путем избежания процентов процентов путем избежания процентов", "numeric_answer": null, "relative_error": null, "thinking_text": null, "has_tool_call": false, "tool_call": null, "usage": {"prompt_tokens": 201, "completion_tokens": 256, "total_tokens": 457, "token_count_source": "tokenizer"}, "decoding": {"temperature": 0.2, "top_p": null, "top_k": null, "max_tokens": 256, "seed": 42}, "prompt_tokens": 201, "completion_tokens": 256, "total_tokens": 457, "token_count_source": "tokenizer", "diffusion_steps": null, "flops_estimate": null, "flops_arch": null, "flops_model_params": null, "flops_active_params": null, "tokens_non_final": 198, "tokens_reasoning": 0, "tokens_response": 198, "elapsed_seconds": 18.632001399993896, "judgement": "Uncategorized"}
{"id": "basket_sum_000611", "topic": "basket_sum", "subtopic": "decimal_prices", "prompt": "You’re buying 5 items: $18.98, $19.99, $18.20, $16.09, $3.27. About how much will you pay (before tax)?", "exact_value": 76.53, "model": "tiiuae/Falcon-H1-7B-Instruct", "provider": "transformers", "response": "альными числами путем округления процентов процентов процентов процентов процентов процентов процентов процентов процентов процентов процентов процентов процентов процентов процентов процентов процентов процентов процентов процентов процентов процентов процентов процентов процентов процентов процентов процентов процентов процентов процентов процентов процентов процентов процентов процентов процентов процентов процентов процентов процентов процентов процентов процентов процентов процентов процентов процентов процентов процентов процентов процентов процентов процентов процентов процентов процентов процентов процентов процентов процентов процентов процентов процентов процентов процентов процентов процентов процентов процентов процентов процентов процентов процентов процентов процентов процентов процентов процентов процентов процентов процентов процентов процентов процентов процентов процентов процентов процентов процентов процентов процентов процентов процентов процентов процентов процентов процентов процентов процентов процентов процентов процентов процентов процентов процентов процентов процентов процентов процентов процентов процентов процентов процентов процентов процентов процентов процентов процентов процентов процентов процентов процентов процентов процентов процентов процентов процентов процентов процентов процентов процентов процентов процентов процентов процентов процентов процентов процентов процентов процентов процентов процентов процентов процентов процентов процентов процентов процентов процентов процентов процентов процентов процентов процентов процентов процентов процентов процентов процентов процентов процентов процентов процентов процентов процентов процентов процентов процентов процентов процентов процентов процентов процентов процентов процентов процентов процентов процентов процентов процентов процентов процентов процентов процентов процентов процентов процентов процентов процентов процентов процентов процентов процентов процентов процентов процентов процентов процентов процентов процентов процентов процентов процентов процентов процентов процентов процентов процентов процентов процентов процентов процентов процентов процентов процентов процентов процентов процентов процентов процентов процентов процентов процентов процентов процентов процентов процентов процентов процентов процентов процентов процентов процентов процентов процентов процентов процентов процентов процентов процентов процентов процентов процентов процентов процентов процентов процентов процентов процентов", "numeric_answer": null, "relative_error": null, "thinking_text": null, "has_tool_call": false, "tool_call": null, "usage": {"prompt_tokens": 219, "completion_tokens": 256, "total_tokens": 475, "token_count_source": "tokenizer"}, "decoding": {"temperature": 0.2, "top_p": null, "top_k": null, "max_tokens": 256, "seed": 42}, "prompt_tokens": 219, "completion_tokens": 256, "total_tokens": 475, "token_count_source": "tokenizer", "diffusion_steps": null, "flops_estimate": null, "flops_arch": null, "flops_model_params": null, "flops_active_params": null, "tokens_non_final": 254, "tokens_reasoning": 0, "tokens_response": 254, "elapsed_seconds": 18.450892210006714, "judgement": "Uncategorized"}
{"id": "basket_sum_000631", "topic": "basket_sum", "subtopic": "decimal_prices", "prompt": "You’re buying 6 items: $6.60, $16.40, $12.63, $14.05, $19.28, $13.75. About how much will you pay (before tax)?", "exact_value": 82.71, "model": "tiiuae/Falcon-H1-7B-Instruct", "provider": "transformers", "response": "альными числами округлим каждый ценник насколько возможно насколько возможно насколько возможно насколько возможно насколько возможно насколько возможно насколько возможно насколько возможно насколько возможно насколько возможно насколько возможно насколько возможно насколько возможно насколько возможно насколько возможно насколько возможно насколько возможно насколько возможно насколько возможно насколько возможно насколько возможно насколько возможно насколько возможно насколько возможно насколько возможно насколько возможно насколько возможно насколько возможно насколько возможно насколько возможно насколько возможно насколько возможно насколько возможно насколько возможно насколько возможно насколько возможно насколько возможно насколько возможно насколько возможно насколько возможно насколько возможно насколько возможно насколько возможно насколько возможно насколько возможно насколько возможно насколько возможно насколько возможно насколько возможно насколько возможно насколько возможно насколько возможно насколько возможно насколько возможно насколько возможно насколько возможно насколько возможно насколько возможно насколько возможно насколько возможно насколько возможно насколько возможно насколько возможно насколько возможно насколько возможно насколько возможно насколько возможно насколько возможно насколько возможно насколько возможно насколько возможно насколько возможно насколько возможно насколько возможно насколько возможно насколько возможно насколько возможно насколько возможно насколько возможно насколько возможно насколько возможно насколько возможно насколько возможно насколько возможно насколько возможно насколько возможно насколько возможно насколько возможно насколько возможно насколько возможно насколько возможно насколько возможно насколько возможно насколько возможно насколько возможно насколько возможно насколько возможно насколько возможно насколько возможно насколько возможно насколько возможно насколько возможно насколько возможно насколько возможно насколько возможно насколько возможно насколько возможно насколько возможно насколько возможно насколько возможно насколько возможно насколько возможно насколько возможно насколько возможно насколько возможно насколько возможно насколько возможно насколько возможно насколько возможно насколько возможно насколько возможно насколько возможно насколько возможно насколько возможно", "numeric_answer": null, "relative_error": null, "thinking_text": null, "has_tool_call": false, "tool_call": null, "usage": {"prompt_tokens": 227, "completion_tokens": 256, "total_tokens": 483, "token_count_source": "tokenizer"}, "decoding": {"temperature": 0.2, "top_p": null, "top_k": null, "max_tokens": 256, "seed": 42}, "prompt_tokens": 227, "completion_tokens": 256, "total_tokens": 483, "token_count_source": "tokenizer", "diffusion_steps": null, "flops_estimate": null, "flops_arch": null, "flops_model_params": null, "flops_active_params": null, "tokens_non_final": 253, "tokens_reasoning": 0, "tokens_response": 253, "elapsed_seconds": 18.32446026802063, "judgement": "Uncategorized"}
{"id": "basket_sum_000651", "topic": "basket_sum", "subtopic": "decimal_prices", "prompt": "You’re buying 3 items: $14.35, $18.58, $9.20. About how much will you pay (before tax)?", "exact_value": 42.13, "model": "tiiuae/Falcon-H1-7B-Instruct", "provider": "transformers", "response": "альными числами путем округления процентов процентов процентов процентов процентов процентов процентов процентов процентов процентов процентов процентов процентов процентов процентов процентов процентов процентов процентов процентов процентов процентов процентов процентов процентов процентов процентов процентов процентов процентов процентов процентов процентов процентов процентов процентов процентов процентов процентов процентов процентов процентов процентов процентов процентов процентов процентов процентов процентов процентов процентов процентов процентов процентов процентов процентов процентов процентов процентов процентов процентов процентов процентов процентов процентов процентов процентов процентов процентов процентов процентов процентов процентов процентов процентов процентов процентов процентов процентов процентов процентов процентов процентов процентов процентов процентов процентов процентов процентов процентов процентов процентов процентов процентов процентов процентов процентов процентов процентов процентов процентов процентов процентов процентов процентов процентов процентов процентов процентов процентов процентов процентов процентов процентов процентов процентов процентов процентов процентов процентов процентов процентов процентов процентов процентов процентов процентов процентов процентов процентов процентов процентов процентов процентов процентов процентов процентов процентов процентов процентов процентов процентов процентов процентов процентов процентов процентов процентов процентов процентов процентов процентов процентов процентов процентов процентов процентов процентов процентов процентов процентов процентов процентов процентов процентов процентов процентов процентов процентов процентов процентов процентов процентов процентов процентов процентов процентов процентов процентов процентов процентов процентов процентов процентов процентов процентов процентов процентов процентов процентов процентов процентов процентов процентов процентов процентов процентов процентов процентов процентов процентов процентов процентов процентов процентов процентов процентов процентов процентов процентов процентов процентов процентов процентов процентов процентов процентов процентов процентов процентов процентов процентов процентов процентов процентов процентов процентов процентов процентов процентов процентов процентов процентов процентов процентов процентов процентов процентов процентов процентов процентов процентов процентов процентов процентов процентов процентов процентов процентов процентов", "numeric_answer": null, "relative_error": null, "thinking_text": null, "has_tool_call": false, "tool_call": null, "usage": {"prompt_tokens": 203, "completion_tokens": 256, "total_tokens": 459, "token_count_source": "tokenizer"}, "decoding": {"temperature": 0.2, "top_p": null, "top_k": null, "max_tokens": 256, "seed": 42}, "prompt_tokens": 203, "completion_tokens": 256, "total_tokens": 459, "token_count_source": "tokenizer", "diffusion_steps": null, "flops_estimate": null, "flops_arch": null, "flops_model_params": null, "flops_active_params": null, "tokens_non_final": 254, "tokens_reasoning": 0, "tokens_response": 254, "elapsed_seconds": 18.438909769058228, "judgement": "Uncategorized"}
{"id": "basket_sum_000671", "topic": "basket_sum", "subtopic": "decimal_prices", "prompt": "You’re buying 5 items: $5.42, $15.65, $14.74, $19.74, $2.91. About how much will you pay (before tax)?", "exact_value": 58.46, "model": "tiiuae/Falcon-H1-7B-Instruct", "provider": "transformers", "response": "альными числами процентов процентов процентов процентов процентов процентов процентов процентов процентов процентов процентов процентов процентов процентов процентов процентов процентов процентов процентов процентов процентов процентов процентов процентов процентов процентов процентов процентов процентов процентов процентов процентов процентов процентов процентов процентов процентов процентов процентов процентов процентов процентов процентов процентов процентов процентов процентов процентов процентов процентов процентов процентов процентов процентов процентов процентов процентов процентов процентов процентов процентов процентов процентов процентов процентов процентов процентов процентов процентов процентов процентов процентов процентов процентов процентов процентов процентов процентов процентов процентов процентов процентов процентов процентов процентов процентов процентов процентов процентов процентов процентов процентов процентов процентов процентов процентов процентов процентов процентов процентов процентов процентов процентов процентов процентов процентов процентов процентов процентов процентов процентов процентов процентов процентов процентов процентов процентов процентов процентов процентов процентов процентов процентов процентов процентов процентов процентов процентов процентов процентов процентов процентов процентов процентов процентов процентов процентов процентов процентов процентов процентов процентов процентов процентов процентов процентов процентов процентов процентов процентов процентов процентов процентов процентов процентов процентов процентов процентов процентов процентов процентов процентов процентов процентов процентов процентов процентов процентов процентов процентов процентов процентов процентов процентов процентов процентов процентов процентов процентов процентов процентов процентов процентов процентов процентов процентов процентов процентов процентов процентов процентов процентов процентов процентов процентов процентов процентов процентов процентов процентов процентов процентов процентов процентов процентов процентов процентов процентов процентов процентов процентов процентов процентов процентов процентов процентов процентов процентов процентов процентов процентов процентов процентов процентов процентов процентов процентов процентов процентов процентов процентов процентов процентов процентов процентов процентов процентов процентов процентов процентов процентов процентов процентов процентов процентов процентов процентов процентов процентов процентов процентов процентов процентов", "numeric_answer": null, "relative_error": null, "thinking_text": null, "has_tool_call": false, "tool_call": null, "usage": {"prompt_tokens": 218, "completion_tokens": 256, "total_tokens": 474, "token_count_source": "tokenizer"}, "decoding": {"temperature": 0.2, "top_p": null, "top_k": null, "max_tokens": 256, "seed": 42}, "prompt_tokens": 218, "completion_tokens": 256, "total_tokens": 474, "token_count_source": "tokenizer", "diffusion_steps": null, "flops_estimate": null, "flops_arch": null, "flops_model_params": null, "flops_active_params": null, "tokens_non_final": 255, "tokens_reasoning": 0, "tokens_response": 255, "elapsed_seconds": 18.892003536224365, "judgement": "Uncategorized"}
{"id": "basket_sum_000691", "topic": "basket_sum", "subtopic": "decimal_prices", "prompt": "You’re buying 6 items: $8.22, $18.07, $7.30, $1.67, $13.66, $9.30. About how much will you pay (before tax)?", "exact_value": 58.22, "model": "tiiuae/Falcon-H1-7B-Instruct", "provider": "transformers", "response": "альными числами путем округления процентов процентов процентов процентов процентов процентов процентов процентов процентов процентов процентов процентов процентов процентов процентов процентов процентов процентов процентов процентов процентов процентов процентов процентов процентов процентов процентов процентов процентов процентов процентов процентов процентов процентов процентов процентов процентов процентов процентов процентов процентов процентов процентов процентов процентов процентов процентов процентов процентов процентов процентов процентов процентов процентов процентов процентов процентов процентов процентов процентов процентов процентов процентов процентов процентов процентов процентов процентов процентов процентов процентов процентов процентов процентов процентов процентов процентов процентов процентов процентов процентов процентов процентов процентов процентов процентов процентов процентов процентов процентов процентов процентов процентов процентов процентов процентов процентов процентов процентов процентов процентов процентов процентов процентов процентов процентов процентов процентов процентов процентов процентов процентов процентов процентов процентов процентов процентов процентов процентов процентов процентов процентов процентов процентов процентов процентов процентов процентов процентов процентов процентов процентов процентов процентов процентов процентов процентов процентов процентов процентов процентов процентов процентов процентов процентов процентов процентов процентов процентов процентов процентов процентов процентов процентов процентов процентов процентов процентов процентов процентов процентов процентов процентов процентов процентов процентов процентов процентов процентов процентов процентов процентов процентов процентов процентов процентов процентов процентов процентов процентов процентов процентов процентов процентов процентов процентов процентов процентов процентов процентов процентов процентов процентов процентов процентов процентов процентов процентов процентов процентов процентов процентов процентов процентов процентов процентов процентов процентов процентов процентов процентов процентов процентов процентов процентов процентов процентов процентов процентов процентов процентов процентов процентов процентов процентов процентов процентов процентов процентов процентов процентов процентов процентов процентов процентов процентов процентов процентов процентов процентов процентов процентов процентов процентов процентов процентов процентов процентов процентов процентов", "numeric_answer": null, "relative_error": null, "thinking_text": null, "has_tool_call": false, "tool_call": null, "usage": {"prompt_tokens": 224, "completion_tokens": 256, "total_tokens": 480, "token_count_source": "tokenizer"}, "decoding": {"temperature": 0.2, "top_p": null, "top_k": null, "max_tokens": 256, "seed": 42}, "prompt_tokens": 224, "completion_tokens": 256, "total_tokens": 480, "token_count_source": "tokenizer", "diffusion_steps": null, "flops_estimate": null, "flops_arch": null, "flops_model_params": null, "flops_active_params": null, "tokens_non_final": 254, "tokens_reasoning": 0, "tokens_response": 254, "elapsed_seconds": 18.320051908493042, "judgement": "Uncategorized"}
{"id": "basket_sum_000711", "topic": "basket_sum", "subtopic": "decimal_prices", "prompt": "You’re buying 3 items: $16.39, $19.24, $12.71. About how much will you pay (before tax)?", "exact_value": 48.34, "model": "tiiuae/Falcon-H1-7B-Instruct", "provider": "transformers", "response": "альными числами путем округления процентов процентов процентов процентов процентов процентов процентов процентов процентов процентов процентов процентов процентов процентов процентов процентов процентов процентов процентов процентов процентов процентов процентов процентов процентов процентов процентов процентов процентов процентов процентов процентов процентов процентов процентов процентов процентов процентов процентов процентов процентов процентов процентов процентов процентов процентов процентов процентов процентов процентов процентов процентов процентов процентов процентов процентов процентов процентов процентов процентов процентов процентов процентов процентов процентов процентов процентов процентов процентов процентов процентов процентов процентов процентов процентов процентов процентов процентов процентов процентов процентов процентов процентов процентов процентов процентов процентов процентов процентов процентов процентов процентов процентов процентов процентов процентов процентов процентов процентов процентов процентов процентов процентов процентов процентов процентов процентов процентов процентов процентов процентов процентов процентов процентов процентов процентов процентов процентов процентов процентов процентов процентов процентов процентов процентов процентов процентов процентов процентов процентов процентов процентов процентов процентов процентов процентов процентов процентов процентов процентов процентов процентов процентов процентов процентов процентов процентов процентов процентов процентов процентов процентов процентов процентов процентов процентов процентов процентов процентов процентов процентов процентов процентов процентов процентов процентов процентов процентов процентов процентов процентов процентов процентов процентов процентов процентов процентов процентов процентов процентов процентов процентов процентов процентов процентов процентов процентов процентов процентов процентов процентов процентов процентов процентов процентов процентов процентов процентов процентов процентов процентов процентов процентов процентов процентов процентов процентов процентов процентов процентов процентов процентов процентов процентов процентов процентов процентов процентов процентов процентов процентов процентов процентов процентов процентов процентов процентов процентов процентов процентов процентов процентов процентов процентов процентов процентов процентов процентов процентов процентов процентов процентов процентов процентов процентов процентов процентов процентов процентов процентов", "numeric_answer": null, "relative_error": null, "thinking_text": null, "has_tool_call": false, "tool_call": null, "usage": {"prompt_tokens": 204, "completion_tokens": 256, "total_tokens": 460, "token_count_source": "tokenizer"}, "decoding": {"temperature": 0.2, "top_p": null, "top_k": null, "max_tokens": 256, "seed": 42}, "prompt_tokens": 204, "completion_tokens": 256, "total_tokens": 460, "token_count_source": "tokenizer", "diffusion_steps": null, "flops_estimate": null, "flops_arch": null, "flops_model_params": null, "flops_active_params": null, "tokens_non_final": 254, "tokens_reasoning": 0, "tokens_response": 254, "elapsed_seconds": 18.472070693969727, "judgement": "Uncategorized"}
{"id": "basket_sum_000731", "topic": "basket_sum", "subtopic": "decimal_prices", "prompt": "You’re buying 3 items: $17.18, $6.99, $17.00. About how much will you pay (before tax)?", "exact_value": 41.17, "model": "tiiuae/Falcon-H1-7B-Instruct", "provider": "transformers", "response": "альными числами путем округления процентов процентов процентов процентов процентов процентов процентов процентов процентов процентов процентов процентов процентов процентов процентов процентов процентов процентов процентов процентов процентов процентов процентов процентов процентов процентов процентов процентов процентов процентов процентов процентов процентов процентов процентов процентов процентов процентов процентов процентов процентов процентов процентов процентов процентов процентов процентов процентов процентов процентов процентов процентов процентов процентов процентов процентов процентов процентов процентов процентов процентов процентов процентов процентов процентов процентов процентов процентов процентов процентов процентов процентов процентов процентов процентов процентов процентов процентов процентов процентов процентов процентов процентов процентов процентов процентов процентов процентов процентов процентов процентов процентов процентов процентов процентов процентов процентов процентов процентов процентов процентов процентов процентов процентов процентов процентов процентов процентов процентов процентов процентов процентов процентов процентов процентов процентов процентов процентов процентов процентов процентов процентов процентов процентов процентов процентов процентов процентов процентов процентов процентов процентов процентов процентов процентов процентов процентов процентов процентов процентов процентов процентов процентов процентов процентов процентов процентов процентов процентов процентов процентов процентов процентов процентов процентов процентов процентов процентов процентов процентов процентов процентов процентов процентов процентов процентов процентов процентов процентов процентов процентов процентов процентов процентов процентов процентов процентов процентов процентов процентов процентов процентов процентов процентов процентов процентов процентов процентов процентов процентов процентов процентов процентов процентов процентов процентов процентов процентов процентов процентов процентов процентов процентов процентов процентов процентов процентов процентов процентов процентов процентов процентов процентов процентов процентов процентов процентов процентов процентов процентов процентов процентов процентов процентов процентов процентов процентов процентов процентов процентов процентов процентов процентов процентов процентов процентов процентов процентов процентов процентов процентов процентов процентов процентов процентов процентов процентов процентов процентов процентов", "numeric_answer": null, "relative_error": null, "thinking_text": null, "has_tool_call": false, "tool_call": null, "usage": {"prompt_tokens": 203, "completion_tokens": 256, "total_tokens": 459, "token_count_source": "tokenizer"}, "decoding": {"temperature": 0.2, "top_p": null, "top_k": null, "max_tokens": 256, "seed": 42}, "prompt_tokens": 203, "completion_tokens": 256, "total_tokens": 459, "token_count_source": "tokenizer", "diffusion_steps": null, "flops_estimate": null, "flops_arch": null, "flops_model_params": null, "flops_active_params": null, "tokens_non_final": 254, "tokens_reasoning": 0, "tokens_response": 254, "elapsed_seconds": 18.51262378692627, "judgement": "Uncategorized"}
{"id": "basket_sum_000751", "topic": "basket_sum", "subtopic": "decimal_prices", "prompt": "You’re buying 6 items: $6.72, $7.37, $7.87, $0.95, $12.05, $13.81. About how much will you pay (before tax)?", "exact_value": 48.77, "model": "tiiuae/Falcon-H1-7B-Instruct", "provider": "transformers", "response": "альными числами путем округления процентов процентов процентов процентов процентов процентов процентов процентов процентов процентов процентов процентов процентов процентов процентов процентов процентов процентов процентов процентов процентов процентов процентов процентов процентов процентов процентов процентов процентов процентов процентов процентов процентов процентов процентов процентов процентов процентов процентов процентов процентов процентов процентов процентов процентов процентов процентов процентов процентов процентов процентов процентов процентов процентов процентов процентов процентов процентов процентов процентов процентов процентов процентов процентов процентов процентов процентов процентов процентов процентов процентов процентов процентов процентов процентов процентов процентов процентов процентов процентов процентов процентов процентов процентов процентов процентов процентов процентов процентов процентов процентов процентов процентов процентов процентов процентов процентов процентов процентов процентов процентов процентов процентов процентов процентов процентов процентов процентов процентов процентов процентов процентов процентов процентов процентов процентов процентов процентов процентов процентов процентов процентов процентов процентов процентов процентов процентов процентов процентов процентов процентов процентов процентов процентов процентов процентов процентов процентов процентов процентов процентов процентов процентов процентов процентов процентов процентов процентов процентов процентов процентов процентов процентов процентов процентов процентов процентов процентов процентов процентов процентов процентов процентов процентов процентов процентов процентов процентов процентов процентов процентов процентов процентов процентов процентов процентов процентов процентов процентов процентов процентов процентов процентов процентов процентов процентов процентов процентов процентов процентов процентов процентов процентов процентов процентов процентов процентов процентов процентов процентов процентов процентов процентов процентов процентов процентов процентов процентов процентов процентов процентов процентов процентов процентов процентов процентов процентов процентов процентов процентов процентов процентов процентов процентов процентов процентов процентов процентов процентов процентов процентов процентов процентов процентов процентов процентов процентов процентов процентов процентов процентов процентов процентов процентов процентов процентов процентов процентов процентов процентов", "numeric_answer": null, "relative_error": null, "thinking_text": null, "has_tool_call": false, "tool_call": null, "usage": {"prompt_tokens": 224, "completion_tokens": 256, "total_tokens": 480, "token_count_source": "tokenizer"}, "decoding": {"temperature": 0.2, "top_p": null, "top_k": null, "max_tokens": 256, "seed": 42}, "prompt_tokens": 224, "completion_tokens": 256, "total_tokens": 480, "token_count_source": "tokenizer", "diffusion_steps": null, "flops_estimate": null, "flops_arch": null, "flops_model_params": null, "flops_active_params": null, "tokens_non_final": 254, "tokens_reasoning": 0, "tokens_response": 254, "elapsed_seconds": 18.650102376937866, "judgement": "Uncategorized"}
{"id": "basket_sum_000771", "topic": "basket_sum", "subtopic": "decimal_prices", "prompt": "You’re buying 4 items: $10.56, $15.22, $13.18, $10.57. About how much will you pay (before tax)?", "exact_value": 49.53, "model": "tiiuae/Falcon-H1-7B-Instruct", "provider": "transformers", "response": "альными числами путем округления процентов процентов процентов процентов процентов процентов процентов процентов процентов процентов процентов процентов процентов процентов процентов процентов процентов процентов процентов процентов процентов процентов процентов процентов процентов процентов процентов процентов процентов процентов процентов процентов процентов процентов процентов процентов процентов процентов процентов процентов процентов процентов процентов процентов процентов процентов процентов процентов процентов процентов процентов процентов процентов процентов процентов процентов процентов процентов процентов процентов процентов процентов процентов процентов процентов процентов процентов процентов процентов процентов процентов процентов процентов процентов процентов процентов процентов процентов процентов процентов процентов процентов процентов процентов процентов процентов процентов процентов процентов процентов процентов процентов процентов процентов процентов процентов процентов процентов процентов процентов процентов процентов процентов процентов процентов процентов процентов процентов процентов процентов процентов процентов процентов процентов процентов процентов процентов процентов процентов процентов процентов процентов процентов процентов процентов процентов процентов процентов процентов процентов процентов процентов процентов процентов процентов процентов процентов процентов процентов процентов процентов процентов процентов процентов процентов процентов процентов процентов процентов процентов процентов процентов процентов процентов процентов процентов процентов процентов процентов процентов процентов процентов процентов процентов процентов процентов процентов процентов процентов процентов процентов процентов процентов процентов процентов процентов процентов процентов процентов процентов процентов процентов процентов процентов процентов процентов процентов процентов процентов процентов процентов процентов процентов процентов процентов процентов процентов процентов процентов процентов процентов процентов процентов процентов процентов процентов процентов процентов процентов процентов процентов процентов процентов процентов процентов процентов процентов процентов процентов процентов процентов процентов процентов процентов процентов процентов процентов процентов процентов процентов процентов процентов процентов процентов процентов процентов процентов процентов процентов процентов процентов процентов процентов процентов процентов процентов процентов процентов процентов процентов", "numeric_answer": null, "relative_error": null, "thinking_text": null, "has_tool_call": false, "tool_call": null, "usage": {"prompt_tokens": 212, "completion_tokens": 256, "total_tokens": 468, "token_count_source": "tokenizer"}, "decoding": {"temperature": 0.2, "top_p": null, "top_k": null, "max_tokens": 256, "seed": 42}, "prompt_tokens": 212, "completion_tokens": 256, "total_tokens": 468, "token_count_source": "tokenizer", "diffusion_steps": null, "flops_estimate": null, "flops_arch": null, "flops_model_params": null, "flops_active_params": null, "tokens_non_final": 254, "tokens_reasoning": 0, "tokens_response": 254, "elapsed_seconds": 18.445328950881958, "judgement": "Uncategorized"}
{"id": "basket_sum_000791", "topic": "basket_sum", "subtopic": "decimal_prices", "prompt": "You’re buying 5 items: $7.05, $1.24, $15.87, $18.50, $3.74. About how much will you pay (before tax)?", "exact_value": 46.4, "model": "tiiuae/Falcon-H1-7B-Instruct", "provider": "transformers", "response": "альными числами путем округления процентов процентов процентов процентов процентов процентов процентов процентов процентов процентов процентов процентов процентов процентов процентов процентов процентов процентов процентов процентов процентов процентов процентов процентов процентов процентов процентов процентов процентов процентов процентов процентов процентов процентов процентов процентов процентов процентов процентов процентов процентов процентов процентов процентов процентов процентов процентов процентов процентов процентов процентов процентов процентов процентов процентов процентов процентов процентов процентов процентов процентов процентов процентов процентов процентов процентов процентов процентов процентов процентов процентов процентов процентов процентов процентов процентов процентов процентов процентов процентов процентов процентов процентов процентов процентов процентов процентов процентов процентов процентов процентов процентов процентов процентов процентов процентов процентов процентов процентов процентов процентов процентов процентов процентов процентов процентов процентов процентов процентов процентов процентов процентов процентов процентов процентов процентов процентов процентов процентов процентов процентов процентов процентов процентов процентов процентов процентов процентов процентов процентов процентов процентов процентов процентов процентов процентов процентов процентов процентов процентов процентов процентов процентов процентов процентов процентов процентов процентов процентов процентов процентов процентов процентов процентов процентов процентов процентов процентов процентов процентов процентов процентов процентов процентов процентов процентов процентов процентов процентов процентов процентов процентов процентов процентов процентов процентов процентов процентов процентов процентов процентов процентов процентов процентов процентов процентов процентов процентов процентов процентов процентов процентов процентов процентов процентов процентов процентов процентов процентов процентов процентов процентов процентов процентов процентов процентов процентов процентов процентов процентов процентов процентов процентов процентов процентов процентов процентов процентов процентов процентов процентов процентов процентов процентов процентов процентов процентов процентов процентов процентов процентов процентов процентов процентов процентов процентов процентов процентов процентов процентов процентов процентов процентов процентов процентов процентов процентов процентов процентов процентов", "numeric_answer": null, "relative_error": null, "thinking_text": null, "has_tool_call": false, "tool_call": null, "usage": {"prompt_tokens": 217, "completion_tokens": 256, "total_tokens": 473, "token_count_source": "tokenizer"}, "decoding": {"temperature": 0.2, "top_p": null, "top_k": null, "max_tokens": 256, "seed": 42}, "prompt_tokens": 217, "completion_tokens": 256, "total_tokens": 473, "token_count_source": "tokenizer", "diffusion_steps": null, "flops_estimate": null, "flops_arch": null, "flops_model_params": null, "flops_active_params": null, "tokens_non_final": 254, "tokens_reasoning": 0, "tokens_response": 254, "elapsed_seconds": 18.591925144195557, "judgement": "Uncategorized"}
{"id": "basket_sum_000811", "topic": "basket_sum", "subtopic": "decimal_prices", "prompt": "You’re buying 4 items: $7.07, $15.16, $10.10, $2.10. About how much will you pay (before tax)?", "exact_value": 34.43, "model": "tiiuae/Falcon-H1-7B-Instruct", "provider": "transformers", "response": "альными числами путем округления процентов процентов процентов процентов процентов процентов процентов процентов процентов процентов процентов процентов процентов процентов процентов процентов процентов процентов процентов процентов процентов процентов процентов процентов процентов процентов процентов процентов процентов процентов процентов процентов процентов процентов процентов процентов процентов процентов процентов процентов процентов процентов процентов процентов процентов процентов процентов процентов процентов процентов процентов процентов процентов процентов процентов процентов процентов процентов процентов процентов процентов процентов процентов процентов процентов процентов процентов процентов процентов процентов процентов процентов процентов процентов процентов процентов процентов процентов процентов процентов процентов процентов процентов процентов процентов процентов процентов процентов процентов процентов процентов процентов процентов процентов процентов процентов процентов процентов процентов процентов процентов процентов процентов процентов процентов процентов процентов процентов процентов процентов процентов процентов процентов процентов процентов процентов процентов процентов процентов процентов процентов процентов процентов процентов процентов процентов процентов процентов процентов процентов процентов процентов процентов процентов процентов процентов процентов процентов процентов процентов процентов процентов процентов процентов процентов процентов процентов процентов процентов процентов процентов процентов процентов процентов процентов процентов процентов процентов процентов процентов процентов процентов процентов процентов процентов процентов процентов процентов процентов процентов процентов процентов процентов процентов процентов процентов процентов процентов процентов процентов процентов процентов процентов процентов процентов процентов процентов процентов процентов процентов процентов процентов процентов процентов процентов процентов процентов процентов процентов процентов процентов процентов процентов процентов процентов процентов процентов процентов процентов процентов процентов процентов процентов процентов процентов процентов процентов процентов процентов процентов процентов процентов процентов процентов процентов процентов процентов процентов процентов процентов процентов процентов процентов процентов процентов процентов процентов процентов процентов процентов процентов процентов процентов процентов процентов процентов процентов процентов процентов процентов", "numeric_answer": null, "relative_error": null, "thinking_text": null, "has_tool_call": false, "tool_call": null, "usage": {"prompt_tokens": 210, "completion_tokens": 256, "total_tokens": 466, "token_count_source": "tokenizer"}, "decoding": {"temperature": 0.2, "top_p": null, "top_k": null, "max_tokens": 256, "seed": 42}, "prompt_tokens": 210, "completion_tokens": 256, "total_tokens": 466, "token_count_source": "tokenizer", "diffusion_steps": null, "flops_estimate": null, "flops_arch": null, "flops_model_params": null, "flops_active_params": null, "tokens_non_final": 254, "tokens_reasoning": 0, "tokens_response": 254, "elapsed_seconds": 18.388211965560913, "judgement": "Uncategorized"}
{"id": "basket_sum_000831", "topic": "basket_sum", "subtopic": "decimal_prices", "prompt": "You’re buying 6 items: $8.13, $13.09, $5.25, $12.07, $19.77, $5.26. About how much will you pay (before tax)?", "exact_value": 63.57, "model": "tiiuae/Falcon-H1-7B-Instruct", "provider": "transformers", "response": "альными числами округлим до процентов процентов процентов процентов процентов процентов процентов процентов процентов процентов процентов процентов процентов процентов процентов процентов процентов процентов процентов процентов процентов процентов процентов процентов процентов процентов процентов процентов процентов процентов процентов процентов процентов процентов процентов процентов процентов процентов процентов процентов процентов процентов процентов процентов процентов процентов процентов процентов процентов процентов процентов процентов процентов процентов процентов процентов процентов процентов процентов процентов процентов процентов процентов процентов процентов процентов процентов процентов процентов процентов процентов процентов процентов процентов процентов процентов процентов процентов процентов процентов процентов процентов процентов процентов процентов процентов процентов процентов процентов процентов процентов процентов процентов процентов процентов процентов процентов процентов процентов процентов процентов процентов процентов процентов процентов процентов процентов процентов процентов процентов процентов процентов процентов процентов процентов процентов процентов процентов процентов процентов процентов процентов процентов процентов процентов процентов процентов процентов процентов процентов процентов процентов процентов процентов процентов процентов процентов процентов процентов процентов процентов процентов процентов процентов процентов процентов процентов процентов процентов процентов процентов процентов процентов процентов процентов процентов процентов процентов процентов процентов процентов процентов процентов процентов процентов процентов процентов процентов процентов процентов процентов процентов процентов процентов процентов процентов процентов процентов процентов процентов процентов процентов процентов процентов процентов процентов процентов процентов процентов процентов процентов процентов процентов процентов процентов процентов процентов процентов процентов процентов процентов процентов процентов процентов процентов процентов процентов процентов процентов процентов процентов процентов процентов процентов процентов процентов процентов процентов процентов процентов процентов процентов процентов процентов процентов процентов процентов процентов процентов процентов процентов процентов процентов процентов процентов процентов процентов процентов процентов процентов процентов процентов процентов процентов процентов процентов процентов процентов процентов процентов", "numeric_answer": null, "relative_error": null, "thinking_text": null, "has_tool_call": false, "tool_call": null, "usage": {"prompt_tokens": 225, "completion_tokens": 256, "total_tokens": 481, "token_count_source": "tokenizer"}, "decoding": {"temperature": 0.2, "top_p": null, "top_k": null, "max_tokens": 256, "seed": 42}, "prompt_tokens": 225, "completion_tokens": 256, "total_tokens": 481, "token_count_source": "tokenizer", "diffusion_steps": null, "flops_estimate": null, "flops_arch": null, "flops_model_params": null, "flops_active_params": null, "tokens_non_final": 254, "tokens_reasoning": 0, "tokens_response": 254, "elapsed_seconds": 18.812418937683105, "judgement": "Uncategorized"}
{"id": "basket_sum_000851", "topic": "basket_sum", "subtopic": "decimal_prices", "prompt": "You’re buying 6 items: $6.70, $19.75, $2.16, $17.78, $19.85, $3.18. About how much will you pay (before tax)?", "exact_value": 69.42, "model": "tiiuae/Falcon-H1-7B-Instruct", "provider": "transformers", "response": "альными числами путем округления процентов процентов процентов процентов процентов процентов процентов процентов процентов процентов процентов процентов процентов процентов процентов процентов процентов процентов процентов процентов процентов процентов процентов процентов процентов процентов процентов процентов процентов процентов процентов процентов процентов процентов процентов процентов процентов процентов процентов процентов процентов процентов процентов процентов процентов процентов процентов процентов процентов процентов процентов процентов процентов процентов процентов процентов процентов процентов процентов процентов процентов процентов процентов процентов процентов процентов процентов процентов процентов процентов процентов процентов процентов процентов процентов процентов процентов процентов процентов процентов процентов процентов процентов процентов процентов процентов процентов процентов процентов процентов процентов процентов процентов процентов процентов процентов процентов процентов процентов процентов процентов процентов процентов процентов процентов процентов процентов процентов процентов процентов процентов процентов процентов процентов процентов процентов процентов процентов процентов процентов процентов процентов процентов процентов процентов процентов процентов процентов процентов процентов процентов процентов процентов процентов процентов процентов процентов процентов процентов процентов процентов процентов процентов процентов процентов процентов процентов процентов процентов процентов процентов процентов процентов процентов процентов процентов процентов процентов процентов процентов процентов процентов процентов процентов процентов процентов процентов процентов процентов процентов процентов процентов процентов процентов процентов процентов процентов процентов процентов процентов процентов процентов процентов процентов процентов процентов процентов процентов процентов процентов процентов процентов процентов процентов процентов процентов процентов процентов процентов процентов процентов процентов процентов процентов процентов процентов процентов процентов процентов процентов процентов процентов процентов процентов процентов процентов процентов процентов процентов процентов процентов процентов процентов процентов процентов процентов процентов процентов процентов процентов процентов процентов процентов процентов процентов процентов процентов процентов процентов процентов процентов процентов процентов процентов процентов процентов процентов процентов процентов процентов", "numeric_answer": null, "relative_error": null, "thinking_text": null, "has_tool_call": false, "tool_call": null, "usage": {"prompt_tokens": 225, "completion_tokens": 256, "total_tokens": 481, "token_count_source": "tokenizer"}, "decoding": {"temperature": 0.2, "top_p": null, "top_k": null, "max_tokens": 256, "seed": 42}, "prompt_tokens": 225, "completion_tokens": 256, "total_tokens": 481, "token_count_source": "tokenizer", "diffusion_steps": null, "flops_estimate": null, "flops_arch": null, "flops_model_params": null, "flops_active_params": null, "tokens_non_final": 254, "tokens_reasoning": 0, "tokens_response": 254, "elapsed_seconds": 18.743937969207764, "judgement": "Uncategorized"}
{"id": "basket_sum_000871", "topic": "basket_sum", "subtopic": "decimal_prices", "prompt": "You’re buying 5 items: $19.98, $16.47, $18.86, $13.56, $8.06. About how much will you pay (before tax)?", "exact_value": 76.93, "model": "tiiuae/Falcon-H1-7B-Instruct", "provider": "transformers", "response": "альными числами процентов процентов процентов процентов процентов процентов процентов процентов процентов процентов процентов процентов процентов процентов процентов процентов процентов процентов процентов процентов процентов процентов процентов процентов процентов процентов процентов процентов процентов процентов процентов процентов процентов процентов процентов процентов процентов процентов процентов процентов процентов процентов процентов процентов процентов процентов процентов процентов процентов процентов процентов процентов процентов процентов процентов процентов процентов процентов процентов процентов процентов процентов процентов процентов процентов процентов процентов процентов процентов процентов процентов процентов процентов процентов процентов процентов процентов процентов процентов процентов процентов процентов процентов процентов процентов процентов процентов процентов процентов процентов процентов процентов процентов процентов процентов процентов процентов процентов процентов процентов процентов процентов процентов процентов процентов процентов процентов процентов процентов процентов процентов процентов процентов процентов процентов процентов процентов процентов процентов процентов процентов процентов процентов процентов процентов процентов процентов процентов процентов процентов процентов процентов процентов процентов процентов процентов процентов процентов процентов процентов процентов процентов процентов процентов процентов процентов процентов процентов процентов процентов процентов процентов процентов процентов процентов процентов процентов процентов процентов процентов процентов процентов процентов процентов процентов процентов процентов процентов процентов процентов процентов процентов процентов процентов процентов процентов процентов процентов процентов процентов процентов процентов процентов процентов процентов процентов процентов процентов процентов процентов процентов процентов процентов процентов процентов процентов процентов процентов процентов процентов процентов процентов процентов процентов процентов процентов процентов процентов процентов процентов процентов процентов процентов процентов процентов процентов процентов процентов процентов процентов процентов процентов процентов процентов процентов процентов процентов процентов процентов процентов процентов процентов процентов процентов процентов процентов процентов процентов процентов процентов процентов процентов процентов процентов процентов процентов процентов процентов процентов процентов процентов процентов процентов", "numeric_answer": null, "relative_error": null, "thinking_text": null, "has_tool_call": false, "tool_call": null, "usage": {"prompt_tokens": 219, "completion_tokens": 256, "total_tokens": 475, "token_count_source": "tokenizer"}, "decoding": {"temperature": 0.2, "top_p": null, "top_k": null, "max_tokens": 256, "seed": 42}, "prompt_tokens": 219, "completion_tokens": 256, "total_tokens": 475, "token_count_source": "tokenizer", "diffusion_steps": null, "flops_estimate": null, "flops_arch": null, "flops_model_params": null, "flops_active_params": null, "tokens_non_final": 255, "tokens_reasoning": 0, "tokens_response": 255, "elapsed_seconds": 18.791218519210815, "judgement": "Uncategorized"}
{"id": "basket_sum_000891", "topic": "basket_sum", "subtopic": "decimal_prices", "prompt": "You’re buying 5 items: $15.60, $16.10, $18.72, $3.22, $13.53. About how much will you pay (before tax)?", "exact_value": 67.17, "model": "tiiuae/Falcon-H1-7B-Instruct", "provider": "transformers", "response": "�альное решение путем округления процентов процентов процентов процентов процентов процентов процентов процентов процентов процентов процентов процентов процентов процентов процентов процентов процентов процентов процентов процентов процентов процентов процентов процентов процентов процентов процентов процентов процентов процентов процентов процентов процентов процентов процентов процентов процентов процентов процентов процентов процентов процентов процентов процентов процентов процентов процентов процентов процентов процентов процентов процентов процентов процентов процентов процентов процентов процентов процентов процентов процентов процентов процентов процентов процентов процентов процентов процентов процентов процентов процентов процентов процентов процентов процентов процентов процентов процентов процентов процентов процентов процентов процентов процентов процентов процентов процентов процентов процентов процентов процентов процентов процентов процентов процентов процентов процентов процентов процентов процентов процентов процентов процентов процентов процентов процентов процентов процентов процентов процентов процентов процентов процентов процентов процентов процентов процентов процентов процентов процентов процентов процентов процентов процентов процентов процентов процентов процентов процентов процентов процентов процентов процентов процентов процентов процентов процентов процентов процентов процентов процентов процентов процентов процентов процентов процентов процентов процентов процентов процентов процентов процентов процентов процентов процентов процентов процентов процентов процентов процентов процентов процентов процентов процентов процентов процентов процентов процентов процентов процентов процентов процентов процентов процентов процентов процентов процентов процентов процентов процентов процентов процентов процентов процентов процентов процентов процентов процентов процентов процентов процентов процентов процентов процентов процентов процентов процентов процентов процентов процентов процентов процентов процентов процентов процентов процентов процентов процентов процентов процентов процентов процентов процентов процентов процентов процентов процентов процентов процентов процентов процентов процентов процентов процентов процентов процентов процентов процентов процентов процентов процентов процентов процентов процентов процентов процентов процентов процентов процентов процентов процентов процентов процентов процентов процентов процентов процентов процентов процентов процентов", "numeric_answer": null, "relative_error": null, "thinking_text": null, "has_tool_call": false, "tool_call": null, "usage": {"prompt_tokens": 219, "completion_tokens": 256, "total_tokens": 475, "token_count_source": "tokenizer"}, "decoding": {"temperature": 0.2, "top_p": null, "top_k": null, "max_tokens": 256, "seed": 42}, "prompt_tokens": 219, "completion_tokens": 256, "total_tokens": 475, "token_count_source": "tokenizer", "diffusion_steps": null, "flops_estimate": null, "flops_arch": null, "flops_model_params": null, "flops_active_params": null, "tokens_non_final": 254, "tokens_reasoning": 0, "tokens_response": 254, "elapsed_seconds": 18.747707843780518, "judgement": "Uncategorized"}
{"id": "basket_sum_000911", "topic": "basket_sum", "subtopic": "decimal_prices", "prompt": "You’re buying 5 items: $12.93, $9.34, $1.01, $3.03, $3.13. About how much will you pay (before tax)?", "exact_value": 29.44, "model": "tiiuae/Falcon-H1-7B-Instruct", "provider": "transformers", "response": "альными числами путем округления процентов процентов процентов процентов процентов процентов процентов процентов процентов процентов процентов процентов процентов процентов процентов процентов процентов процентов процентов процентов процентов процентов процентов процентов процентов процентов процентов процентов процентов процентов процентов процентов процентов процентов процентов процентов процентов процентов процентов процентов процентов процентов процентов процентов процентов процентов процентов процентов процентов процентов процентов процентов процентов процентов процентов процентов процентов процентов процентов процентов процентов процентов процентов процентов процентов процентов процентов процентов процентов процентов процентов процентов процентов процентов процентов процентов процентов процентов процентов процентов процентов процентов процентов процентов процентов процентов процентов процентов процентов процентов процентов процентов процентов процентов процентов процентов процентов процентов процентов процентов процентов процентов процентов процентов процентов процентов процентов процентов процентов процентов процентов процентов процентов процентов процентов процентов процентов процентов процентов процентов процентов процентов процентов процентов процентов процентов процентов процентов процентов процентов процентов процентов процентов процентов процентов процентов процентов процентов процентов процентов процентов процентов процентов процентов процентов процентов процентов процентов процентов процентов процентов процентов процентов процентов процентов процентов процентов процентов процентов процентов процентов процентов процентов процентов процентов процентов процентов процентов процентов процентов процентов процентов процентов процентов процентов процентов процентов процентов процентов процентов процентов процентов процентов процентов процентов процентов процентов процентов процентов процентов процентов процентов процентов процентов процентов процентов процентов процентов процентов процентов процентов процентов процентов процентов процентов процентов процентов процентов процентов процентов процентов процентов процентов процентов процентов процентов процентов процентов процентов процентов процентов процентов процентов процентов процентов процентов процентов процентов процентов процентов процентов процентов процентов процентов процентов процентов процентов процентов процентов процентов процентов процентов процентов процентов процентов процентов процентов процентов процентов процентов", "numeric_answer": null, "relative_error": null, "thinking_text": null, "has_tool_call": false, "tool_call": null, "usage": {"prompt_tokens": 216, "completion_tokens": 256, "total_tokens": 472, "token_count_source": "tokenizer"}, "decoding": {"temperature": 0.2, "top_p": null, "top_k": null, "max_tokens": 256, "seed": 42}, "prompt_tokens": 216, "completion_tokens": 256, "total_tokens": 472, "token_count_source": "tokenizer", "diffusion_steps": null, "flops_estimate": null, "flops_arch": null, "flops_model_params": null, "flops_active_params": null, "tokens_non_final": 254, "tokens_reasoning": 0, "tokens_response": 254, "elapsed_seconds": 18.73715353012085, "judgement": "Uncategorized"}
{"id": "basket_sum_000931", "topic": "basket_sum", "subtopic": "decimal_prices", "prompt": "You’re buying 3 items: $7.76, $7.19, $6.04. About how much will you pay (before tax)?", "exact_value": 20.99, "model": "tiiuae/Falcon-H1-7B-Instruct", "provider": "transformers", "response": "альными числами путем округления процентов процентов процентов процентов процентов процентов процентов процентов процентов процентов процентов процентов процентов процентов процентов процентов процентов процентов процентов процентов процентов процентов процентов процентов процентов процентов процентов процентов процентов процентов процентов процентов процентов процентов процентов процентов процентов процентов процентов процентов процентов процентов процентов процентов процентов процентов процентов процентов процентов процентов процентов процентов процентов процентов процентов процентов процентов процентов процентов процентов процентов процентов процентов процентов процентов процентов процентов процентов процентов процентов процентов процентов процентов процентов процентов процентов процентов процентов процентов процентов процентов процентов процентов процентов процентов процентов процентов процентов процентов процентов процентов процентов процентов процентов процентов процентов процентов процентов процентов процентов процентов процентов процентов процентов процентов процентов процентов процентов процентов процентов процентов процентов процентов процентов процентов процентов процентов процентов процентов процентов процентов процентов процентов процентов процентов процентов процентов процентов процентов процентов процентов процентов процентов процентов процентов процентов процентов процентов процентов процентов процентов процентов процентов процентов процентов процентов процентов процентов процентов процентов процентов процентов процентов процентов процентов процентов процентов процентов процентов процентов процентов процентов процентов процентов процентов процентов процентов процентов процентов процентов процентов процентов процентов процентов процентов процентов процентов процентов процентов процентов процентов процентов процентов процентов процентов процентов процентов процентов процентов процентов процентов процентов процентов процентов процентов процентов процентов процентов процентов процентов процентов процентов процентов процентов процентов процентов процентов процентов процентов процентов процентов процентов процентов процентов процентов процентов процентов процентов процентов процентов процентов процентов процентов процентов процентов процентов процентов процентов процентов процентов процентов процентов процентов процентов процентов процентов процентов процентов процентов процентов процентов процентов процентов процентов процентов процентов процентов процентов процентов процентов", "numeric_answer": null, "relative_error": null, "thinking_text": null, "has_tool_call": false, "tool_call": null, "usage": {"prompt_tokens": 201, "completion_tokens": 256, "total_tokens": 457, "token_count_source": "tokenizer"}, "decoding": {"temperature": 0.2, "top_p": null, "top_k": null, "max_tokens": 256, "seed": 42}, "prompt_tokens": 201, "completion_tokens": 256, "total_tokens": 457, "token_count_source": "tokenizer", "diffusion_steps": null, "flops_estimate": null, "flops_arch": null, "flops_model_params": null, "flops_active_params": null, "tokens_non_final": 254, "tokens_reasoning": 0, "tokens_response": 254, "elapsed_seconds": 18.734280109405518, "judgement": "Uncategorized"}
{"id": "basket_sum_000951", "topic": "basket_sum", "subtopic": "decimal_prices", "prompt": "You’re buying 3 items: $6.36, $10.07, $5.87. About how much will you pay (before tax)?", "exact_value": 22.3, "model": "tiiuae/Falcon-H1-7B-Instruct", "provider": "transformers", "response": "альными числами путем округления до ближайшего целого числа согласно приведенным правиламируемаются исходные значения процентов процентов процентов процентов процентов процентов процентов процентов процентов процентов процентов процентов процентов процентов процентов процентов процентов процентов процентов процентов процентов процентов процентов процентов процентов процентов процентов процентов процентов процентов процентов процентов процентов процентов процентов процентов процентов процентов процентов процентов процентов процентов процентов процентов процентов процентов процентов процентов процентов процентов процентов процентов процентов процентов процентов процентов процентов процентов процентов процентов процентов процентов процентов процентов процентов процентов процентов процентов процентов процентов процентов процентов процентов процентов процентов процентов процентов процентов процентов процентов процентов процентов процентов процентов процентов процентов процентов процентов процентов процентов процентов процентов процентов процентов процентов процентов процентов процентов процентов процентов процентов процентов процентов процентов процентов процентов процентов процентов процентов процентов процентов процентов процентов процентов процентов процентов процентов процентов процентов процентов процентов процентов процентов процентов процентов процентов процентов процентов процентов процентов процентов процентов процентов процентов процентов процентов процентов процентов процентов процентов процентов процентов процентов процентов процентов процентов процентов процентов процентов процентов процентов процентов процентов процентов процентов процентов процентов процентов процентов процентов процентов процентов процентов процентов процентов процентов процентов процентов процентов процентов процентов процентов процентов процентов процентов процентов процентов процентов процентов процентов процентов процентов процентов процентов процентов процентов процентов процентов процентов процентов процентов процентов процентов процентов процентов процентов процентов процентов процентов процентов процентов процентов процентов процентов процентов процентов процентов процентов процентов процентов процентов процентов процентов процентов процентов процентов процентов процентов процентов процентов процентов процентов процентов процентов процентов процентов процентов процентов процентов процентов процентов процентов процентов процентов", "numeric_answer": null, "relative_error": null, "thinking_text": null, "has_tool_call": false, "tool_call": null, "usage": {"prompt_tokens": 202, "completion_tokens": 256, "total_tokens": 458, "token_count_source": "tokenizer"}, "decoding": {"temperature": 0.2, "top_p": null, "top_k": null, "max_tokens": 256, "seed": 42}, "prompt_tokens": 202, "completion_tokens": 256, "total_tokens": 458, "token_count_source": "tokenizer", "diffusion_steps": null, "flops_estimate": null, "flops_arch": null, "flops_model_params": null, "flops_active_params": null, "tokens_non_final": 247, "tokens_reasoning": 0, "tokens_response": 247, "elapsed_seconds": 18.875112533569336, "judgement": "Uncategorized"}
{"id": "basket_sum_000971", "topic": "basket_sum", "subtopic": "decimal_prices", "prompt": "You’re buying 6 items: $10.87, $14.23, $19.61, $5.05, $8.97, $1.97. About how much will you pay (before tax)?", "exact_value": 60.7, "model": "tiiuae/Falcon-H1-7B-Instruct", "provider": "transformers", "response": "альными числами округлим каждый ценник насколько возможно насколько возможно насколько возможно насколько возможно насколько возможно насколько возможно насколько возможно насколько возможно насколько возможно насколько возможно насколько возможно насколько возможно насколько возможно насколько возможно насколько возможно насколько возможно насколько возможно насколько возможно насколько возможно насколько возможно насколько возможно насколько возможно насколько возможно насколько возможно насколько возможно насколько возможно насколько возможно насколько возможно насколько возможно насколько возможно насколько возможно насколько возможно насколько возможно насколько возможно насколько возможно насколько возможно насколько возможно насколько возможно насколько возможно насколько возможно насколько возможно насколько возможно насколько возможно насколько возможно насколько возможно насколько возможно насколько возможно насколько возможно насколько возможно насколько возможно насколько возможно насколько возможно насколько возможно насколько возможно насколько возможно насколько возможно насколько возможно насколько возможно насколько возможно насколько возможно насколько возможно насколько возможно насколько возможно насколько возможно насколько возможно насколько возможно насколько возможно насколько возможно насколько возможно насколько возможно насколько возможно насколько возможно насколько возможно насколько возможно насколько возможно насколько возможно насколько возможно насколько возможно насколько возможно насколько возможно насколько возможно насколько возможно насколько возможно насколько возможно насколько возможно насколько возможно насколько возможно насколько возможно насколько возможно насколько возможно насколько возможно насколько возможно насколько возможно насколько возможно насколько возможно насколько возможно насколько возможно насколько возможно насколько возможно насколько возможно насколько возможно насколько возможно насколько возможно насколько возможно насколько возможно насколько возможно насколько возможно насколько возможно насколько возможно насколько возможно насколько возможно насколько возможно насколько возможно насколько возможно насколько возможно насколько возможно насколько возможно насколько возможно насколько возможно насколько возможно насколько возможно насколько возможно насколько возможно насколько возможно", "numeric_answer": null, "relative_error": null, "thinking_text": null, "has_tool_call": false, "tool_call": null, "usage": {"prompt_tokens": 225, "completion_tokens": 256, "total_tokens": 481, "token_count_source": "tokenizer"}, "decoding": {"temperature": 0.2, "top_p": null, "top_k": null, "max_tokens": 256, "seed": 42}, "prompt_tokens": 225, "completion_tokens": 256, "total_tokens": 481, "token_count_source": "tokenizer", "diffusion_steps": null, "flops_estimate": null, "flops_arch": null, "flops_model_params": null, "flops_active_params": null, "tokens_non_final": 253, "tokens_reasoning": 0, "tokens_response": 253, "elapsed_seconds": 18.924603700637817, "judgement": "Uncategorized"}
{"id": "basket_sum_000991", "topic": "basket_sum", "subtopic": "decimal_prices", "prompt": "You’re buying 4 items: $11.05, $0.82, $7.46, $12.41. About how much will you pay (before tax)?", "exact_value": 31.74, "model": "tiiuae/Falcon-H1-7B-Instruct", "provider": "transformers", "response": "альными числами путем округления процентов процентов процентов процентов процентов процентов процентов процентов процентов процентов процентов процентов процентов процентов процентов процентов процентов процентов процентов процентов процентов процентов процентов процентов процентов процентов процентов процентов процентов процентов процентов процентов процентов процентов процентов процентов процентов процентов процентов процентов процентов процентов процентов процентов процентов процентов процентов процентов процентов процентов процентов процентов процентов процентов процентов процентов процентов процентов процентов процентов процентов процентов процентов процентов процентов процентов процентов процентов процентов процентов процентов процентов процентов процентов процентов процентов процентов процентов процентов процентов процентов процентов процентов процентов процентов процентов процентов процентов процентов процентов процентов процентов процентов процентов процентов процентов процентов процентов процентов процентов процентов процентов процентов процентов процентов процентов процентов процентов процентов процентов процентов процентов процентов процентов процентов процентов процентов процентов процентов процентов процентов процентов процентов процентов процентов процентов процентов процентов процентов процентов процентов процентов процентов процентов процентов процентов процентов процентов процентов процентов процентов процентов процентов процентов процентов процентов процентов процентов процентов процентов процентов процентов процентов процентов процентов процентов процентов процентов процентов процентов процентов процентов процентов процентов процентов процентов процентов процентов процентов процентов процентов процентов процентов процентов процентов процентов процентов процентов процентов процентов процентов процентов процентов процентов процентов процентов процентов процентов процентов процентов процентов процентов процентов процентов процентов процентов процентов процентов процентов процентов процентов процентов процентов процентов процентов процентов процентов процентов процентов процентов процентов процентов процентов процентов процентов процентов процентов процентов процентов процентов процентов процентов процентов процентов процентов процентов процентов процентов процентов процентов процентов процентов процентов процентов процентов процентов процентов процентов процентов процентов процентов процентов процентов процентов процентов процентов процентов процентов процентов процентов", "numeric_answer": null, "relative_error": null, "thinking_text": null, "has_tool_call": false, "tool_call": null, "usage": {"prompt_tokens": 210, "completion_tokens": 256, "total_tokens": 466, "token_count_source": "tokenizer"}, "decoding": {"temperature": 0.2, "top_p": null, "top_k": null, "max_tokens": 256, "seed": 42}, "prompt_tokens": 210, "completion_tokens": 256, "total_tokens": 466, "token_count_source": "tokenizer", "diffusion_steps": null, "flops_estimate": null, "flops_arch": null, "flops_model_params": null, "flops_active_params": null, "tokens_non_final": 254, "tokens_reasoning": 0, "tokens_response": 254, "elapsed_seconds": 18.70556092262268, "judgement": "Uncategorized"}
{"id": "basket_sum_001011", "topic": "basket_sum", "subtopic": "decimal_prices", "prompt": "You’re buying 3 items: $10.23, $19.81, $5.10. About how much will you pay (before tax)?", "exact_value": 35.14, "model": "tiiuae/Falcon-H1-7B-Instruct", "provider": "transformers", "response": "альными числами путем округления процентов процентов процентов процентов процентов процентов процентов процентов процентов процентов процентов процентов процентов процентов процентов процентов процентов процентов процентов процентов процентов процентов процентов процентов процентов процентов процентов процентов процентов процентов процентов процентов процентов процентов процентов процентов процентов процентов процентов процентов процентов процентов процентов процентов процентов процентов процентов процентов процентов процентов процентов процентов процентов процентов процентов процентов процентов процентов процентов процентов процентов процентов процентов процентов процентов процентов процентов процентов процентов процентов процентов процентов процентов процентов процентов процентов процентов процентов процентов процентов процентов процентов процентов процентов процентов процентов процентов процентов процентов процентов процентов процентов процентов процентов процентов процентов процентов процентов процентов процентов процентов процентов процентов процентов процентов процентов процентов процентов процентов процентов процентов процентов процентов процентов процентов процентов процентов процентов процентов процентов процентов процентов процентов процентов процентов процентов процентов процентов процентов процентов процентов процентов процентов процентов процентов процентов процентов процентов процентов процентов процентов процентов процентов процентов процентов процентов процентов процентов процентов процентов процентов процентов процентов процентов процентов процентов процентов процентов процентов процентов процентов процентов процентов процентов процентов процентов процентов процентов процентов процентов процентов процентов процентов процентов процентов процентов процентов процентов процентов процентов процентов процентов процентов процентов процентов процентов процентов процентов процентов процентов процентов процентов процентов процентов процентов процентов процентов процентов процентов процентов процентов процентов процентов процентов процентов процентов процентов процентов процентов процентов процентов процентов процентов процентов процентов процентов процентов процентов процентов процентов процентов процентов процентов процентов процентов процентов процентов процентов процентов процентов процентов процентов процентов процентов процентов процентов процентов процентов процентов процентов процентов процентов процентов процентов процентов процентов процентов процентов процентов процентов", "numeric_answer": null, "relative_error": null, "thinking_text": null, "has_tool_call": false, "tool_call": null, "usage": {"prompt_tokens": 203, "completion_tokens": 256, "total_tokens": 459, "token_count_source": "tokenizer"}, "decoding": {"temperature": 0.2, "top_p": null, "top_k": null, "max_tokens": 256, "seed": 42}, "prompt_tokens": 203, "completion_tokens": 256, "total_tokens": 459, "token_count_source": "tokenizer", "diffusion_steps": null, "flops_estimate": null, "flops_arch": null, "flops_model_params": null, "flops_active_params": null, "tokens_non_final": 254, "tokens_reasoning": 0, "tokens_response": 254, "elapsed_seconds": 18.928982496261597, "judgement": "Uncategorized"}
{"id": "basket_sum_001031", "topic": "basket_sum", "subtopic": "decimal_prices", "prompt": "You’re buying 3 items: $12.39, $4.12, $3.87. About how much will you pay (before tax)?", "exact_value": 20.38, "model": "tiiuae/Falcon-H1-7B-Instruct", "provider": "transformers", "response": "альными числами путем округления процентов процентов процентов процентов процентов процентов процентов процентов процентов процентов процентов процентов процентов процентов процентов процентов процентов процентов процентов процентов процентов процентов процентов процентов процентов процентов процентов процентов процентов процентов процентов процентов процентов процентов процентов процентов процентов процентов процентов процентов процентов процентов процентов процентов процентов процентов процентов процентов процентов процентов процентов процентов процентов процентов процентов процентов процентов процентов процентов процентов процентов процентов процентов процентов процентов процентов процентов процентов процентов процентов процентов процентов процентов процентов процентов процентов процентов процентов процентов процентов процентов процентов процентов процентов процентов процентов процентов процентов процентов процентов процентов процентов процентов процентов процентов процентов процентов процентов процентов процентов процентов процентов процентов процентов процентов процентов процентов процентов процентов процентов процентов процентов процентов процентов процентов процентов процентов процентов процентов процентов процентов процентов процентов процентов процентов процентов процентов процентов процентов процентов процентов процентов процентов процентов процентов процентов процентов процентов процентов процентов процентов процентов процентов процентов процентов процентов процентов процентов процентов процентов процентов процентов процентов процентов процентов процентов процентов процентов процентов процентов процентов процентов процентов процентов процентов процентов процентов процентов процентов процентов процентов процентов процентов процентов процентов процентов процентов процентов процентов процентов процентов процентов процентов процентов процентов процентов процентов процентов процентов процентов процентов процентов процентов процентов процентов процентов процентов процентов процентов процентов процентов процентов процентов процентов процентов процентов процентов процентов процентов процентов процентов процентов процентов процентов процентов процентов процентов процентов процентов процентов процентов процентов процентов процентов процентов процентов процентов процентов процентов процентов процентов процентов процентов процентов процентов процентов процентов процентов процентов процентов процентов процентов процентов процентов процентов процентов процентов процентов процентов процентов", "numeric_answer": null, "relative_error": null, "thinking_text": null, "has_tool_call": false, "tool_call": null, "usage": {"prompt_tokens": 202, "completion_tokens": 256, "total_tokens": 458, "token_count_source": "tokenizer"}, "decoding": {"temperature": 0.2, "top_p": null, "top_k": null, "max_tokens": 256, "seed": 42}, "prompt_tokens": 202, "completion_tokens": 256, "total_tokens": 458, "token_count_source": "tokenizer", "diffusion_steps": null, "flops_estimate": null, "flops_arch": null, "flops_model_params": null, "flops_active_params": null, "tokens_non_final": 254, "tokens_reasoning": 0, "tokens_response": 254, "elapsed_seconds": 18.63771390914917, "judgement": "Uncategorized"}
{"id": "basket_sum_001051", "topic": "basket_sum", "subtopic": "decimal_prices", "prompt": "You’re buying 6 items: $2.66, $1.08, $15.50, $6.73, $17.45, $16.10. About how much will you pay (before tax)?", "exact_value": 59.52, "model": "tiiuae/Falcon-H1-7B-Instruct", "provider": "transformers", "response": "альными числами путем округления процентов процентов процентов процентов процентов процентов процентов процентов процентов процентов процентов процентов процентов процентов процентов процентов процентов процентов процентов процентов процентов процентов процентов процентов процентов процентов процентов процентов процентов процентов процентов процентов процентов процентов процентов процентов процентов процентов процентов процентов процентов процентов процентов процентов процентов процентов процентов процентов процентов процентов процентов процентов процентов процентов процентов процентов процентов процентов процентов процентов процентов процентов процентов процентов процентов процентов процентов процентов процентов процентов процентов процентов процентов процентов процентов процентов процентов процентов процентов процентов процентов процентов процентов процентов процентов процентов процентов процентов процентов процентов процентов процентов процентов процентов процентов процентов процентов процентов процентов процентов процентов процентов процентов процентов процентов процентов процентов процентов процентов процентов процентов процентов процентов процентов процентов процентов процентов процентов процентов процентов процентов процентов процентов процентов процентов процентов процентов процентов процентов процентов процентов процентов процентов процентов процентов процентов процентов процентов процентов процентов процентов процентов процентов процентов процентов процентов процентов процентов процентов процентов процентов процентов процентов процентов процентов процентов процентов процентов процентов процентов процентов процентов процентов процентов процентов процентов процентов процентов процентов процентов процентов процентов процентов процентов процентов процентов процентов процентов процентов процентов процентов процентов процентов процентов процентов процентов процентов процентов процентов процентов процентов процентов процентов процентов процентов процентов процентов процентов процентов процентов процентов процентов процентов процентов процентов процентов процентов процентов процентов процентов процентов процентов процентов процентов процентов процентов процентов процентов процентов процентов процентов процентов процентов процентов процентов процентов процентов процентов процентов процентов процентов процентов процентов процентов процентов процентов процентов процентов процентов процентов процентов процентов процентов процентов процентов процентов процентов процентов процентов процентов", "numeric_answer": null, "relative_error": null, "thinking_text": null, "has_tool_call": false, "tool_call": null, "usage": {"prompt_tokens": 225, "completion_tokens": 256, "total_tokens": 481, "token_count_source": "tokenizer"}, "decoding": {"temperature": 0.2, "top_p": null, "top_k": null, "max_tokens": 256, "seed": 42}, "prompt_tokens": 225, "completion_tokens": 256, "total_tokens": 481, "token_count_source": "tokenizer", "diffusion_steps": null, "flops_estimate": null, "flops_arch": null, "flops_model_params": null, "flops_active_params": null, "tokens_non_final": 254, "tokens_reasoning": 0, "tokens_response": 254, "elapsed_seconds": 18.596362113952637, "judgement": "Uncategorized"}
{"id": "basket_sum_001071", "topic": "basket_sum", "subtopic": "decimal_prices", "prompt": "You’re buying 4 items: $7.01, $19.73, $18.82, $15.05. About how much will you pay (before tax)?", "exact_value": 60.61, "model": "tiiuae/Falcon-H1-7B-Instruct", "provider": "transformers", "response": "альными числами путем округления процентов процентов процентов процентов процентов процентов процентов процентов процентов процентов процентов процентов процентов процентов процентов процентов процентов процентов процентов процентов процентов процентов процентов процентов процентов процентов процентов процентов процентов процентов процентов процентов процентов процентов процентов процентов процентов процентов процентов процентов процентов процентов процентов процентов процентов процентов процентов процентов процентов процентов процентов процентов процентов процентов процентов процентов процентов процентов процентов процентов процентов процентов процентов процентов процентов процентов процентов процентов процентов процентов процентов процентов процентов процентов процентов процентов процентов процентов процентов процентов процентов процентов процентов процентов процентов процентов процентов процентов процентов процентов процентов процентов процентов процентов процентов процентов процентов процентов процентов процентов процентов процентов процентов процентов процентов процентов процентов процентов процентов процентов процентов процентов процентов процентов процентов процентов процентов процентов процентов процентов процентов процентов процентов процентов процентов процентов процентов процентов процентов процентов процентов процентов процентов процентов процентов процентов процентов процентов процентов процентов процентов процентов процентов процентов процентов процентов процентов процентов процентов процентов процентов процентов процентов процентов процентов процентов процентов процентов процентов процентов процентов процентов процентов процентов процентов процентов процентов процентов процентов процентов процентов процентов процентов процентов процентов процентов процентов процентов процентов процентов процентов процентов процентов процентов процентов процентов процентов процентов процентов процентов процентов процентов процентов процентов процентов процентов процентов процентов процентов процентов процентов процентов процентов процентов процентов процентов процентов процентов процентов процентов процентов процентов процентов процентов процентов процентов процентов процентов процентов процентов процентов процентов процентов процентов процентов процентов процентов процентов процентов процентов процентов процентов процентов процентов процентов процентов процентов процентов процентов процентов процентов процентов процентов процентов процентов процентов процентов процентов процентов процентов", "numeric_answer": null, "relative_error": null, "thinking_text": null, "has_tool_call": false, "tool_call": null, "usage": {"prompt_tokens": 211, "completion_tokens": 256, "total_tokens": 467, "token_count_source": "tokenizer"}, "decoding": {"temperature": 0.2, "top_p": null, "top_k": null, "max_tokens": 256, "seed": 42}, "prompt_tokens": 211, "completion_tokens": 256, "total_tokens": 467, "token_count_source": "tokenizer", "diffusion_steps": null, "flops_estimate": null, "flops_arch": null, "flops_model_params": null, "flops_active_params": null, "tokens_non_final": 254, "tokens_reasoning": 0, "tokens_response": 254, "elapsed_seconds": 18.657472133636475, "judgement": "Uncategorized"}
{"id": "basket_sum_001091", "topic": "basket_sum", "subtopic": "decimal_prices", "prompt": "You’re buying 6 items: $5.22, $14.42, $3.22, $3.06, $11.87, $8.32. About how much will you pay (before tax)?", "exact_value": 46.11, "model": "tiiuae/Falcon-H1-7B-Instruct", "provider": "transformers", "response": "альными числами путем округления процентов процентов процентов процентов процентов процентов процентов процентов процентов процентов процентов процентов процентов процентов процентов процентов процентов процентов процентов процентов процентов процентов процентов процентов процентов процентов процентов процентов процентов процентов процентов процентов процентов процентов процентов процентов процентов процентов процентов процентов процентов процентов процентов процентов процентов процентов процентов процентов процентов процентов процентов процентов процентов процентов процентов процентов процентов процентов процентов процентов процентов процентов процентов процентов процентов процентов процентов процентов процентов процентов процентов процентов процентов процентов процентов процентов процентов процентов процентов процентов процентов процентов процентов процентов процентов процентов процентов процентов процентов процентов процентов процентов процентов процентов процентов процентов процентов процентов процентов процентов процентов процентов процентов процентов процентов процентов процентов процентов процентов процентов процентов процентов процентов процентов процентов процентов процентов процентов процентов процентов процентов процентов процентов процентов процентов процентов процентов процентов процентов процентов процентов процентов процентов процентов процентов процентов процентов процентов процентов процентов процентов процентов процентов процентов процентов процентов процентов процентов процентов процентов процентов процентов процентов процентов процентов процентов процентов процентов процентов процентов процентов процентов процентов процентов процентов процентов процентов процентов процентов процентов процентов процентов процентов процентов процентов процентов процентов процентов процентов процентов процентов процентов процентов процентов процентов процентов процентов процентов процентов процентов процентов процентов процентов процентов процентов процентов процентов процентов процентов процентов процентов процентов процентов процентов процентов процентов процентов процентов процентов процентов процентов процентов процентов процентов процентов процентов процентов процентов процентов процентов процентов процентов процентов процентов процентов процентов процентов процентов процентов процентов процентов процентов процентов процентов процентов процентов процентов процентов процентов процентов процентов процентов процентов процентов процентов процентов процентов процентов процентов процентов", "numeric_answer": null, "relative_error": null, "thinking_text": null, "has_tool_call": false, "tool_call": null, "usage": {"prompt_tokens": 224, "completion_tokens": 256, "total_tokens": 480, "token_count_source": "tokenizer"}, "decoding": {"temperature": 0.2, "top_p": null, "top_k": null, "max_tokens": 256, "seed": 42}, "prompt_tokens": 224, "completion_tokens": 256, "total_tokens": 480, "token_count_source": "tokenizer", "diffusion_steps": null, "flops_estimate": null, "flops_arch": null, "flops_model_params": null, "flops_active_params": null, "tokens_non_final": 254, "tokens_reasoning": 0, "tokens_response": 254, "elapsed_seconds": 18.719083547592163, "judgement": "Uncategorized"}
{"id": "basket_sum_001111", "topic": "basket_sum", "subtopic": "decimal_prices", "prompt": "You’re buying 4 items: $19.10, $10.16, $17.74, $8.93. About how much will you pay (before tax)?", "exact_value": 55.93, "model": "tiiuae/Falcon-H1-7B-Instruct", "provider": "transformers", "response": "альными числами путем округления процентов процентов процентов процентов процентов процентов процентов процентов процентов процентов процентов процентов процентов процентов процентов процентов процентов процентов процентов процентов процентов процентов процентов процентов процентов процентов процентов процентов процентов процентов процентов процентов процентов процентов процентов процентов процентов процентов процентов процентов процентов процентов процентов процентов процентов процентов процентов процентов процентов процентов процентов процентов процентов процентов процентов процентов процентов процентов процентов процентов процентов процентов процентов процентов процентов процентов процентов процентов процентов процентов процентов процентов процентов процентов процентов процентов процентов процентов процентов процентов процентов процентов процентов процентов процентов процентов процентов процентов процентов процентов процентов процентов процентов процентов процентов процентов процентов процентов процентов процентов процентов процентов процентов процентов процентов процентов процентов процентов процентов процентов процентов процентов процентов процентов процентов процентов процентов процентов процентов процентов процентов процентов процентов процентов процентов процентов процентов процентов процентов процентов процентов процентов процентов процентов процентов процентов процентов процентов процентов процентов процентов процентов процентов процентов процентов процентов процентов процентов процентов процентов процентов процентов процентов процентов процентов процентов процентов процентов процентов процентов процентов процентов процентов процентов процентов процентов процентов процентов процентов процентов процентов процентов процентов процентов процентов процентов процентов процентов процентов процентов процентов процентов процентов процентов процентов процентов процентов процентов процентов процентов процентов процентов процентов процентов процентов процентов процентов процентов процентов процентов процентов процентов процентов процентов процентов процентов процентов процентов процентов процентов процентов процентов процентов процентов процентов процентов процентов процентов процентов процентов процентов процентов процентов процентов процентов процентов процентов процентов процентов процентов процентов процентов процентов процентов процентов процентов процентов процентов процентов процентов процентов процентов процентов процентов процентов процентов процентов процентов процентов процентов", "numeric_answer": null, "relative_error": null, "thinking_text": null, "has_tool_call": false, "tool_call": null, "usage": {"prompt_tokens": 211, "completion_tokens": 256, "total_tokens": 467, "token_count_source": "tokenizer"}, "decoding": {"temperature": 0.2, "top_p": null, "top_k": null, "max_tokens": 256, "seed": 42}, "prompt_tokens": 211, "completion_tokens": 256, "total_tokens": 467, "token_count_source": "tokenizer", "diffusion_steps": null, "flops_estimate": null, "flops_arch": null, "flops_model_params": null, "flops_active_params": null, "tokens_non_final": 254, "tokens_reasoning": 0, "tokens_response": 254, "elapsed_seconds": 18.4188072681427, "judgement": "Uncategorized"}
{"id": "basket_sum_001131", "topic": "basket_sum", "subtopic": "decimal_prices", "prompt": "You’re buying 3 items: $18.72, $17.46, $5.78. About how much will you pay (before tax)?", "exact_value": 41.96, "model": "tiiuae/Falcon-H1-7B-Instruct", "provider": "transformers", "response": "альными числами путем округления до ближайшего целого числа процентов процентов процентов процентов процентов процентов процентов процентов процентов процентов процентов процентов процентов процентов процентов процентов процентов процентов процентов процентов процентов процентов процентов процентов процентов процентов процентов процентов процентов процентов процентов процентов процентов процентов процентов процентов процентов процентов процентов процентов процентов процентов процентов процентов процентов процентов процентов процентов процентов процентов процентов процентов процентов процентов процентов процентов процентов процентов процентов процентов процентов процентов процентов процентов процентов процентов процентов процентов процентов процентов процентов процентов процентов процентов процентов процентов процентов процентов процентов процентов процентов процентов процентов процентов процентов процентов процентов процентов процентов процентов процентов процентов процентов процентов процентов процентов процентов процентов процентов процентов процентов процентов процентов процентов процентов процентов процентов процентов процентов процентов процентов процентов процентов процентов процентов процентов процентов процентов процентов процентов процентов процентов процентов процентов процентов процентов процентов процентов процентов процентов процентов процентов процентов процентов процентов процентов процентов процентов процентов процентов процентов процентов процентов процентов процентов процентов процентов процентов процентов процентов процентов процентов процентов процентов процентов процентов процентов процентов процентов процентов процентов процентов процентов процентов процентов процентов процентов процентов процентов процентов процентов процентов процентов процентов процентов процентов процентов процентов процентов процентов процентов процентов процентов процентов процентов процентов процентов процентов процентов процентов процентов процентов процентов процентов процентов процентов процентов процентов процентов процентов процентов процентов процентов процентов процентов процентов процентов процентов процентов процентов процентов процентов процентов процентов процентов процентов процентов процентов процентов процентов процентов процентов процентов процентов процентов процентов процентов процентов процентов процентов процентов процентов процентов процентов процентов процентов процентов процентов процентов процентов процентов процентов процентов процентов", "numeric_answer": null, "relative_error": null, "thinking_text": null, "has_tool_call": false, "tool_call": null, "usage": {"prompt_tokens": 203, "completion_tokens": 256, "total_tokens": 459, "token_count_source": "tokenizer"}, "decoding": {"temperature": 0.2, "top_p": null, "top_k": null, "max_tokens": 256, "seed": 42}, "prompt_tokens": 203, "completion_tokens": 256, "total_tokens": 459, "token_count_source": "tokenizer", "diffusion_steps": null, "flops_estimate": null, "flops_arch": null, "flops_model_params": null, "flops_active_params": null, "tokens_non_final": 252, "tokens_reasoning": 0, "tokens_response": 252, "elapsed_seconds": 18.43390393257141, "judgement": "Uncategorized"}
{"id": "basket_sum_001151", "topic": "basket_sum", "subtopic": "decimal_prices", "prompt": "You’re buying 6 items: $8.31, $2.74, $14.88, $17.68, $5.94, $4.74. About how much will you pay (before tax)?", "exact_value": 54.29, "model": "tiiuae/Falcon-H1-7B-Instruct", "provider": "transformers", "response": "альными числами путем округления процентов процентов процентов процентов процентов процентов процентов процентов процентов процентов процентов процентов процентов процентов процентов процентов процентов процентов процентов процентов процентов процентов процентов процентов процентов процентов процентов процентов процентов процентов процентов процентов процентов процентов процентов процентов процентов процентов процентов процентов процентов процентов процентов процентов процентов процентов процентов процентов процентов процентов процентов процентов процентов процентов процентов процентов процентов процентов процентов процентов процентов процентов процентов процентов процентов процентов процентов процентов процентов процентов процентов процентов процентов процентов процентов процентов процентов процентов процентов процентов процентов процентов процентов процентов процентов процентов процентов процентов процентов процентов процентов процентов процентов процентов процентов процентов процентов процентов процентов процентов процентов процентов процентов процентов процентов процентов процентов процентов процентов процентов процентов процентов процентов процентов процентов процентов процентов процентов процентов процентов процентов процентов процентов процентов процентов процентов процентов процентов процентов процентов процентов процентов процентов процентов процентов процентов процентов процентов процентов процентов процентов процентов процентов процентов процентов процентов процентов процентов процентов процентов процентов процентов процентов процентов процентов процентов процентов процентов процентов процентов процентов процентов процентов процентов процентов процентов процентов процентов процентов процентов процентов процентов процентов процентов процентов процентов процентов процентов процентов процентов процентов процентов процентов процентов процентов процентов процентов процентов процентов процентов процентов процентов процентов процентов процентов процентов процентов процентов процентов процентов процентов процентов процентов процентов процентов процентов процентов процентов процентов процентов процентов процентов процентов процентов процентов процентов процентов процентов процентов процентов процентов процентов процентов процентов процентов процентов процентов процентов процентов процентов процентов процентов процентов процентов процентов процентов процентов процентов процентов процентов процентов процентов процентов процентов процентов процентов процентов процентов процентов процентов", "numeric_answer": null, "relative_error": null, "thinking_text": null, "has_tool_call": false, "tool_call": null, "usage": {"prompt_tokens": 224, "completion_tokens": 256, "total_tokens": 480, "token_count_source": "tokenizer"}, "decoding": {"temperature": 0.2, "top_p": null, "top_k": null, "max_tokens": 256, "seed": 42}, "prompt_tokens": 224, "completion_tokens": 256, "total_tokens": 480, "token_count_source": "tokenizer", "diffusion_steps": null, "flops_estimate": null, "flops_arch": null, "flops_model_params": null, "flops_active_params": null, "tokens_non_final": 254, "tokens_reasoning": 0, "tokens_response": 254, "elapsed_seconds": 18.39681625366211, "judgement": "Uncategorized"}
{"id": "basket_sum_001171", "topic": "basket_sum", "subtopic": "decimal_prices", "prompt": "You’re buying 3 items: $10.17, $0.89, $7.55. About how much will you pay (before tax)?", "exact_value": 18.61, "model": "tiiuae/Falcon-H1-7B-Instruct", "provider": "transformers", "response": "альными числами путем округления процентов процентов процентов процентов процентов процентов процентов процентов процентов процентов процентов процентов процентов процентов процентов процентов процентов процентов процентов процентов процентов процентов процентов процентов процентов процентов процентов процентов процентов процентов процентов процентов процентов процентов процентов процентов процентов процентов процентов процентов процентов процентов процентов процентов процентов процентов процентов процентов процентов процентов процентов процентов процентов процентов процентов процентов процентов процентов процентов процентов процентов процентов процентов процентов процентов процентов процентов процентов процентов процентов процентов процентов процентов процентов процентов процентов процентов процентов процентов процентов процентов процентов процентов процентов процентов процентов процентов процентов процентов процентов процентов процентов процентов процентов процентов процентов процентов процентов процентов процентов процентов процентов процентов процентов процентов процентов процентов процентов процентов процентов процентов процентов процентов процентов процентов процентов процентов процентов процентов процентов процентов процентов процентов процентов процентов процентов процентов процентов процентов процентов процентов процентов процентов процентов процентов процентов процентов процентов процентов процентов процентов процентов процентов процентов процентов процентов процентов процентов процентов процентов процентов процентов процентов процентов процентов процентов процентов процентов процентов процентов процентов процентов процентов процентов процентов процентов процентов процентов процентов процентов процентов процентов процентов процентов процентов процентов процентов процентов процентов процентов процентов процентов процентов процентов процентов процентов процентов процентов процентов процентов процентов процентов процентов процентов процентов процентов процентов процентов процентов процентов процентов процентов процентов процентов процентов процентов процентов процентов процентов процентов процентов процентов процентов процентов процентов процентов процентов процентов процентов процентов процентов процентов процентов процентов процентов процентов процентов процентов процентов процентов процентов процентов процентов процентов процентов процентов процентов процентов процентов процентов процентов процентов процентов процентов процентов процентов процентов процентов процентов процентов", "numeric_answer": null, "relative_error": null, "thinking_text": null, "has_tool_call": false, "tool_call": null, "usage": {"prompt_tokens": 202, "completion_tokens": 256, "total_tokens": 458, "token_count_source": "tokenizer"}, "decoding": {"temperature": 0.2, "top_p": null, "top_k": null, "max_tokens": 256, "seed": 42}, "prompt_tokens": 202, "completion_tokens": 256, "total_tokens": 458, "token_count_source": "tokenizer", "diffusion_steps": null, "flops_estimate": null, "flops_arch": null, "flops_model_params": null, "flops_active_params": null, "tokens_non_final": 254, "tokens_reasoning": 0, "tokens_response": 254, "elapsed_seconds": 18.406596660614014, "judgement": "Uncategorized"}
{"id": "basket_sum_001191", "topic": "basket_sum", "subtopic": "decimal_prices", "prompt": "You’re buying 5 items: $16.57, $13.87, $17.29, $12.64, $9.09. About how much will you pay (before tax)?", "exact_value": 69.46, "model": "tiiuae/Falcon-H1-7B-Instruct", "provider": "transformers", "response": "альными числами путем округления процентов процентов процентов процентов процентов процентов процентов процентов процентов процентов процентов процентов процентов процентов процентов процентов процентов процентов процентов процентов процентов процентов процентов процентов процентов процентов процентов процентов процентов процентов процентов процентов процентов процентов процентов процентов процентов процентов процентов процентов процентов процентов процентов процентов процентов процентов процентов процентов процентов процентов процентов процентов процентов процентов процентов процентов процентов процентов процентов процентов процентов процентов процентов процентов процентов процентов процентов процентов процентов процентов процентов процентов процентов процентов процентов процентов процентов процентов процентов процентов процентов процентов процентов процентов процентов процентов процентов процентов процентов процентов процентов процентов процентов процентов процентов процентов процентов процентов процентов процентов процентов процентов процентов процентов процентов процентов процентов процентов процентов процентов процентов процентов процентов процентов процентов процентов процентов процентов процентов процентов процентов процентов процентов процентов процентов процентов процентов процентов процентов процентов процентов процентов процентов процентов процентов процентов процентов процентов процентов процентов процентов процентов процентов процентов процентов процентов процентов процентов процентов процентов процентов процентов процентов процентов процентов процентов процентов процентов процентов процентов процентов процентов процентов процентов процентов процентов процентов процентов процентов процентов процентов процентов процентов процентов процентов процентов процентов процентов процентов процентов процентов процентов процентов процентов процентов процентов процентов процентов процентов процентов процентов процентов процентов процентов процентов процентов процентов процентов процентов процентов процентов процентов процентов процентов процентов процентов процентов процентов процентов процентов процентов процентов процентов процентов процентов процентов процентов процентов процентов процентов процентов процентов процентов процентов процентов процентов процентов процентов процентов процентов процентов процентов процентов процентов процентов процентов процентов процентов процентов процентов процентов процентов процентов процентов процентов процентов процентов процентов процентов процентов", "numeric_answer": null, "relative_error": null, "thinking_text": null, "has_tool_call": false, "tool_call": null, "usage": {"prompt_tokens": 219, "completion_tokens": 256, "total_tokens": 475, "token_count_source": "tokenizer"}, "decoding": {"temperature": 0.2, "top_p": null, "top_k": null, "max_tokens": 256, "seed": 42}, "prompt_tokens": 219, "completion_tokens": 256, "total_tokens": 475, "token_count_source": "tokenizer", "diffusion_steps": null, "flops_estimate": null, "flops_arch": null, "flops_model_params": null, "flops_active_params": null, "tokens_non_final": 254, "tokens_reasoning": 0, "tokens_response": 254, "elapsed_seconds": 18.462968826293945, "judgement": "Uncategorized"}
{"id": "basket_sum_001211", "topic": "basket_sum", "subtopic": "decimal_prices", "prompt": "You’re buying 4 items: $2.44, $1.26, $19.22, $2.64. About how much will you pay (before tax)?", "exact_value": 25.56, "model": "tiiuae/Falcon-H1-7B-Instruct", "provider": "transformers", "response": "альными числами путем округления исходных процентов до ближайшего целого числаируем суммы процентов согласно правилам насколько это возможноально насколько это возможноально насколькоально насколькоально насколькоально насколькоально насколькоально насколькоально насколькоально насколькоально насколькоально насколькоально насколькоально насколькоально насколькоально насколькоально насколькоально насколькоально насколькоально насколькоально насколькоально насколькоально насколькоально насколькоально насколькоально насколькоально насколькоально насколькоально насколькоально насколькоально насколькоально насколькоально насколькоально насколькоально насколькоально насколькоально насколькоально насколькоально насколькоально насколькоально насколькоально насколькоально насколькоально насколькоально насколькоально насколькоально насколькоально насколькоально насколькоально насколькоально насколькоально насколькоально насколькоально насколькоально насколькоально насколькоально насколькоально насколькоально насколькоально насколькоально насколькоально насколькоально насколькоально насколькоально насколькоально насколькоально насколькоально насколькоально насколькоально насколькоально насколькоально насколькоально насколькоально насколькоально насколькоально насколькоально насколькоально насколькоально насколькоально насколькоально насколькоально насколькоально насколькоально насколькоально насколькоально насколькоально насколькоально насколькоально насколькоально насколькоально насколькоально насколькоально насколькоально насколькоально насколькоально насколькоально насколькоально насколькоально насколькоально насколькоально насколькоально насколькоально насколькоально насколькоально насколькоально насколькоально насколькоально насколькоально насколькоально насколькоально насколькоально насколькоально насколькоально насколькоально насколькоально насколько", "numeric_answer": null, "relative_error": null, "thinking_text": null, "has_tool_call": false, "tool_call": null, "usage": {"prompt_tokens": 209, "completion_tokens": 256, "total_tokens": 465, "token_count_source": "tokenizer"}, "decoding": {"temperature": 0.2, "top_p": null, "top_k": null, "max_tokens": 256, "seed": 42}, "prompt_tokens": 209, "completion_tokens": 256, "total_tokens": 465, "token_count_source": "tokenizer", "diffusion_steps": null, "flops_estimate": null, "flops_arch": null, "flops_model_params": null, "flops_active_params": null, "tokens_non_final": 134, "tokens_reasoning": 0, "tokens_response": 134, "elapsed_seconds": 18.397307872772217, "judgement": "Uncategorized"}
{"id": "basket_sum_001231", "topic": "basket_sum", "subtopic": "decimal_prices", "prompt": "You’re buying 5 items: $4.51, $9.17, $1.90, $5.25, $12.09. About how much will you pay (before tax)?", "exact_value": 32.92, "model": "tiiuae/Falcon-H1-7B-Instruct", "provider": "transformers", "response": "альными числами путем округления процентов процентов процентов процентов процентов процентов процентов процентов процентов процентов процентов процентов процентов процентов процентов процентов процентов процентов процентов процентов процентов процентов процентов процентов процентов процентов процентов процентов процентов процентов процентов процентов процентов процентов процентов процентов процентов процентов процентов процентов процентов процентов процентов процентов процентов процентов процентов процентов процентов процентов процентов процентов процентов процентов процентов процентов процентов процентов процентов процентов процентов процентов процентов процентов процентов процентов процентов процентов процентов процентов процентов процентов процентов процентов процентов процентов процентов процентов процентов процентов процентов процентов процентов процентов процентов процентов процентов процентов процентов процентов процентов процентов процентов процентов процентов процентов процентов процентов процентов процентов процентов процентов процентов процентов процентов процентов процентов процентов процентов процентов процентов процентов процентов процентов процентов процентов процентов процентов процентов процентов процентов процентов процентов процентов процентов процентов процентов процентов процентов процентов процентов процентов процентов процентов процентов процентов процентов процентов процентов процентов процентов процентов процентов процентов процентов процентов процентов процентов процентов процентов процентов процентов процентов процентов процентов процентов процентов процентов процентов процентов процентов процентов процентов процентов процентов процентов процентов процентов процентов процентов процентов процентов процентов процентов процентов процентов процентов процентов процентов процентов процентов процентов процентов процентов процентов процентов процентов процентов процентов процентов процентов процентов процентов процентов процентов процентов процентов процентов процентов процентов процентов процентов процентов процентов процентов процентов процентов процентов процентов процентов процентов процентов процентов процентов процентов процентов процентов процентов процентов процентов процентов процентов процентов процентов процентов процентов процентов процентов процентов процентов процентов процентов процентов процентов процентов процентов процентов процентов процентов процентов процентов процентов процентов процентов процентов процентов процентов процентов процентов процентов", "numeric_answer": null, "relative_error": null, "thinking_text": null, "has_tool_call": false, "tool_call": null, "usage": {"prompt_tokens": 216, "completion_tokens": 256, "total_tokens": 472, "token_count_source": "tokenizer"}, "decoding": {"temperature": 0.2, "top_p": null, "top_k": null, "max_tokens": 256, "seed": 42}, "prompt_tokens": 216, "completion_tokens": 256, "total_tokens": 472, "token_count_source": "tokenizer", "diffusion_steps": null, "flops_estimate": null, "flops_arch": null, "flops_model_params": null, "flops_active_params": null, "tokens_non_final": 254, "tokens_reasoning": 0, "tokens_response": 254, "elapsed_seconds": 18.436484575271606, "judgement": "Uncategorized"}
{"id": "basket_sum_001251", "topic": "basket_sum", "subtopic": "decimal_prices", "prompt": "You’re buying 5 items: $3.91, $8.11, $15.11, $18.54, $3.32. About how much will you pay (before tax)?", "exact_value": 48.99, "model": "tiiuae/Falcon-H1-7B-Instruct", "provider": "transformers", "response": "альными числами процентов процентов процентов процентов процентов процентов процентов процентов процентов процентов процентов процентов процентов процентов процентов процентов процентов процентов процентов процентов процентов процентов процентов процентов процентов процентов процентов процентов процентов процентов процентов процентов процентов процентов процентов процентов процентов процентов процентов процентов процентов процентов процентов процентов процентов процентов процентов процентов процентов процентов процентов процентов процентов процентов процентов процентов процентов процентов процентов процентов процентов процентов процентов процентов процентов процентов процентов процентов процентов процентов процентов процентов процентов процентов процентов процентов процентов процентов процентов процентов процентов процентов процентов процентов процентов процентов процентов процентов процентов процентов процентов процентов процентов процентов процентов процентов процентов процентов процентов процентов процентов процентов процентов процентов процентов процентов процентов процентов процентов процентов процентов процентов процентов процентов процентов процентов процентов процентов процентов процентов процентов процентов процентов процентов процентов процентов процентов процентов процентов процентов процентов процентов процентов процентов процентов процентов процентов процентов процентов процентов процентов процентов процентов процентов процентов процентов процентов процентов процентов процентов процентов процентов процентов процентов процентов процентов процентов процентов процентов процентов процентов процентов процентов процентов процентов процентов процентов процентов процентов процентов процентов процентов процентов процентов процентов процентов процентов процентов процентов процентов процентов процентов процентов процентов процентов процентов процентов процентов процентов процентов процентов процентов процентов процентов процентов процентов процентов процентов процентов процентов процентов процентов процентов процентов процентов процентов процентов процентов процентов процентов процентов процентов процентов процентов процентов процентов процентов процентов процентов процентов процентов процентов процентов процентов процентов процентов процентов процентов процентов процентов процентов процентов процентов процентов процентов процентов процентов процентов процентов процентов процентов процентов процентов процентов процентов процентов процентов процентов процентов процентов процентов процентов процентов", "numeric_answer": null, "relative_error": null, "thinking_text": null, "has_tool_call": false, "tool_call": null, "usage": {"prompt_tokens": 217, "completion_tokens": 256, "total_tokens": 473, "token_count_source": "tokenizer"}, "decoding": {"temperature": 0.2, "top_p": null, "top_k": null, "max_tokens": 256, "seed": 42}, "prompt_tokens": 217, "completion_tokens": 256, "total_tokens": 473, "token_count_source": "tokenizer", "diffusion_steps": null, "flops_estimate": null, "flops_arch": null, "flops_model_params": null, "flops_active_params": null, "tokens_non_final": 255, "tokens_reasoning": 0, "tokens_response": 255, "elapsed_seconds": 18.52072024345398, "judgement": "Uncategorized"}
{"id": "basket_sum_001271", "topic": "basket_sum", "subtopic": "decimal_prices", "prompt": "You’re buying 6 items: $11.14, $3.12, $17.66, $16.12, $12.45, $13.45. About how much will you pay (before tax)?", "exact_value": 73.94, "model": "tiiuae/Falcon-H1-7B-Instruct", "provider": "transformers", "response": "альными числами путем округления процентов процентов процентов процентов процентов процентов процентов процентов процентов процентов процентов процентов процентов процентов процентов процентов процентов процентов процентов процентов процентов процентов процентов процентов процентов процентов процентов процентов процентов процентов процентов процентов процентов процентов процентов процентов процентов процентов процентов процентов процентов процентов процентов процентов процентов процентов процентов процентов процентов процентов процентов процентов процентов процентов процентов процентов процентов процентов процентов процентов процентов процентов процентов процентов процентов процентов процентов процентов процентов процентов процентов процентов процентов процентов процентов процентов процентов процентов процентов процентов процентов процентов процентов процентов процентов процентов процентов процентов процентов процентов процентов процентов процентов процентов процентов процентов процентов процентов процентов процентов процентов процентов процентов процентов процентов процентов процентов процентов процентов процентов процентов процентов процентов процентов процентов процентов процентов процентов процентов процентов процентов процентов процентов процентов процентов процентов процентов процентов процентов процентов процентов процентов процентов процентов процентов процентов процентов процентов процентов процентов процентов процентов процентов процентов процентов процентов процентов процентов процентов процентов процентов процентов процентов процентов процентов процентов процентов процентов процентов процентов процентов процентов процентов процентов процентов процентов процентов процентов процентов процентов процентов процентов процентов процентов процентов процентов процентов процентов процентов процентов процентов процентов процентов процентов процентов процентов процентов процентов процентов процентов процентов процентов процентов процентов процентов процентов процентов процентов процентов процентов процентов процентов процентов процентов процентов процентов процентов процентов процентов процентов процентов процентов процентов процентов процентов процентов процентов процентов процентов процентов процентов процентов процентов процентов процентов процентов процентов процентов процентов процентов процентов процентов процентов процентов процентов процентов процентов процентов процентов процентов процентов процентов процентов процентов процентов процентов процентов процентов процентов процентов", "numeric_answer": null, "relative_error": null, "thinking_text": null, "has_tool_call": false, "tool_call": null, "usage": {"prompt_tokens": 227, "completion_tokens": 256, "total_tokens": 483, "token_count_source": "tokenizer"}, "decoding": {"temperature": 0.2, "top_p": null, "top_k": null, "max_tokens": 256, "seed": 42}, "prompt_tokens": 227, "completion_tokens": 256, "total_tokens": 483, "token_count_source": "tokenizer", "diffusion_steps": null, "flops_estimate": null, "flops_arch": null, "flops_model_params": null, "flops_active_params": null, "tokens_non_final": 254, "tokens_reasoning": 0, "tokens_response": 254, "elapsed_seconds": 18.625622987747192, "judgement": "Uncategorized"}
{"id": "basket_sum_001291", "topic": "basket_sum", "subtopic": "decimal_prices", "prompt": "You’re buying 5 items: $18.82, $5.77, $12.43, $2.83, $5.24. About how much will you pay (before tax)?", "exact_value": 45.09, "model": "tiiuae/Falcon-H1-7B-Instruct", "provider": "transformers", "response": "альными числами округлим суммы процентов насколько возможно насколько возможно насколько возможно насколько возможно насколько возможно насколько возможно насколько возможно насколько возможно насколько возможно насколько возможно насколько возможно насколько возможно насколько возможно насколько возможно насколько возможно насколько возможно насколько возможно насколько возможно насколько возможно насколько возможно насколько возможно насколько возможно насколько возможно насколько возможно насколько возможно насколько возможно насколько возможно насколько возможно насколько возможно насколько возможно насколько возможно насколько возможно насколько возможно насколько возможно насколько возможно насколько возможно насколько возможно насколько возможно насколько возможно насколько возможно насколько возможно насколько возможно насколько возможно насколько возможно насколько возможно насколько возможно насколько возможно насколько возможно насколько возможно насколько возможно насколько возможно насколько возможно насколько возможно насколько возможно насколько возможно насколько возможно насколько возможно насколько возможно насколько возможно насколько возможно насколько возможно насколько возможно насколько возможно насколько возможно насколько возможно насколько возможно насколько возможно насколько возможно насколько возможно насколько возможно насколько возможно насколько возможно насколько возможно насколько возможно насколько возможно насколько возможно насколько возможно насколько возможно насколько возможно насколько возможно насколько возможно насколько возможно насколько возможно насколько возможно насколько возможно насколько возможно насколько возможно насколько возможно насколько возможно насколько возможно насколько возможно насколько возможно насколько возможно насколько возможно насколько возможно насколько возможно насколько возможно насколько возможно насколько возможно насколько возможно насколько возможно насколько возможно насколько возможно насколько возможно насколько возможно насколько возможно насколько возможно насколько возможно насколько возможно насколько возможно насколько возможно насколько возможно насколько возможно насколько возможно насколько возможно насколько возможно насколько возможно насколько возможно насколько возможно насколько возможно насколько возможно насколько возможно насколько возможно насколько возможно насколько", "numeric_answer": null, "relative_error": null, "thinking_text": null, "has_tool_call": false, "tool_call": null, "usage": {"prompt_tokens": 217, "completion_tokens": 256, "total_tokens": 473, "token_count_source": "tokenizer"}, "decoding": {"temperature": 0.2, "top_p": null, "top_k": null, "max_tokens": 256, "seed": 42}, "prompt_tokens": 217, "completion_tokens": 256, "total_tokens": 473, "token_count_source": "tokenizer", "diffusion_steps": null, "flops_estimate": null, "flops_arch": null, "flops_model_params": null, "flops_active_params": null, "tokens_non_final": 254, "tokens_reasoning": 0, "tokens_response": 254, "elapsed_seconds": 18.482802152633667, "judgement": "Uncategorized"}
{"id": "basket_sum_001311", "topic": "basket_sum", "subtopic": "decimal_prices", "prompt": "You’re buying 5 items: $13.47, $7.46, $8.43, $3.25, $17.73. About how much will you pay (before tax)?", "exact_value": 50.34, "model": "tiiuae/Falcon-H1-7B-Instruct", "provider": "transformers", "response": "�альное решение вместо точного расчета процентов процентов процентов процентов процентов процентов процентов процентов процентов процентов процентов процентов процентов процентов процентов процентов процентов процентов процентов процентов процентов процентов процентов процентов процентов процентов процентов процентов процентов процентов процентов процентов процентов процентов процентов процентов процентов процентов процентов процентов процентов процентов процентов процентов процентов процентов процентов процентов процентов процентов процентов процентов процентов процентов процентов процентов процентов процентов процентов процентов процентов процентов процентов процентов процентов процентов процентов процентов процентов процентов процентов процентов процентов процентов процентов процентов процентов процентов процентов процентов процентов процентов процентов процентов процентов процентов процентов процентов процентов процентов процентов процентов процентов процентов процентов процентов процентов процентов процентов процентов процентов процентов процентов процентов процентов процентов процентов процентов процентов процентов процентов процентов процентов процентов процентов процентов процентов процентов процентов процентов процентов процентов процентов процентов процентов процентов процентов процентов процентов процентов процентов процентов процентов процентов процентов процентов процентов процентов процентов процентов процентов процентов процентов процентов процентов процентов процентов процентов процентов процентов процентов процентов процентов процентов процентов процентов процентов процентов процентов процентов процентов процентов процентов процентов процентов процентов процентов процентов процентов процентов процентов процентов процентов процентов процентов процентов процентов процентов процентов процентов процентов процентов процентов процентов процентов процентов процентов процентов процентов процентов процентов процентов процентов процентов процентов процентов процентов процентов процентов процентов процентов процентов процентов процентов процентов процентов процентов процентов процентов процентов процентов процентов процентов процентов процентов процентов процентов процентов процентов процентов процентов процентов процентов процентов процентов процентов процентов процентов процентов процентов процентов процентов процентов процентов процентов процентов процентов процентов процентов процентов процентов процентов процентов процентов процентов процентов процентов процентов", "numeric_answer": null, "relative_error": null, "thinking_text": null, "has_tool_call": false, "tool_call": null, "usage": {"prompt_tokens": 217, "completion_tokens": 256, "total_tokens": 473, "token_count_source": "tokenizer"}, "decoding": {"temperature": 0.2, "top_p": null, "top_k": null, "max_tokens": 256, "seed": 42}, "prompt_tokens": 217, "completion_tokens": 256, "total_tokens": 473, "token_count_source": "tokenizer", "diffusion_steps": null, "flops_estimate": null, "flops_arch": null, "flops_model_params": null, "flops_active_params": null, "tokens_non_final": 253, "tokens_reasoning": 0, "tokens_response": 253, "elapsed_seconds": 18.497037887573242, "judgement": "Uncategorized"}
{"id": "basket_sum_001331", "topic": "basket_sum", "subtopic": "decimal_prices", "prompt": "You’re buying 3 items: $9.47, $11.89, $1.27. About how much will you pay (before tax)?", "exact_value": 22.63, "model": "tiiuae/Falcon-H1-7B-Instruct", "provider": "transformers", "response": "альными числами путем округления до ближайшего целого числа согласно приведенным правилам получаются соответственно примерно насколько процентов процентов процентов процентов процентов процентов процентов процентов процентов процентов процентов процентов процентов процентов процентов процентов процентов процентов процентов процентов процентов процентов процентов процентов процентов процентов процентов процентов процентов процентов процентов процентов процентов процентов процентов процентов процентов процентов процентов процентов процентов процентов процентов процентов процентов процентов процентов процентов процентов процентов процентов процентов процентов процентов процентов процентов процентов процентов процентов процентов процентов процентов процентов процентов процентов процентов процентов процентов процентов процентов процентов процентов процентов процентов процентов процентов процентов процентов процентов процентов процентов процентов процентов процентов процентов процентов процентов процентов процентов процентов процентов процентов процентов процентов процентов процентов процентов процентов процентов процентов процентов процентов процентов процентов процентов процентов процентов процентов процентов процентов процентов процентов процентов процентов процентов процентов процентов процентов процентов процентов процентов процентов процентов процентов процентов процентов процентов процентов процентов процентов процентов процентов процентов процентов процентов процентов процентов процентов процентов процентов процентов процентов процентов процентов процентов процентов процентов процентов процентов процентов процентов процентов процентов процентов процентов процентов процентов процентов процентов процентов процентов процентов процентов процентов процентов процентов процентов процентов процентов процентов процентов процентов процентов процентов процентов процентов процентов процентов процентов процентов процентов процентов процентов процентов процентов процентов процентов процентов процентов процентов процентов процентов процентов процентов процентов процентов процентов процентов процентов процентов процентов процентов процентов процентов процентов процентов процентов процентов процентов процентов процентов процентов процентов процентов процентов процентов процентов процентов процентов процентов процентов процентов процентов процентов процентов процентов процентов процентов процентов процентов процентов процентов процентов", "numeric_answer": null, "relative_error": null, "thinking_text": null, "has_tool_call": false, "tool_call": null, "usage": {"prompt_tokens": 202, "completion_tokens": 256, "total_tokens": 458, "token_count_source": "tokenizer"}, "decoding": {"temperature": 0.2, "top_p": null, "top_k": null, "max_tokens": 256, "seed": 42}, "prompt_tokens": 202, "completion_tokens": 256, "total_tokens": 458, "token_count_source": "tokenizer", "diffusion_steps": null, "flops_estimate": null, "flops_arch": null, "flops_model_params": null, "flops_active_params": null, "tokens_non_final": 248, "tokens_reasoning": 0, "tokens_response": 248, "elapsed_seconds": 18.45733332633972, "judgement": "Uncategorized"}
{"id": "basket_sum_001351", "topic": "basket_sum", "subtopic": "decimal_prices", "prompt": "You’re buying 5 items: $7.84, $15.52, $18.73, $11.56, $13.11. About how much will you pay (before tax)?", "exact_value": 66.76, "model": "tiiuae/Falcon-H1-7B-Instruct", "provider": "transformers", "response": "альными числами округлим до процентов процентов процентов процентов процентов процентов процентов процентов процентов процентов процентов процентов процентов процентов процентов процентов процентов процентов процентов процентов процентов процентов процентов процентов процентов процентов процентов процентов процентов процентов процентов процентов процентов процентов процентов процентов процентов процентов процентов процентов процентов процентов процентов процентов процентов процентов процентов процентов процентов процентов процентов процентов процентов процентов процентов процентов процентов процентов процентов процентов процентов процентов процентов процентов процентов процентов процентов процентов процентов процентов процентов процентов процентов процентов процентов процентов процентов процентов процентов процентов процентов процентов процентов процентов процентов процентов процентов процентов процентов процентов процентов процентов процентов процентов процентов процентов процентов процентов процентов процентов процентов процентов процентов процентов процентов процентов процентов процентов процентов процентов процентов процентов процентов процентов процентов процентов процентов процентов процентов процентов процентов процентов процентов процентов процентов процентов процентов процентов процентов процентов процентов процентов процентов процентов процентов процентов процентов процентов процентов процентов процентов процентов процентов процентов процентов процентов процентов процентов процентов процентов процентов процентов процентов процентов процентов процентов процентов процентов процентов процентов процентов процентов процентов процентов процентов процентов процентов процентов процентов процентов процентов процентов процентов процентов процентов процентов процентов процентов процентов процентов процентов процентов процентов процентов процентов процентов процентов процентов процентов процентов процентов процентов процентов процентов процентов процентов процентов процентов процентов процентов процентов процентов процентов процентов процентов процентов процентов процентов процентов процентов процентов процентов процентов процентов процентов процентов процентов процентов процентов процентов процентов процентов процентов процентов процентов процентов процентов процентов процентов процентов процентов процентов процентов процентов процентов процентов процентов процентов процентов процентов процентов процентов процентов процентов процентов процентов процентов процентов процентов процентов", "numeric_answer": null, "relative_error": null, "thinking_text": null, "has_tool_call": false, "tool_call": null, "usage": {"prompt_tokens": 219, "completion_tokens": 256, "total_tokens": 475, "token_count_source": "tokenizer"}, "decoding": {"temperature": 0.2, "top_p": null, "top_k": null, "max_tokens": 256, "seed": 42}, "prompt_tokens": 219, "completion_tokens": 256, "total_tokens": 475, "token_count_source": "tokenizer", "diffusion_steps": null, "flops_estimate": null, "flops_arch": null, "flops_model_params": null, "flops_active_params": null, "tokens_non_final": 254, "tokens_reasoning": 0, "tokens_response": 254, "elapsed_seconds": 18.61400055885315, "judgement": "Uncategorized"}
{"id": "basket_sum_001371", "topic": "basket_sum", "subtopic": "decimal_prices", "prompt": "You’re buying 3 items: $1.87, $13.03, $1.99. About how much will you pay (before tax)?", "exact_value": 16.89, "model": "tiiuae/Falcon-H1-7B-Instruct", "provider": "transformers", "response": "альными числами процентов процентов процентов процентов процентов процентов процентов процентов процентов процентов процентов процентов процентов процентов процентов процентов процентов процентов процентов процентов процентов процентов процентов процентов процентов процентов процентов процентов процентов процентов процентов процентов процентов процентов процентов процентов процентов процентов процентов процентов процентов процентов процентов процентов процентов процентов процентов процентов процентов процентов процентов процентов процентов процентов процентов процентов процентов процентов процентов процентов процентов процентов процентов процентов процентов процентов процентов процентов процентов процентов процентов процентов процентов процентов процентов процентов процентов процентов процентов процентов процентов процентов процентов процентов процентов процентов процентов процентов процентов процентов процентов процентов процентов процентов процентов процентов процентов процентов процентов процентов процентов процентов процентов процентов процентов процентов процентов процентов процентов процентов процентов процентов процентов процентов процентов процентов процентов процентов процентов процентов процентов процентов процентов процентов процентов процентов процентов процентов процентов процентов процентов процентов процентов процентов процентов процентов процентов процентов процентов процентов процентов процентов процентов процентов процентов процентов процентов процентов процентов процентов процентов процентов процентов процентов процентов процентов процентов процентов процентов процентов процентов процентов процентов процентов процентов процентов процентов процентов процентов процентов процентов процентов процентов процентов процентов процентов процентов процентов процентов процентов процентов процентов процентов процентов процентов процентов процентов процентов процентов процентов процентов процентов процентов процентов процентов процентов процентов процентов процентов процентов процентов процентов процентов процентов процентов процентов процентов процентов процентов процентов процентов процентов процентов процентов процентов процентов процентов процентов процентов процентов процентов процентов процентов процентов процентов процентов процентов процентов процентов процентов процентов процентов процентов процентов процентов процентов процентов процентов процентов процентов процентов процентов процентов процентов процентов процентов процентов процентов процентов процентов процентов процентов процентов", "numeric_answer": null, "relative_error": null, "thinking_text": null, "has_tool_call": false, "tool_call": null, "usage": {"prompt_tokens": 202, "completion_tokens": 256, "total_tokens": 458, "token_count_source": "tokenizer"}, "decoding": {"temperature": 0.2, "top_p": null, "top_k": null, "max_tokens": 256, "seed": 42}, "prompt_tokens": 202, "completion_tokens": 256, "total_tokens": 458, "token_count_source": "tokenizer", "diffusion_steps": null, "flops_estimate": null, "flops_arch": null, "flops_model_params": null, "flops_active_params": null, "tokens_non_final": 255, "tokens_reasoning": 0, "tokens_response": 255, "elapsed_seconds": 18.737149715423584, "judgement": "Uncategorized"}
{"id": "basket_sum_001391", "topic": "basket_sum", "subtopic": "decimal_prices", "prompt": "You’re buying 5 items: $7.94, $8.05, $12.09, $1.44, $14.25. About how much will you pay (before tax)?", "exact_value": 43.77, "model": "tiiuae/Falcon-H1-7B-Instruct", "provider": "transformers", "response": "альными числами округлим до процентов процентов процентов процентов процентов процентов процентов процентов процентов процентов процентов процентов процентов процентов процентов процентов процентов процентов процентов процентов процентов процентов процентов процентов процентов процентов процентов процентов процентов процентов процентов процентов процентов процентов процентов процентов процентов процентов процентов процентов процентов процентов процентов процентов процентов процентов процентов процентов процентов процентов процентов процентов процентов процентов процентов процентов процентов процентов процентов процентов процентов процентов процентов процентов процентов процентов процентов процентов процентов процентов процентов процентов процентов процентов процентов процентов процентов процентов процентов процентов процентов процентов процентов процентов процентов процентов процентов процентов процентов процентов процентов процентов процентов процентов процентов процентов процентов процентов процентов процентов процентов процентов процентов процентов процентов процентов процентов процентов процентов процентов процентов процентов процентов процентов процентов процентов процентов процентов процентов процентов процентов процентов процентов процентов процентов процентов процентов процентов процентов процентов процентов процентов процентов процентов процентов процентов процентов процентов процентов процентов процентов процентов процентов процентов процентов процентов процентов процентов процентов процентов процентов процентов процентов процентов процентов процентов процентов процентов процентов процентов процентов процентов процентов процентов процентов процентов процентов процентов процентов процентов процентов процентов процентов процентов процентов процентов процентов процентов процентов процентов процентов процентов процентов процентов процентов процентов процентов процентов процентов процентов процентов процентов процентов процентов процентов процентов процентов процентов процентов процентов процентов процентов процентов процентов процентов процентов процентов процентов процентов процентов процентов процентов процентов процентов процентов процентов процентов процентов процентов процентов процентов процентов процентов процентов процентов процентов процентов процентов процентов процентов процентов процентов процентов процентов процентов процентов процентов процентов процентов процентов процентов процентов процентов процентов процентов процентов процентов процентов процентов процентов", "numeric_answer": null, "relative_error": null, "thinking_text": null, "has_tool_call": false, "tool_call": null, "usage": {"prompt_tokens": 217, "completion_tokens": 256, "total_tokens": 473, "token_count_source": "tokenizer"}, "decoding": {"temperature": 0.2, "top_p": null, "top_k": null, "max_tokens": 256, "seed": 42}, "prompt_tokens": 217, "completion_tokens": 256, "total_tokens": 473, "token_count_source": "tokenizer", "diffusion_steps": null, "flops_estimate": null, "flops_arch": null, "flops_model_params": null, "flops_active_params": null, "tokens_non_final": 254, "tokens_reasoning": 0, "tokens_response": 254, "elapsed_seconds": 18.707005500793457, "judgement": "Uncategorized"}
{"id": "basket_sum_001411", "topic": "basket_sum", "subtopic": "decimal_prices", "prompt": "You’re buying 4 items: $6.59, $2.57, $8.16, $4.24. About how much will you pay (before tax)?", "exact_value": 21.56, "model": "tiiuae/Falcon-H1-7B-Instruct", "provider": "transformers", "response": "альными числами путем округления процентов процентов процентов процентов процентов процентов процентов процентов процентов процентов процентов процентов процентов процентов процентов процентов процентов процентов процентов процентов процентов процентов процентов процентов процентов процентов процентов процентов процентов процентов процентов процентов процентов процентов процентов процентов процентов процентов процентов процентов процентов процентов процентов процентов процентов процентов процентов процентов процентов процентов процентов процентов процентов процентов процентов процентов процентов процентов процентов процентов процентов процентов процентов процентов процентов процентов процентов процентов процентов процентов процентов процентов процентов процентов процентов процентов процентов процентов процентов процентов процентов процентов процентов процентов процентов процентов процентов процентов процентов процентов процентов процентов процентов процентов процентов процентов процентов процентов процентов процентов процентов процентов процентов процентов процентов процентов процентов процентов процентов процентов процентов процентов процентов процентов процентов процентов процентов процентов процентов процентов процентов процентов процентов процентов процентов процентов процентов процентов процентов процентов процентов процентов процентов процентов процентов процентов процентов процентов процентов процентов процентов процентов процентов процентов процентов процентов процентов процентов процентов процентов процентов процентов процентов процентов процентов процентов процентов процентов процентов процентов процентов процентов процентов процентов процентов процентов процентов процентов процентов процентов процентов процентов процентов процентов процентов процентов процентов процентов процентов процентов процентов процентов процентов процентов процентов процентов процентов процентов процентов процентов процентов процентов процентов процентов процентов процентов процентов процентов процентов процентов процентов процентов процентов процентов процентов процентов процентов процентов процентов процентов процентов процентов процентов процентов процентов процентов процентов процентов процентов процентов процентов процентов процентов процентов процентов процентов процентов процентов процентов процентов процентов процентов процентов процентов процентов процентов процентов процентов процентов процентов процентов процентов процентов процентов процентов процентов процентов процентов процентов процентов", "numeric_answer": null, "relative_error": null, "thinking_text": null, "has_tool_call": false, "tool_call": null, "usage": {"prompt_tokens": 208, "completion_tokens": 256, "total_tokens": 464, "token_count_source": "tokenizer"}, "decoding": {"temperature": 0.2, "top_p": null, "top_k": null, "max_tokens": 256, "seed": 42}, "prompt_tokens": 208, "completion_tokens": 256, "total_tokens": 464, "token_count_source": "tokenizer", "diffusion_steps": null, "flops_estimate": null, "flops_arch": null, "flops_model_params": null, "flops_active_params": null, "tokens_non_final": 254, "tokens_reasoning": 0, "tokens_response": 254, "elapsed_seconds": 18.8354172706604, "judgement": "Uncategorized"}
{"id": "basket_sum_001431", "topic": "basket_sum", "subtopic": "decimal_prices", "prompt": "You’re buying 4 items: $11.75, $19.89, $12.61, $11.14. About how much will you pay (before tax)?", "exact_value": 55.39, "model": "tiiuae/Falcon-H1-7B-Instruct", "provider": "transformers", "response": "альными числами путем округления процентов процентов процентов процентов процентов процентов процентов процентов процентов процентов процентов процентов процентов процентов процентов процентов процентов процентов процентов процентов процентов процентов процентов процентов процентов процентов процентов процентов процентов процентов процентов процентов процентов процентов процентов процентов процентов процентов процентов процентов процентов процентов процентов процентов процентов процентов процентов процентов процентов процентов процентов процентов процентов процентов процентов процентов процентов процентов процентов процентов процентов процентов процентов процентов процентов процентов процентов процентов процентов процентов процентов процентов процентов процентов процентов процентов процентов процентов процентов процентов процентов процентов процентов процентов процентов процентов процентов процентов процентов процентов процентов процентов процентов процентов процентов процентов процентов процентов процентов процентов процентов процентов процентов процентов процентов процентов процентов процентов процентов процентов процентов процентов процентов процентов процентов процентов процентов процентов процентов процентов процентов процентов процентов процентов процентов процентов процентов процентов процентов процентов процентов процентов процентов процентов процентов процентов процентов процентов процентов процентов процентов процентов процентов процентов процентов процентов процентов процентов процентов процентов процентов процентов процентов процентов процентов процентов процентов процентов процентов процентов процентов процентов процентов процентов процентов процентов процентов процентов процентов процентов процентов процентов процентов процентов процентов процентов процентов процентов процентов процентов процентов процентов процентов процентов процентов процентов процентов процентов процентов процентов процентов процентов процентов процентов процентов процентов процентов процентов процентов процентов процентов процентов процентов процентов процентов процентов процентов процентов процентов процентов процентов процентов процентов процентов процентов процентов процентов процентов процентов процентов процентов процентов процентов процентов процентов процентов процентов процентов процентов процентов процентов процентов процентов процентов процентов процентов процентов процентов процентов процентов процентов процентов процентов процентов процентов процентов процентов процентов процентов процентов", "numeric_answer": null, "relative_error": null, "thinking_text": null, "has_tool_call": false, "tool_call": null, "usage": {"prompt_tokens": 212, "completion_tokens": 256, "total_tokens": 468, "token_count_source": "tokenizer"}, "decoding": {"temperature": 0.2, "top_p": null, "top_k": null, "max_tokens": 256, "seed": 42}, "prompt_tokens": 212, "completion_tokens": 256, "total_tokens": 468, "token_count_source": "tokenizer", "diffusion_steps": null, "flops_estimate": null, "flops_arch": null, "flops_model_params": null, "flops_active_params": null, "tokens_non_final": 254, "tokens_reasoning": 0, "tokens_response": 254, "elapsed_seconds": 18.905535221099854, "judgement": "Uncategorized"}
{"id": "basket_sum_001451", "topic": "basket_sum", "subtopic": "decimal_prices", "prompt": "You’re buying 6 items: $19.50, $8.67, $13.01, $12.67, $3.45, $12.69. About how much will you pay (before tax)?", "exact_value": 69.99, "model": "tiiuae/Falcon-H1-7B-Instruct", "provider": "transformers", "response": "альными числами путем округления процентов процентов процентов процентов процентов процентов процентов процентов процентов процентов процентов процентов процентов процентов процентов процентов процентов процентов процентов процентов процентов процентов процентов процентов процентов процентов процентов процентов процентов процентов процентов процентов процентов процентов процентов процентов процентов процентов процентов процентов процентов процентов процентов процентов процентов процентов процентов процентов процентов процентов процентов процентов процентов процентов процентов процентов процентов процентов процентов процентов процентов процентов процентов процентов процентов процентов процентов процентов процентов процентов процентов процентов процентов процентов процентов процентов процентов процентов процентов процентов процентов процентов процентов процентов процентов процентов процентов процентов процентов процентов процентов процентов процентов процентов процентов процентов процентов процентов процентов процентов процентов процентов процентов процентов процентов процентов процентов процентов процентов процентов процентов процентов процентов процентов процентов процентов процентов процентов процентов процентов процентов процентов процентов процентов процентов процентов процентов процентов процентов процентов процентов процентов процентов процентов процентов процентов процентов процентов процентов процентов процентов процентов процентов процентов процентов процентов процентов процентов процентов процентов процентов процентов процентов процентов процентов процентов процентов процентов процентов процентов процентов процентов процентов процентов процентов процентов процентов процентов процентов процентов процентов процентов процентов процентов процентов процентов процентов процентов процентов процентов процентов процентов процентов процентов процентов процентов процентов процентов процентов процентов процентов процентов процентов процентов процентов процентов процентов процентов процентов процентов процентов процентов процентов процентов процентов процентов процентов процентов процентов процентов процентов процентов процентов процентов процентов процентов процентов процентов процентов процентов процентов процентов процентов процентов процентов процентов процентов процентов процентов процентов процентов процентов процентов процентов процентов процентов процентов процентов процентов процентов процентов процентов процентов процентов процентов процентов процентов процентов процентов процентов", "numeric_answer": null, "relative_error": null, "thinking_text": null, "has_tool_call": false, "tool_call": null, "usage": {"prompt_tokens": 226, "completion_tokens": 256, "total_tokens": 482, "token_count_source": "tokenizer"}, "decoding": {"temperature": 0.2, "top_p": null, "top_k": null, "max_tokens": 256, "seed": 42}, "prompt_tokens": 226, "completion_tokens": 256, "total_tokens": 482, "token_count_source": "tokenizer", "diffusion_steps": null, "flops_estimate": null, "flops_arch": null, "flops_model_params": null, "flops_active_params": null, "tokens_non_final": 254, "tokens_reasoning": 0, "tokens_response": 254, "elapsed_seconds": 19.02527928352356, "judgement": "Uncategorized"}
{"id": "basket_sum_001471", "topic": "basket_sum", "subtopic": "decimal_prices", "prompt": "You’re buying 5 items: $9.92, $9.24, $6.45, $15.07, $14.14. About how much will you pay (before tax)?", "exact_value": 54.82, "model": "tiiuae/Falcon-H1-7B-Instruct", "provider": "transformers", "response": "альными числами округлим до процентов процентов процентов процентов процентов процентов процентов процентов процентов процентов процентов процентов процентов процентов процентов процентов процентов процентов процентов процентов процентов процентов процентов процентов процентов процентов процентов процентов процентов процентов процентов процентов процентов процентов процентов процентов процентов процентов процентов процентов процентов процентов процентов процентов процентов процентов процентов процентов процентов процентов процентов процентов процентов процентов процентов процентов процентов процентов процентов процентов процентов процентов процентов процентов процентов процентов процентов процентов процентов процентов процентов процентов процентов процентов процентов процентов процентов процентов процентов процентов процентов процентов процентов процентов процентов процентов процентов процентов процентов процентов процентов процентов процентов процентов процентов процентов процентов процентов процентов процентов процентов процентов процентов процентов процентов процентов процентов процентов процентов процентов процентов процентов процентов процентов процентов процентов процентов процентов процентов процентов процентов процентов процентов процентов процентов процентов процентов процентов процентов процентов процентов процентов процентов процентов процентов процентов процентов процентов процентов процентов процентов процентов процентов процентов процентов процентов процентов процентов процентов процентов процентов процентов процентов процентов процентов процентов процентов процентов процентов процентов процентов процентов процентов процентов процентов процентов процентов процентов процентов процентов процентов процентов процентов процентов процентов процентов процентов процентов процентов процентов процентов процентов процентов процентов процентов процентов процентов процентов процентов процентов процентов процентов процентов процентов процентов процентов процентов процентов процентов процентов процентов процентов процентов процентов процентов процентов процентов процентов процентов процентов процентов процентов процентов процентов процентов процентов процентов процентов процентов процентов процентов процентов процентов процентов процентов процентов процентов процентов процентов процентов процентов процентов процентов процентов процентов процентов процентов процентов процентов процентов процентов процентов процентов процентов процентов процентов процентов процентов процентов процентов", "numeric_answer": null, "relative_error": null, "thinking_text": null, "has_tool_call": false, "tool_call": null, "usage": {"prompt_tokens": 217, "completion_tokens": 256, "total_tokens": 473, "token_count_source": "tokenizer"}, "decoding": {"temperature": 0.2, "top_p": null, "top_k": null, "max_tokens": 256, "seed": 42}, "prompt_tokens": 217, "completion_tokens": 256, "total_tokens": 473, "token_count_source": "tokenizer", "diffusion_steps": null, "flops_estimate": null, "flops_arch": null, "flops_model_params": null, "flops_active_params": null, "tokens_non_final": 254, "tokens_reasoning": 0, "tokens_response": 254, "elapsed_seconds": 18.818225383758545, "judgement": "Uncategorized"}
{"id": "basket_sum_001491", "topic": "basket_sum", "subtopic": "decimal_prices", "prompt": "You’re buying 6 items: $10.66, $19.06, $6.54, $17.44, $5.57, $6.08. About how much will you pay (before tax)?", "exact_value": 65.35, "model": "tiiuae/Falcon-H1-7B-Instruct", "provider": "transformers", "response": "альными числами путем округления процентов процентов процентов процентов процентов процентов процентов процентов процентов процентов процентов процентов процентов процентов процентов процентов процентов процентов процентов процентов процентов процентов процентов процентов процентов процентов процентов процентов процентов процентов процентов процентов процентов процентов процентов процентов процентов процентов процентов процентов процентов процентов процентов процентов процентов процентов процентов процентов процентов процентов процентов процентов процентов процентов процентов процентов процентов процентов процентов процентов процентов процентов процентов процентов процентов процентов процентов процентов процентов процентов процентов процентов процентов процентов процентов процентов процентов процентов процентов процентов процентов процентов процентов процентов процентов процентов процентов процентов процентов процентов процентов процентов процентов процентов процентов процентов процентов процентов процентов процентов процентов процентов процентов процентов процентов процентов процентов процентов процентов процентов процентов процентов процентов процентов процентов процентов процентов процентов процентов процентов процентов процентов процентов процентов процентов процентов процентов процентов процентов процентов процентов процентов процентов процентов процентов процентов процентов процентов процентов процентов процентов процентов процентов процентов процентов процентов процентов процентов процентов процентов процентов процентов процентов процентов процентов процентов процентов процентов процентов процентов процентов процентов процентов процентов процентов процентов процентов процентов процентов процентов процентов процентов процентов процентов процентов процентов процентов процентов процентов процентов процентов процентов процентов процентов процентов процентов процентов процентов процентов процентов процентов процентов процентов процентов процентов процентов процентов процентов процентов процентов процентов процентов процентов процентов процентов процентов процентов процентов процентов процентов процентов процентов процентов процентов процентов процентов процентов процентов процентов процентов процентов процентов процентов процентов процентов процентов процентов процентов процентов процентов процентов процентов процентов процентов процентов процентов процентов процентов процентов процентов процентов процентов процентов процентов процентов процентов процентов процентов процентов процентов", "numeric_answer": null, "relative_error": null, "thinking_text": null, "has_tool_call": false, "tool_call": null, "usage": {"prompt_tokens": 225, "completion_tokens": 256, "total_tokens": 481, "token_count_source": "tokenizer"}, "decoding": {"temperature": 0.2, "top_p": null, "top_k": null, "max_tokens": 256, "seed": 42}, "prompt_tokens": 225, "completion_tokens": 256, "total_tokens": 481, "token_count_source": "tokenizer", "diffusion_steps": null, "flops_estimate": null, "flops_arch": null, "flops_model_params": null, "flops_active_params": null, "tokens_non_final": 254, "tokens_reasoning": 0, "tokens_response": 254, "elapsed_seconds": 18.748796463012695, "judgement": "Uncategorized"}
{"id": "basket_sum_001511", "topic": "basket_sum", "subtopic": "decimal_prices", "prompt": "You’re buying 3 items: $3.49, $15.57, $17.51. About how much will you pay (before tax)?", "exact_value": 36.57, "model": "tiiuae/Falcon-H1-7B-Instruct", "provider": "transformers", "response": "альными числами путем округления процентов процентов процентов процентов процентов процентов процентов процентов процентов процентов процентов процентов процентов процентов процентов процентов процентов процентов процентов процентов процентов процентов процентов процентов процентов процентов процентов процентов процентов процентов процентов процентов процентов процентов процентов процентов процентов процентов процентов процентов процентов процентов процентов процентов процентов процентов процентов процентов процентов процентов процентов процентов процентов процентов процентов процентов процентов процентов процентов процентов процентов процентов процентов процентов процентов процентов процентов процентов процентов процентов процентов процентов процентов процентов процентов процентов процентов процентов процентов процентов процентов процентов процентов процентов процентов процентов процентов процентов процентов процентов процентов процентов процентов процентов процентов процентов процентов процентов процентов процентов процентов процентов процентов процентов процентов процентов процентов процентов процентов процентов процентов процентов процентов процентов процентов процентов процентов процентов процентов процентов процентов процентов процентов процентов процентов процентов процентов процентов процентов процентов процентов процентов процентов процентов процентов процентов процентов процентов процентов процентов процентов процентов процентов процентов процентов процентов процентов процентов процентов процентов процентов процентов процентов процентов процентов процентов процентов процентов процентов процентов процентов процентов процентов процентов процентов процентов процентов процентов процентов процентов процентов процентов процентов процентов процентов процентов процентов процентов процентов процентов процентов процентов процентов процентов процентов процентов процентов процентов процентов процентов процентов процентов процентов процентов процентов процентов процентов процентов процентов процентов процентов процентов процентов процентов процентов процентов процентов процентов процентов процентов процентов процентов процентов процентов процентов процентов процентов процентов процентов процентов процентов процентов процентов процентов процентов процентов процентов процентов процентов процентов процентов процентов процентов процентов процентов процентов процентов процентов процентов процентов процентов процентов процентов процентов процентов процентов процентов процентов процентов процентов", "numeric_answer": null, "relative_error": null, "thinking_text": null, "has_tool_call": false, "tool_call": null, "usage": {"prompt_tokens": 203, "completion_tokens": 256, "total_tokens": 459, "token_count_source": "tokenizer"}, "decoding": {"temperature": 0.2, "top_p": null, "top_k": null, "max_tokens": 256, "seed": 42}, "prompt_tokens": 203, "completion_tokens": 256, "total_tokens": 459, "token_count_source": "tokenizer", "diffusion_steps": null, "flops_estimate": null, "flops_arch": null, "flops_model_params": null, "flops_active_params": null, "tokens_non_final": 254, "tokens_reasoning": 0, "tokens_response": 254, "elapsed_seconds": 18.775277137756348, "judgement": "Uncategorized"}
{"id": "basket_sum_001531", "topic": "basket_sum", "subtopic": "decimal_prices", "prompt": "You’re buying 3 items: $9.37, $8.45, $4.74. About how much will you pay (before tax)?", "exact_value": 22.56, "model": "tiiuae/Falcon-H1-7B-Instruct", "provider": "transformers", "response": "альными числами путем округления процентов процентов процентов процентов процентов процентов процентов процентов процентов процентов процентов процентов процентов процентов процентов процентов процентов процентов процентов процентов процентов процентов процентов процентов процентов процентов процентов процентов процентов процентов процентов процентов процентов процентов процентов процентов процентов процентов процентов процентов процентов процентов процентов процентов процентов процентов процентов процентов процентов процентов процентов процентов процентов процентов процентов процентов процентов процентов процентов процентов процентов процентов процентов процентов процентов процентов процентов процентов процентов процентов процентов процентов процентов процентов процентов процентов процентов процентов процентов процентов процентов процентов процентов процентов процентов процентов процентов процентов процентов процентов процентов процентов процентов процентов процентов процентов процентов процентов процентов процентов процентов процентов процентов процентов процентов процентов процентов процентов процентов процентов процентов процентов процентов процентов процентов процентов процентов процентов процентов процентов процентов процентов процентов процентов процентов процентов процентов процентов процентов процентов процентов процентов процентов процентов процентов процентов процентов процентов процентов процентов процентов процентов процентов процентов процентов процентов процентов процентов процентов процентов процентов процентов процентов процентов процентов процентов процентов процентов процентов процентов процентов процентов процентов процентов процентов процентов процентов процентов процентов процентов процентов процентов процентов процентов процентов процентов процентов процентов процентов процентов процентов процентов процентов процентов процентов процентов процентов процентов процентов процентов процентов процентов процентов процентов процентов процентов процентов процентов процентов процентов процентов процентов процентов процентов процентов процентов процентов процентов процентов процентов процентов процентов процентов процентов процентов процентов процентов процентов процентов процентов процентов процентов процентов процентов процентов процентов процентов процентов процентов процентов процентов процентов процентов процентов процентов процентов процентов процентов процентов процентов процентов процентов процентов процентов процентов процентов процентов процентов процентов процентов", "numeric_answer": null, "relative_error": null, "thinking_text": null, "has_tool_call": false, "tool_call": null, "usage": {"prompt_tokens": 201, "completion_tokens": 256, "total_tokens": 457, "token_count_source": "tokenizer"}, "decoding": {"temperature": 0.2, "top_p": null, "top_k": null, "max_tokens": 256, "seed": 42}, "prompt_tokens": 201, "completion_tokens": 256, "total_tokens": 457, "token_count_source": "tokenizer", "diffusion_steps": null, "flops_estimate": null, "flops_arch": null, "flops_model_params": null, "flops_active_params": null, "tokens_non_final": 254, "tokens_reasoning": 0, "tokens_response": 254, "elapsed_seconds": 18.667320728302002, "judgement": "Uncategorized"}
{"id": "basket_sum_001551", "topic": "basket_sum", "subtopic": "decimal_prices", "prompt": "You’re buying 4 items: $3.21, $10.67, $16.25, $3.53. About how much will you pay (before tax)?", "exact_value": 33.66, "model": "tiiuae/Falcon-H1-7B-Instruct", "provider": "transformers", "response": "альными числами путем округления процентов процентов процентов процентов процентов процентов процентов процентов процентов процентов процентов процентов процентов процентов процентов процентов процентов процентов процентов процентов процентов процентов процентов процентов процентов процентов процентов процентов процентов процентов процентов процентов процентов процентов процентов процентов процентов процентов процентов процентов процентов процентов процентов процентов процентов процентов процентов процентов процентов процентов процентов процентов процентов процентов процентов процентов процентов процентов процентов процентов процентов процентов процентов процентов процентов процентов процентов процентов процентов процентов процентов процентов процентов процентов процентов процентов процентов процентов процентов процентов процентов процентов процентов процентов процентов процентов процентов процентов процентов процентов процентов процентов процентов процентов процентов процентов процентов процентов процентов процентов процентов процентов процентов процентов процентов процентов процентов процентов процентов процентов процентов процентов процентов процентов процентов процентов процентов процентов процентов процентов процентов процентов процентов процентов процентов процентов процентов процентов процентов процентов процентов процентов процентов процентов процентов процентов процентов процентов процентов процентов процентов процентов процентов процентов процентов процентов процентов процентов процентов процентов процентов процентов процентов процентов процентов процентов процентов процентов процентов процентов процентов процентов процентов процентов процентов процентов процентов процентов процентов процентов процентов процентов процентов процентов процентов процентов процентов процентов процентов процентов процентов процентов процентов процентов процентов процентов процентов процентов процентов процентов процентов процентов процентов процентов процентов процентов процентов процентов процентов процентов процентов процентов процентов процентов процентов процентов процентов процентов процентов процентов процентов процентов процентов процентов процентов процентов процентов процентов процентов процентов процентов процентов процентов процентов процентов процентов процентов процентов процентов процентов процентов процентов процентов процентов процентов процентов процентов процентов процентов процентов процентов процентов процентов процентов процентов процентов процентов процентов процентов процентов", "numeric_answer": null, "relative_error": null, "thinking_text": null, "has_tool_call": false, "tool_call": null, "usage": {"prompt_tokens": 210, "completion_tokens": 256, "total_tokens": 466, "token_count_source": "tokenizer"}, "decoding": {"temperature": 0.2, "top_p": null, "top_k": null, "max_tokens": 256, "seed": 42}, "prompt_tokens": 210, "completion_tokens": 256, "total_tokens": 466, "token_count_source": "tokenizer", "diffusion_steps": null, "flops_estimate": null, "flops_arch": null, "flops_model_params": null, "flops_active_params": null, "tokens_non_final": 254, "tokens_reasoning": 0, "tokens_response": 254, "elapsed_seconds": 18.622150897979736, "judgement": "Uncategorized"}
{"id": "basket_sum_001571", "topic": "basket_sum", "subtopic": "decimal_prices", "prompt": "You’re buying 3 items: $19.20, $19.01, $6.48. About how much will you pay (before tax)?", "exact_value": 44.69, "model": "tiiuae/Falcon-H1-7B-Instruct", "provider": "transformers", "response": "�альное решение вместо точного счета процентов процентов процентов процентов процентов процентов процентов процентов процентов процентов процентов процентов процентов процентов процентов процентов процентов процентов процентов процентов процентов процентов процентов процентов процентов процентов процентов процентов процентов процентов процентов процентов процентов процентов процентов процентов процентов процентов процентов процентов процентов процентов процентов процентов процентов процентов процентов процентов процентов процентов процентов процентов процентов процентов процентов процентов процентов процентов процентов процентов процентов процентов процентов процентов процентов процентов процентов процентов процентов процентов процентов процентов процентов процентов процентов процентов процентов процентов процентов процентов процентов процентов процентов процентов процентов процентов процентов процентов процентов процентов процентов процентов процентов процентов процентов процентов процентов процентов процентов процентов процентов процентов процентов процентов процентов процентов процентов процентов процентов процентов процентов процентов процентов процентов процентов процентов процентов процентов процентов процентов процентов процентов процентов процентов процентов процентов процентов процентов процентов процентов процентов процентов процентов процентов процентов процентов процентов процентов процентов процентов процентов процентов процентов процентов процентов процентов процентов процентов процентов процентов процентов процентов процентов процентов процентов процентов процентов процентов процентов процентов процентов процентов процентов процентов процентов процентов процентов процентов процентов процентов процентов процентов процентов процентов процентов процентов процентов процентов процентов процентов процентов процентов процентов процентов процентов процентов процентов процентов процентов процентов процентов процентов процентов процентов процентов процентов процентов процентов процентов процентов процентов процентов процентов процентов процентов процентов процентов процентов процентов процентов процентов процентов процентов процентов процентов процентов процентов процентов процентов процентов процентов процентов процентов процентов процентов процентов процентов процентов процентов процентов процентов процентов процентов процентов процентов процентов процентов процентов процентов процентов процентов процентов процентов процентов процентов процентов процентов процентов", "numeric_answer": null, "relative_error": null, "thinking_text": null, "has_tool_call": false, "tool_call": null, "usage": {"prompt_tokens": 203, "completion_tokens": 256, "total_tokens": 459, "token_count_source": "tokenizer"}, "decoding": {"temperature": 0.2, "top_p": null, "top_k": null, "max_tokens": 256, "seed": 42}, "prompt_tokens": 203, "completion_tokens": 256, "total_tokens": 459, "token_count_source": "tokenizer", "diffusion_steps": null, "flops_estimate": null, "flops_arch": null, "flops_model_params": null, "flops_active_params": null, "tokens_non_final": 253, "tokens_reasoning": 0, "tokens_response": 253, "elapsed_seconds": 18.645631790161133, "judgement": "Uncategorized"}
{"id": "basket_sum_001591", "topic": "basket_sum", "subtopic": "decimal_prices", "prompt": "You’re buying 3 items: $7.46, $15.92, $17.15. About how much will you pay (before tax)?", "exact_value": 40.53, "model": "tiiuae/Falcon-H1-7B-Instruct", "provider": "transformers", "response": "альными числами путем округления процентов процентов процентов процентов процентов процентов процентов процентов процентов процентов процентов процентов процентов процентов процентов процентов процентов процентов процентов процентов процентов процентов процентов процентов процентов процентов процентов процентов процентов процентов процентов процентов процентов процентов процентов процентов процентов процентов процентов процентов процентов процентов процентов процентов процентов процентов процентов процентов процентов процентов процентов процентов процентов процентов процентов процентов процентов процентов процентов процентов процентов процентов процентов процентов процентов процентов процентов процентов процентов процентов процентов процентов процентов процентов процентов процентов процентов процентов процентов процентов процентов процентов процентов процентов процентов процентов процентов процентов процентов процентов процентов процентов процентов процентов процентов процентов процентов процентов процентов процентов процентов процентов процентов процентов процентов процентов процентов процентов процентов процентов процентов процентов процентов процентов процентов процентов процентов процентов процентов процентов процентов процентов процентов процентов процентов процентов процентов процентов процентов процентов процентов процентов процентов процентов процентов процентов процентов процентов процентов процентов процентов процентов процентов процентов процентов процентов процентов процентов процентов процентов процентов процентов процентов процентов процентов процентов процентов процентов процентов процентов процентов процентов процентов процентов процентов процентов процентов процентов процентов процентов процентов процентов процентов процентов процентов процентов процентов процентов процентов процентов процентов процентов процентов процентов процентов процентов процентов процентов процентов процентов процентов процентов процентов процентов процентов процентов процентов процентов процентов процентов процентов процентов процентов процентов процентов процентов процентов процентов процентов процентов процентов процентов процентов процентов процентов процентов процентов процентов процентов процентов процентов процентов процентов процентов процентов процентов процентов процентов процентов процентов процентов процентов процентов процентов процентов процентов процентов процентов процентов процентов процентов процентов процентов процентов процентов процентов процентов процентов процентов процентов", "numeric_answer": null, "relative_error": null, "thinking_text": null, "has_tool_call": false, "tool_call": null, "usage": {"prompt_tokens": 203, "completion_tokens": 256, "total_tokens": 459, "token_count_source": "tokenizer"}, "decoding": {"temperature": 0.2, "top_p": null, "top_k": null, "max_tokens": 256, "seed": 42}, "prompt_tokens": 203, "completion_tokens": 256, "total_tokens": 459, "token_count_source": "tokenizer", "diffusion_steps": null, "flops_estimate": null, "flops_arch": null, "flops_model_params": null, "flops_active_params": null, "tokens_non_final": 254, "tokens_reasoning": 0, "tokens_response": 254, "elapsed_seconds": 18.874430179595947, "judgement": "Uncategorized"}
{"id": "basket_sum_001611", "topic": "basket_sum", "subtopic": "decimal_prices", "prompt": "You’re buying 5 items: $9.07, $7.79, $18.56, $5.30, $11.17. About how much will you pay (before tax)?", "exact_value": 51.89, "model": "tiiuae/Falcon-H1-7B-Instruct", "provider": "transformers", "response": "альными числами округлим до процентов процентов процентов процентов процентов процентов процентов процентов процентов процентов процентов процентов процентов процентов процентов процентов процентов процентов процентов процентов процентов процентов процентов процентов процентов процентов процентов процентов процентов процентов процентов процентов процентов процентов процентов процентов процентов процентов процентов процентов процентов процентов процентов процентов процентов процентов процентов процентов процентов процентов процентов процентов процентов процентов процентов процентов процентов процентов процентов процентов процентов процентов процентов процентов процентов процентов процентов процентов процентов процентов процентов процентов процентов процентов процентов процентов процентов процентов процентов процентов процентов процентов процентов процентов процентов процентов процентов процентов процентов процентов процентов процентов процентов процентов процентов процентов процентов процентов процентов процентов процентов процентов процентов процентов процентов процентов процентов процентов процентов процентов процентов процентов процентов процентов процентов процентов процентов процентов процентов процентов процентов процентов процентов процентов процентов процентов процентов процентов процентов процентов процентов процентов процентов процентов процентов процентов процентов процентов процентов процентов процентов процентов процентов процентов процентов процентов процентов процентов процентов процентов процентов процентов процентов процентов процентов процентов процентов процентов процентов процентов процентов процентов процентов процентов процентов процентов процентов процентов процентов процентов процентов процентов процентов процентов процентов процентов процентов процентов процентов процентов процентов процентов процентов процентов процентов процентов процентов процентов процентов процентов процентов процентов процентов процентов процентов процентов процентов процентов процентов процентов процентов процентов процентов процентов процентов процентов процентов процентов процентов процентов процентов процентов процентов процентов процентов процентов процентов процентов процентов процентов процентов процентов процентов процентов процентов процентов процентов процентов процентов процентов процентов процентов процентов процентов процентов процентов процентов процентов процентов процентов процентов процентов процентов процентов процентов процентов процентов процентов процентов процентов", "numeric_answer": null, "relative_error": null, "thinking_text": null, "has_tool_call": false, "tool_call": null, "usage": {"prompt_tokens": 217, "completion_tokens": 256, "total_tokens": 473, "token_count_source": "tokenizer"}, "decoding": {"temperature": 0.2, "top_p": null, "top_k": null, "max_tokens": 256, "seed": 42}, "prompt_tokens": 217, "completion_tokens": 256, "total_tokens": 473, "token_count_source": "tokenizer", "diffusion_steps": null, "flops_estimate": null, "flops_arch": null, "flops_model_params": null, "flops_active_params": null, "tokens_non_final": 254, "tokens_reasoning": 0, "tokens_response": 254, "elapsed_seconds": 18.71365523338318, "judgement": "Uncategorized"}
{"id": "basket_sum_001631", "topic": "basket_sum", "subtopic": "decimal_prices", "prompt": "You’re buying 5 items: $1.32, $18.17, $11.61, $17.29, $19.14. About how much will you pay (before tax)?", "exact_value": 67.53, "model": "tiiuae/Falcon-H1-7B-Instruct", "provider": "transformers", "response": "альными числами путем округления процентов процентов процентов процентов процентов процентов процентов процентов процентов процентов процентов процентов процентов процентов процентов процентов процентов процентов процентов процентов процентов процентов процентов процентов процентов процентов процентов процентов процентов процентов процентов процентов процентов процентов процентов процентов процентов процентов процентов процентов процентов процентов процентов процентов процентов процентов процентов процентов процентов процентов процентов процентов процентов процентов процентов процентов процентов процентов процентов процентов процентов процентов процентов процентов процентов процентов процентов процентов процентов процентов процентов процентов процентов процентов процентов процентов процентов процентов процентов процентов процентов процентов процентов процентов процентов процентов процентов процентов процентов процентов процентов процентов процентов процентов процентов процентов процентов процентов процентов процентов процентов процентов процентов процентов процентов процентов процентов процентов процентов процентов процентов процентов процентов процентов процентов процентов процентов процентов процентов процентов процентов процентов процентов процентов процентов процентов процентов процентов процентов процентов процентов процентов процентов процентов процентов процентов процентов процентов процентов процентов процентов процентов процентов процентов процентов процентов процентов процентов процентов процентов процентов процентов процентов процентов процентов процентов процентов процентов процентов процентов процентов процентов процентов процентов процентов процентов процентов процентов процентов процентов процентов процентов процентов процентов процентов процентов процентов процентов процентов процентов процентов процентов процентов процентов процентов процентов процентов процентов процентов процентов процентов процентов процентов процентов процентов процентов процентов процентов процентов процентов процентов процентов процентов процентов процентов процентов процентов процентов процентов процентов процентов процентов процентов процентов процентов процентов процентов процентов процентов процентов процентов процентов процентов процентов процентов процентов процентов процентов процентов процентов процентов процентов процентов процентов процентов процентов процентов процентов процентов процентов процентов процентов процентов процентов процентов процентов процентов процентов процентов процентов", "numeric_answer": null, "relative_error": null, "thinking_text": null, "has_tool_call": false, "tool_call": null, "usage": {"prompt_tokens": 219, "completion_tokens": 256, "total_tokens": 475, "token_count_source": "tokenizer"}, "decoding": {"temperature": 0.2, "top_p": null, "top_k": null, "max_tokens": 256, "seed": 42}, "prompt_tokens": 219, "completion_tokens": 256, "total_tokens": 475, "token_count_source": "tokenizer", "diffusion_steps": null, "flops_estimate": null, "flops_arch": null, "flops_model_params": null, "flops_active_params": null, "tokens_non_final": 254, "tokens_reasoning": 0, "tokens_response": 254, "elapsed_seconds": 18.759132862091064, "judgement": "Uncategorized"}
{"id": "basket_sum_001651", "topic": "basket_sum", "subtopic": "decimal_prices", "prompt": "You’re buying 6 items: $4.75, $14.03, $18.54, $0.88, $5.41, $16.41. About how much will you pay (before tax)?", "exact_value": 60.02, "model": "tiiuae/Falcon-H1-7B-Instruct", "provider": "transformers", "response": "альными числами округлим каждый ценник насколько возможно насколько возможно насколько возможно насколько возможно насколько возможно насколько возможно насколько возможно насколько возможно насколько возможно насколько возможно насколько возможно насколько возможно насколько возможно насколько возможно насколько возможно насколько возможно насколько возможно насколько возможно насколько возможно насколько возможно насколько возможно насколько возможно насколько возможно насколько возможно насколько возможно насколько возможно насколько возможно насколько возможно насколько возможно насколько возможно насколько возможно насколько возможно насколько возможно насколько возможно насколько возможно насколько возможно насколько возможно насколько возможно насколько возможно насколько возможно насколько возможно насколько возможно насколько возможно насколько возможно насколько возможно насколько возможно насколько возможно насколько возможно насколько возможно насколько возможно насколько возможно насколько возможно насколько возможно насколько возможно насколько возможно насколько возможно насколько возможно насколько возможно насколько возможно насколько возможно насколько возможно насколько возможно насколько возможно насколько возможно насколько возможно насколько возможно насколько возможно насколько возможно насколько возможно насколько возможно насколько возможно насколько возможно насколько возможно насколько возможно насколько возможно насколько возможно насколько возможно насколько возможно насколько возможно насколько возможно насколько возможно насколько возможно насколько возможно насколько возможно насколько возможно насколько возможно насколько возможно насколько возможно насколько возможно насколько возможно насколько возможно насколько возможно насколько возможно насколько возможно насколько возможно насколько возможно насколько возможно насколько возможно насколько возможно насколько возможно насколько возможно насколько возможно насколько возможно насколько возможно насколько возможно насколько возможно насколько возможно насколько возможно насколько возможно насколько возможно насколько возможно насколько возможно насколько возможно насколько возможно насколько возможно насколько возможно насколько возможно насколько возможно насколько возможно насколько возможно насколько возможно насколько возможно насколько возможно насколько возможно", "numeric_answer": null, "relative_error": null, "thinking_text": null, "has_tool_call": false, "tool_call": null, "usage": {"prompt_tokens": 225, "completion_tokens": 256, "total_tokens": 481, "token_count_source": "tokenizer"}, "decoding": {"temperature": 0.2, "top_p": null, "top_k": null, "max_tokens": 256, "seed": 42}, "prompt_tokens": 225, "completion_tokens": 256, "total_tokens": 481, "token_count_source": "tokenizer", "diffusion_steps": null, "flops_estimate": null, "flops_arch": null, "flops_model_params": null, "flops_active_params": null, "tokens_non_final": 253, "tokens_reasoning": 0, "tokens_response": 253, "elapsed_seconds": 18.64093017578125, "judgement": "Uncategorized"}
{"id": "basket_sum_001671", "topic": "basket_sum", "subtopic": "decimal_prices", "prompt": "You’re buying 4 items: $14.69, $6.97, $1.53, $18.10. About how much will you pay (before tax)?", "exact_value": 41.29, "model": "tiiuae/Falcon-H1-7B-Instruct", "provider": "transformers", "response": "альными числами путем округления процентов процентов процентов процентов процентов процентов процентов процентов процентов процентов процентов процентов процентов процентов процентов процентов процентов процентов процентов процентов процентов процентов процентов процентов процентов процентов процентов процентов процентов процентов процентов процентов процентов процентов процентов процентов процентов процентов процентов процентов процентов процентов процентов процентов процентов процентов процентов процентов процентов процентов процентов процентов процентов процентов процентов процентов процентов процентов процентов процентов процентов процентов процентов процентов процентов процентов процентов процентов процентов процентов процентов процентов процентов процентов процентов процентов процентов процентов процентов процентов процентов процентов процентов процентов процентов процентов процентов процентов процентов процентов процентов процентов процентов процентов процентов процентов процентов процентов процентов процентов процентов процентов процентов процентов процентов процентов процентов процентов процентов процентов процентов процентов процентов процентов процентов процентов процентов процентов процентов процентов процентов процентов процентов процентов процентов процентов процентов процентов процентов процентов процентов процентов процентов процентов процентов процентов процентов процентов процентов процентов процентов процентов процентов процентов процентов процентов процентов процентов процентов процентов процентов процентов процентов процентов процентов процентов процентов процентов процентов процентов процентов процентов процентов процентов процентов процентов процентов процентов процентов процентов процентов процентов процентов процентов процентов процентов процентов процентов процентов процентов процентов процентов процентов процентов процентов процентов процентов процентов процентов процентов процентов процентов процентов процентов процентов процентов процентов процентов процентов процентов процентов процентов процентов процентов процентов процентов процентов процентов процентов процентов процентов процентов процентов процентов процентов процентов процентов процентов процентов процентов процентов процентов процентов процентов процентов процентов процентов процентов процентов процентов процентов процентов процентов процентов процентов процентов процентов процентов процентов процентов процентов процентов процентов процентов процентов процентов процентов процентов процентов процентов", "numeric_answer": null, "relative_error": null, "thinking_text": null, "has_tool_call": false, "tool_call": null, "usage": {"prompt_tokens": 210, "completion_tokens": 256, "total_tokens": 466, "token_count_source": "tokenizer"}, "decoding": {"temperature": 0.2, "top_p": null, "top_k": null, "max_tokens": 256, "seed": 42}, "prompt_tokens": 210, "completion_tokens": 256, "total_tokens": 466, "token_count_source": "tokenizer", "diffusion_steps": null, "flops_estimate": null, "flops_arch": null, "flops_model_params": null, "flops_active_params": null, "tokens_non_final": 254, "tokens_reasoning": 0, "tokens_response": 254, "elapsed_seconds": 18.422742128372192, "judgement": "Uncategorized"}
{"id": "basket_sum_001691", "topic": "basket_sum", "subtopic": "decimal_prices", "prompt": "You’re buying 3 items: $7.15, $2.52, $18.68. About how much will you pay (before tax)?", "exact_value": 28.35, "model": "tiiuae/Falcon-H1-7B-Instruct", "provider": "transformers", "response": "альными числами путем округления процентов процентов процентов процентов процентов процентов процентов процентов процентов процентов процентов процентов процентов процентов процентов процентов процентов процентов процентов процентов процентов процентов процентов процентов процентов процентов процентов процентов процентов процентов процентов процентов процентов процентов процентов процентов процентов процентов процентов процентов процентов процентов процентов процентов процентов процентов процентов процентов процентов процентов процентов процентов процентов процентов процентов процентов процентов процентов процентов процентов процентов процентов процентов процентов процентов процентов процентов процентов процентов процентов процентов процентов процентов процентов процентов процентов процентов процентов процентов процентов процентов процентов процентов процентов процентов процентов процентов процентов процентов процентов процентов процентов процентов процентов процентов процентов процентов процентов процентов процентов процентов процентов процентов процентов процентов процентов процентов процентов процентов процентов процентов процентов процентов процентов процентов процентов процентов процентов процентов процентов процентов процентов процентов процентов процентов процентов процентов процентов процентов процентов процентов процентов процентов процентов процентов процентов процентов процентов процентов процентов процентов процентов процентов процентов процентов процентов процентов процентов процентов процентов процентов процентов процентов процентов процентов процентов процентов процентов процентов процентов процентов процентов процентов процентов процентов процентов процентов процентов процентов процентов процентов процентов процентов процентов процентов процентов процентов процентов процентов процентов процентов процентов процентов процентов процентов процентов процентов процентов процентов процентов процентов процентов процентов процентов процентов процентов процентов процентов процентов процентов процентов процентов процентов процентов процентов процентов процентов процентов процентов процентов процентов процентов процентов процентов процентов процентов процентов процентов процентов процентов процентов процентов процентов процентов процентов процентов процентов процентов процентов процентов процентов процентов процентов процентов процентов процентов процентов процентов процентов процентов процентов процентов процентов процентов процентов процентов процентов процентов процентов процентов", "numeric_answer": null, "relative_error": null, "thinking_text": null, "has_tool_call": false, "tool_call": null, "usage": {"prompt_tokens": 202, "completion_tokens": 256, "total_tokens": 458, "token_count_source": "tokenizer"}, "decoding": {"temperature": 0.2, "top_p": null, "top_k": null, "max_tokens": 256, "seed": 42}, "prompt_tokens": 202, "completion_tokens": 256, "total_tokens": 458, "token_count_source": "tokenizer", "diffusion_steps": null, "flops_estimate": null, "flops_arch": null, "flops_model_params": null, "flops_active_params": null, "tokens_non_final": 254, "tokens_reasoning": 0, "tokens_response": 254, "elapsed_seconds": 18.96044611930847, "judgement": "Uncategorized"}
{"id": "basket_sum_001711", "topic": "basket_sum", "subtopic": "decimal_prices", "prompt": "You’re buying 3 items: $16.26, $18.33, $17.33. About how much will you pay (before tax)?", "exact_value": 51.92, "model": "tiiuae/Falcon-H1-7B-Instruct", "provider": "transformers", "response": "альными числами путем округления процентов процентов процентов процентов процентов процентов процентов процентов процентов процентов процентов процентов процентов процентов процентов процентов процентов процентов процентов процентов процентов процентов процентов процентов процентов процентов процентов процентов процентов процентов процентов процентов процентов процентов процентов процентов процентов процентов процентов процентов процентов процентов процентов процентов процентов процентов процентов процентов процентов процентов процентов процентов процентов процентов процентов процентов процентов процентов процентов процентов процентов процентов процентов процентов процентов процентов процентов процентов процентов процентов процентов процентов процентов процентов процентов процентов процентов процентов процентов процентов процентов процентов процентов процентов процентов процентов процентов процентов процентов процентов процентов процентов процентов процентов процентов процентов процентов процентов процентов процентов процентов процентов процентов процентов процентов процентов процентов процентов процентов процентов процентов процентов процентов процентов процентов процентов процентов процентов процентов процентов процентов процентов процентов процентов процентов процентов процентов процентов процентов процентов процентов процентов процентов процентов процентов процентов процентов процентов процентов процентов процентов процентов процентов процентов процентов процентов процентов процентов процентов процентов процентов процентов процентов процентов процентов процентов процентов процентов процентов процентов процентов процентов процентов процентов процентов процентов процентов процентов процентов процентов процентов процентов процентов процентов процентов процентов процентов процентов процентов процентов процентов процентов процентов процентов процентов процентов процентов процентов процентов процентов процентов процентов процентов процентов процентов процентов процентов процентов процентов процентов процентов процентов процентов процентов процентов процентов процентов процентов процентов процентов процентов процентов процентов процентов процентов процентов процентов процентов процентов процентов процентов процентов процентов процентов процентов процентов процентов процентов процентов процентов процентов процентов процентов процентов процентов процентов процентов процентов процентов процентов процентов процентов процентов процентов процентов процентов процентов процентов процентов процентов", "numeric_answer": null, "relative_error": null, "thinking_text": null, "has_tool_call": false, "tool_call": null, "usage": {"prompt_tokens": 204, "completion_tokens": 256, "total_tokens": 460, "token_count_source": "tokenizer"}, "decoding": {"temperature": 0.2, "top_p": null, "top_k": null, "max_tokens": 256, "seed": 42}, "prompt_tokens": 204, "completion_tokens": 256, "total_tokens": 460, "token_count_source": "tokenizer", "diffusion_steps": null, "flops_estimate": null, "flops_arch": null, "flops_model_params": null, "flops_active_params": null, "tokens_non_final": 254, "tokens_reasoning": 0, "tokens_response": 254, "elapsed_seconds": 18.737871885299683, "judgement": "Uncategorized"}
{"id": "basket_sum_001731", "topic": "basket_sum", "subtopic": "decimal_prices", "prompt": "You’re buying 6 items: $7.02, $16.08, $18.94, $8.53, $17.47, $9.71. About how much will you pay (before tax)?", "exact_value": 77.75, "model": "tiiuae/Falcon-H1-7B-Instruct", "provider": "transformers", "response": "альными числами округлим каждый ценник насколько возможно насколько возможно насколько возможно насколько возможно насколько возможно насколько возможно насколько возможно насколько возможно насколько возможно насколько возможно насколько возможно насколько возможно насколько возможно насколько возможно насколько возможно насколько возможно насколько возможно насколько возможно насколько возможно насколько возможно насколько возможно насколько возможно насколько возможно насколько возможно насколько возможно насколько возможно насколько возможно насколько возможно насколько возможно насколько возможно насколько возможно насколько возможно насколько возможно насколько возможно насколько возможно насколько возможно насколько возможно насколько возможно насколько возможно насколько возможно насколько возможно насколько возможно насколько возможно насколько возможно насколько возможно насколько возможно насколько возможно насколько возможно насколько возможно насколько возможно насколько возможно насколько возможно насколько возможно насколько возможно насколько возможно насколько возможно насколько возможно насколько возможно насколько возможно насколько возможно насколько возможно насколько возможно насколько возможно насколько возможно насколько возможно насколько возможно насколько возможно насколько возможно насколько возможно насколько возможно насколько возможно насколько возможно насколько возможно насколько возможно насколько возможно насколько возможно насколько возможно насколько возможно насколько возможно насколько возможно насколько возможно насколько возможно насколько возможно насколько возможно насколько возможно насколько возможно насколько возможно насколько возможно насколько возможно насколько возможно насколько возможно насколько возможно насколько возможно насколько возможно насколько возможно насколько возможно насколько возможно насколько возможно насколько возможно насколько возможно насколько возможно насколько возможно насколько возможно насколько возможно насколько возможно насколько возможно насколько возможно насколько возможно насколько возможно насколько возможно насколько возможно насколько возможно насколько возможно насколько возможно насколько возможно насколько возможно насколько возможно насколько возможно насколько возможно насколько возможно насколько возможно насколько возможно насколько возможно насколько возможно", "numeric_answer": null, "relative_error": null, "thinking_text": null, "has_tool_call": false, "tool_call": null, "usage": {"prompt_tokens": 225, "completion_tokens": 256, "total_tokens": 481, "token_count_source": "tokenizer"}, "decoding": {"temperature": 0.2, "top_p": null, "top_k": null, "max_tokens": 256, "seed": 42}, "prompt_tokens": 225, "completion_tokens": 256, "total_tokens": 481, "token_count_source": "tokenizer", "diffusion_steps": null, "flops_estimate": null, "flops_arch": null, "flops_model_params": null, "flops_active_params": null, "tokens_non_final": 253, "tokens_reasoning": 0, "tokens_response": 253, "elapsed_seconds": 18.611560344696045, "judgement": "Uncategorized"}
{"id": "basket_sum_001751", "topic": "basket_sum", "subtopic": "decimal_prices", "prompt": "You’re buying 5 items: $16.63, $10.06, $3.60, $6.03, $6.93. About how much will you pay (before tax)?", "exact_value": 43.25, "model": "tiiuae/Falcon-H1-7B-Instruct", "provider": "transformers", "response": "альными числами путем округления процентов процентов процентов процентов процентов процентов процентов процентов процентов процентов процентов процентов процентов процентов процентов процентов процентов процентов процентов процентов процентов процентов процентов процентов процентов процентов процентов процентов процентов процентов процентов процентов процентов процентов процентов процентов процентов процентов процентов процентов процентов процентов процентов процентов процентов процентов процентов процентов процентов процентов процентов процентов процентов процентов процентов процентов процентов процентов процентов процентов процентов процентов процентов процентов процентов процентов процентов процентов процентов процентов процентов процентов процентов процентов процентов процентов процентов процентов процентов процентов процентов процентов процентов процентов процентов процентов процентов процентов процентов процентов процентов процентов процентов процентов процентов процентов процентов процентов процентов процентов процентов процентов процентов процентов процентов процентов процентов процентов процентов процентов процентов процентов процентов процентов процентов процентов процентов процентов процентов процентов процентов процентов процентов процентов процентов процентов процентов процентов процентов процентов процентов процентов процентов процентов процентов процентов процентов процентов процентов процентов процентов процентов процентов процентов процентов процентов процентов процентов процентов процентов процентов процентов процентов процентов процентов процентов процентов процентов процентов процентов процентов процентов процентов процентов процентов процентов процентов процентов процентов процентов процентов процентов процентов процентов процентов процентов процентов процентов процентов процентов процентов процентов процентов процентов процентов процентов процентов процентов процентов процентов процентов процентов процентов процентов процентов процентов процентов процентов процентов процентов процентов процентов процентов процентов процентов процентов процентов процентов процентов процентов процентов процентов процентов процентов процентов процентов процентов процентов процентов процентов процентов процентов процентов процентов процентов процентов процентов процентов процентов процентов процентов процентов процентов процентов процентов процентов процентов процентов процентов процентов процентов процентов процентов процентов процентов процентов процентов процентов процентов процентов", "numeric_answer": null, "relative_error": null, "thinking_text": null, "has_tool_call": false, "tool_call": null, "usage": {"prompt_tokens": 217, "completion_tokens": 256, "total_tokens": 473, "token_count_source": "tokenizer"}, "decoding": {"temperature": 0.2, "top_p": null, "top_k": null, "max_tokens": 256, "seed": 42}, "prompt_tokens": 217, "completion_tokens": 256, "total_tokens": 473, "token_count_source": "tokenizer", "diffusion_steps": null, "flops_estimate": null, "flops_arch": null, "flops_model_params": null, "flops_active_params": null, "tokens_non_final": 254, "tokens_reasoning": 0, "tokens_response": 254, "elapsed_seconds": 18.806809186935425, "judgement": "Uncategorized"}
{"id": "basket_sum_001771", "topic": "basket_sum", "subtopic": "decimal_prices", "prompt": "You’re buying 3 items: $10.59, $6.35, $1.24. About how much will you pay (before tax)?", "exact_value": 18.18, "model": "tiiuae/Falcon-H1-7B-Instruct", "provider": "transformers", "response": "альными числами путем округления процентов процентов процентов процентов процентов процентов процентов процентов процентов процентов процентов процентов процентов процентов процентов процентов процентов процентов процентов процентов процентов процентов процентов процентов процентов процентов процентов процентов процентов процентов процентов процентов процентов процентов процентов процентов процентов процентов процентов процентов процентов процентов процентов процентов процентов процентов процентов процентов процентов процентов процентов процентов процентов процентов процентов процентов процентов процентов процентов процентов процентов процентов процентов процентов процентов процентов процентов процентов процентов процентов процентов процентов процентов процентов процентов процентов процентов процентов процентов процентов процентов процентов процентов процентов процентов процентов процентов процентов процентов процентов процентов процентов процентов процентов процентов процентов процентов процентов процентов процентов процентов процентов процентов процентов процентов процентов процентов процентов процентов процентов процентов процентов процентов процентов процентов процентов процентов процентов процентов процентов процентов процентов процентов процентов процентов процентов процентов процентов процентов процентов процентов процентов процентов процентов процентов процентов процентов процентов процентов процентов процентов процентов процентов процентов процентов процентов процентов процентов процентов процентов процентов процентов процентов процентов процентов процентов процентов процентов процентов процентов процентов процентов процентов процентов процентов процентов процентов процентов процентов процентов процентов процентов процентов процентов процентов процентов процентов процентов процентов процентов процентов процентов процентов процентов процентов процентов процентов процентов процентов процентов процентов процентов процентов процентов процентов процентов процентов процентов процентов процентов процентов процентов процентов процентов процентов процентов процентов процентов процентов процентов процентов процентов процентов процентов процентов процентов процентов процентов процентов процентов процентов процентов процентов процентов процентов процентов процентов процентов процентов процентов процентов процентов процентов процентов процентов процентов процентов процентов процентов процентов процентов процентов процентов процентов процентов процентов процентов процентов процентов процентов", "numeric_answer": null, "relative_error": null, "thinking_text": null, "has_tool_call": false, "tool_call": null, "usage": {"prompt_tokens": 202, "completion_tokens": 256, "total_tokens": 458, "token_count_source": "tokenizer"}, "decoding": {"temperature": 0.2, "top_p": null, "top_k": null, "max_tokens": 256, "seed": 42}, "prompt_tokens": 202, "completion_tokens": 256, "total_tokens": 458, "token_count_source": "tokenizer", "diffusion_steps": null, "flops_estimate": null, "flops_arch": null, "flops_model_params": null, "flops_active_params": null, "tokens_non_final": 254, "tokens_reasoning": 0, "tokens_response": 254, "elapsed_seconds": 18.59219193458557, "judgement": "Uncategorized"}
{"id": "basket_sum_001791", "topic": "basket_sum", "subtopic": "decimal_prices", "prompt": "You’re buying 6 items: $4.14, $2.95, $14.71, $9.53, $17.81, $14.13. About how much will you pay (before tax)?", "exact_value": 63.27, "model": "tiiuae/Falcon-H1-7B-Instruct", "provider": "transformers", "response": "альными числами путем округления процентов процентов процентов процентов процентов процентов процентов процентов процентов процентов процентов процентов процентов процентов процентов процентов процентов процентов процентов процентов процентов процентов процентов процентов процентов процентов процентов процентов процентов процентов процентов процентов процентов процентов процентов процентов процентов процентов процентов процентов процентов процентов процентов процентов процентов процентов процентов процентов процентов процентов процентов процентов процентов процентов процентов процентов процентов процентов процентов процентов процентов процентов процентов процентов процентов процентов процентов процентов процентов процентов процентов процентов процентов процентов процентов процентов процентов процентов процентов процентов процентов процентов процентов процентов процентов процентов процентов процентов процентов процентов процентов процентов процентов процентов процентов процентов процентов процентов процентов процентов процентов процентов процентов процентов процентов процентов процентов процентов процентов процентов процентов процентов процентов процентов процентов процентов процентов процентов процентов процентов процентов процентов процентов процентов процентов процентов процентов процентов процентов процентов процентов процентов процентов процентов процентов процентов процентов процентов процентов процентов процентов процентов процентов процентов процентов процентов процентов процентов процентов процентов процентов процентов процентов процентов процентов процентов процентов процентов процентов процентов процентов процентов процентов процентов процентов процентов процентов процентов процентов процентов процентов процентов процентов процентов процентов процентов процентов процентов процентов процентов процентов процентов процентов процентов процентов процентов процентов процентов процентов процентов процентов процентов процентов процентов процентов процентов процентов процентов процентов процентов процентов процентов процентов процентов процентов процентов процентов процентов процентов процентов процентов процентов процентов процентов процентов процентов процентов процентов процентов процентов процентов процентов процентов процентов процентов процентов процентов процентов процентов процентов процентов процентов процентов процентов процентов процентов процентов процентов процентов процентов процентов процентов процентов процентов процентов процентов процентов процентов процентов процентов", "numeric_answer": null, "relative_error": null, "thinking_text": null, "has_tool_call": false, "tool_call": null, "usage": {"prompt_tokens": 225, "completion_tokens": 256, "total_tokens": 481, "token_count_source": "tokenizer"}, "decoding": {"temperature": 0.2, "top_p": null, "top_k": null, "max_tokens": 256, "seed": 42}, "prompt_tokens": 225, "completion_tokens": 256, "total_tokens": 481, "token_count_source": "tokenizer", "diffusion_steps": null, "flops_estimate": null, "flops_arch": null, "flops_model_params": null, "flops_active_params": null, "tokens_non_final": 254, "tokens_reasoning": 0, "tokens_response": 254, "elapsed_seconds": 18.861807107925415, "judgement": "Uncategorized"}
{"id": "basket_sum_001811", "topic": "basket_sum", "subtopic": "decimal_prices", "prompt": "You’re buying 3 items: $10.30, $18.37, $14.13. About how much will you pay (before tax)?", "exact_value": 42.8, "model": "tiiuae/Falcon-H1-7B-Instruct", "provider": "transformers", "response": "альными числами путем округления процентов процентов процентов процентов процентов процентов процентов процентов процентов процентов процентов процентов процентов процентов процентов процентов процентов процентов процентов процентов процентов процентов процентов процентов процентов процентов процентов процентов процентов процентов процентов процентов процентов процентов процентов процентов процентов процентов процентов процентов процентов процентов процентов процентов процентов процентов процентов процентов процентов процентов процентов процентов процентов процентов процентов процентов процентов процентов процентов процентов процентов процентов процентов процентов процентов процентов процентов процентов процентов процентов процентов процентов процентов процентов процентов процентов процентов процентов процентов процентов процентов процентов процентов процентов процентов процентов процентов процентов процентов процентов процентов процентов процентов процентов процентов процентов процентов процентов процентов процентов процентов процентов процентов процентов процентов процентов процентов процентов процентов процентов процентов процентов процентов процентов процентов процентов процентов процентов процентов процентов процентов процентов процентов процентов процентов процентов процентов процентов процентов процентов процентов процентов процентов процентов процентов процентов процентов процентов процентов процентов процентов процентов процентов процентов процентов процентов процентов процентов процентов процентов процентов процентов процентов процентов процентов процентов процентов процентов процентов процентов процентов процентов процентов процентов процентов процентов процентов процентов процентов процентов процентов процентов процентов процентов процентов процентов процентов процентов процентов процентов процентов процентов процентов процентов процентов процентов процентов процентов процентов процентов процентов процентов процентов процентов процентов процентов процентов процентов процентов процентов процентов процентов процентов процентов процентов процентов процентов процентов процентов процентов процентов процентов процентов процентов процентов процентов процентов процентов процентов процентов процентов процентов процентов процентов процентов процентов процентов процентов процентов процентов процентов процентов процентов процентов процентов процентов процентов процентов процентов процентов процентов процентов процентов процентов процентов процентов процентов процентов процентов процентов", "numeric_answer": null, "relative_error": null, "thinking_text": null, "has_tool_call": false, "tool_call": null, "usage": {"prompt_tokens": 204, "completion_tokens": 256, "total_tokens": 460, "token_count_source": "tokenizer"}, "decoding": {"temperature": 0.2, "top_p": null, "top_k": null, "max_tokens": 256, "seed": 42}, "prompt_tokens": 204, "completion_tokens": 256, "total_tokens": 460, "token_count_source": "tokenizer", "diffusion_steps": null, "flops_estimate": null, "flops_arch": null, "flops_model_params": null, "flops_active_params": null, "tokens_non_final": 254, "tokens_reasoning": 0, "tokens_response": 254, "elapsed_seconds": 18.506519556045532, "judgement": "Uncategorized"}
{"id": "basket_sum_001831", "topic": "basket_sum", "subtopic": "decimal_prices", "prompt": "You’re buying 3 items: $9.20, $7.83, $14.21. About how much will you pay (before tax)?", "exact_value": 31.24, "model": "tiiuae/Falcon-H1-7B-Instruct", "provider": "transformers", "response": "альными числами путем округления процентов процентов процентов процентов процентов процентов процентов процентов процентов процентов процентов процентов процентов процентов процентов процентов процентов процентов процентов процентов процентов процентов процентов процентов процентов процентов процентов процентов процентов процентов процентов процентов процентов процентов процентов процентов процентов процентов процентов процентов процентов процентов процентов процентов процентов процентов процентов процентов процентов процентов процентов процентов процентов процентов процентов процентов процентов процентов процентов процентов процентов процентов процентов процентов процентов процентов процентов процентов процентов процентов процентов процентов процентов процентов процентов процентов процентов процентов процентов процентов процентов процентов процентов процентов процентов процентов процентов процентов процентов процентов процентов процентов процентов процентов процентов процентов процентов процентов процентов процентов процентов процентов процентов процентов процентов процентов процентов процентов процентов процентов процентов процентов процентов процентов процентов процентов процентов процентов процентов процентов процентов процентов процентов процентов процентов процентов процентов процентов процентов процентов процентов процентов процентов процентов процентов процентов процентов процентов процентов процентов процентов процентов процентов процентов процентов процентов процентов процентов процентов процентов процентов процентов процентов процентов процентов процентов процентов процентов процентов процентов процентов процентов процентов процентов процентов процентов процентов процентов процентов процентов процентов процентов процентов процентов процентов процентов процентов процентов процентов процентов процентов процентов процентов процентов процентов процентов процентов процентов процентов процентов процентов процентов процентов процентов процентов процентов процентов процентов процентов процентов процентов процентов процентов процентов процентов процентов процентов процентов процентов процентов процентов процентов процентов процентов процентов процентов процентов процентов процентов процентов процентов процентов процентов процентов процентов процентов процентов процентов процентов процентов процентов процентов процентов процентов процентов процентов процентов процентов процентов процентов процентов процентов процентов процентов процентов процентов процентов процентов процентов процентов", "numeric_answer": null, "relative_error": null, "thinking_text": null, "has_tool_call": false, "tool_call": null, "usage": {"prompt_tokens": 202, "completion_tokens": 256, "total_tokens": 458, "token_count_source": "tokenizer"}, "decoding": {"temperature": 0.2, "top_p": null, "top_k": null, "max_tokens": 256, "seed": 42}, "prompt_tokens": 202, "completion_tokens": 256, "total_tokens": 458, "token_count_source": "tokenizer", "diffusion_steps": null, "flops_estimate": null, "flops_arch": null, "flops_model_params": null, "flops_active_params": null, "tokens_non_final": 254, "tokens_reasoning": 0, "tokens_response": 254, "elapsed_seconds": 18.725358963012695, "judgement": "Uncategorized"}
{"id": "basket_sum_001851", "topic": "basket_sum", "subtopic": "decimal_prices", "prompt": "You’re buying 5 items: $6.62, $11.07, $7.07, $6.71, $19.00. About how much will you pay (before tax)?", "exact_value": 50.47, "model": "tiiuae/Falcon-H1-7B-Instruct", "provider": "transformers", "response": "альными числами округлим до процентов процентов процентов процентов процентов процентов процентов процентов процентов процентов процентов процентов процентов процентов процентов процентов процентов процентов процентов процентов процентов процентов процентов процентов процентов процентов процентов процентов процентов процентов процентов процентов процентов процентов процентов процентов процентов процентов процентов процентов процентов процентов процентов процентов процентов процентов процентов процентов процентов процентов процентов процентов процентов процентов процентов процентов процентов процентов процентов процентов процентов процентов процентов процентов процентов процентов процентов процентов процентов процентов процентов процентов процентов процентов процентов процентов процентов процентов процентов процентов процентов процентов процентов процентов процентов процентов процентов процентов процентов процентов процентов процентов процентов процентов процентов процентов процентов процентов процентов процентов процентов процентов процентов процентов процентов процентов процентов процентов процентов процентов процентов процентов процентов процентов процентов процентов процентов процентов процентов процентов процентов процентов процентов процентов процентов процентов процентов процентов процентов процентов процентов процентов процентов процентов процентов процентов процентов процентов процентов процентов процентов процентов процентов процентов процентов процентов процентов процентов процентов процентов процентов процентов процентов процентов процентов процентов процентов процентов процентов процентов процентов процентов процентов процентов процентов процентов процентов процентов процентов процентов процентов процентов процентов процентов процентов процентов процентов процентов процентов процентов процентов процентов процентов процентов процентов процентов процентов процентов процентов процентов процентов процентов процентов процентов процентов процентов процентов процентов процентов процентов процентов процентов процентов процентов процентов процентов процентов процентов процентов процентов процентов процентов процентов процентов процентов процентов процентов процентов процентов процентов процентов процентов процентов процентов процентов процентов процентов процентов процентов процентов процентов процентов процентов процентов процентов процентов процентов процентов процентов процентов процентов процентов процентов процентов процентов процентов процентов процентов процентов процентов", "numeric_answer": null, "relative_error": null, "thinking_text": null, "has_tool_call": false, "tool_call": null, "usage": {"prompt_tokens": 217, "completion_tokens": 256, "total_tokens": 473, "token_count_source": "tokenizer"}, "decoding": {"temperature": 0.2, "top_p": null, "top_k": null, "max_tokens": 256, "seed": 42}, "prompt_tokens": 217, "completion_tokens": 256, "total_tokens": 473, "token_count_source": "tokenizer", "diffusion_steps": null, "flops_estimate": null, "flops_arch": null, "flops_model_params": null, "flops_active_params": null, "tokens_non_final": 254, "tokens_reasoning": 0, "tokens_response": 254, "elapsed_seconds": 18.565118551254272, "judgement": "Uncategorized"}
{"id": "basket_sum_001871", "topic": "basket_sum", "subtopic": "decimal_prices", "prompt": "You’re buying 5 items: $6.25, $5.41, $5.02, $12.38, $15.22. About how much will you pay (before tax)?", "exact_value": 44.28, "model": "tiiuae/Falcon-H1-7B-Instruct", "provider": "transformers", "response": "альными числами путем округления процентов процентов процентов процентов процентов процентов процентов процентов процентов процентов процентов процентов процентов процентов процентов процентов процентов процентов процентов процентов процентов процентов процентов процентов процентов процентов процентов процентов процентов процентов процентов процентов процентов процентов процентов процентов процентов процентов процентов процентов процентов процентов процентов процентов процентов процентов процентов процентов процентов процентов процентов процентов процентов процентов процентов процентов процентов процентов процентов процентов процентов процентов процентов процентов процентов процентов процентов процентов процентов процентов процентов процентов процентов процентов процентов процентов процентов процентов процентов процентов процентов процентов процентов процентов процентов процентов процентов процентов процентов процентов процентов процентов процентов процентов процентов процентов процентов процентов процентов процентов процентов процентов процентов процентов процентов процентов процентов процентов процентов процентов процентов процентов процентов процентов процентов процентов процентов процентов процентов процентов процентов процентов процентов процентов процентов процентов процентов процентов процентов процентов процентов процентов процентов процентов процентов процентов процентов процентов процентов процентов процентов процентов процентов процентов процентов процентов процентов процентов процентов процентов процентов процентов процентов процентов процентов процентов процентов процентов процентов процентов процентов процентов процентов процентов процентов процентов процентов процентов процентов процентов процентов процентов процентов процентов процентов процентов процентов процентов процентов процентов процентов процентов процентов процентов процентов процентов процентов процентов процентов процентов процентов процентов процентов процентов процентов процентов процентов процентов процентов процентов процентов процентов процентов процентов процентов процентов процентов процентов процентов процентов процентов процентов процентов процентов процентов процентов процентов процентов процентов процентов процентов процентов процентов процентов процентов процентов процентов процентов процентов процентов процентов процентов процентов процентов процентов процентов процентов процентов процентов процентов процентов процентов процентов процентов процентов процентов процентов процентов процентов процентов", "numeric_answer": null, "relative_error": null, "thinking_text": null, "has_tool_call": false, "tool_call": null, "usage": {"prompt_tokens": 217, "completion_tokens": 256, "total_tokens": 473, "token_count_source": "tokenizer"}, "decoding": {"temperature": 0.2, "top_p": null, "top_k": null, "max_tokens": 256, "seed": 42}, "prompt_tokens": 217, "completion_tokens": 256, "total_tokens": 473, "token_count_source": "tokenizer", "diffusion_steps": null, "flops_estimate": null, "flops_arch": null, "flops_model_params": null, "flops_active_params": null, "tokens_non_final": 254, "tokens_reasoning": 0, "tokens_response": 254, "elapsed_seconds": 18.71257758140564, "judgement": "Uncategorized"}
{"id": "discounts_000183", "topic": "discounts", "subtopic": "buy_n_get_m", "prompt": "Buy 4 get 1 free on items priced $5.05 each. You take 6 total. About how much do you pay?", "exact_value": 25.25, "model": "tiiuae/Falcon-H1-7B-Instruct", "provider": "transformers", "response": "альными расчетами согласно условия kompensирует насколько возможно насколько возможно насколько возможно kompensирует насколько возможно kompensирует насколько kompensирует kompensирует kompensирует kompensирует kompensирует kompensирует kompensирует kompensирует kompensирует kompensирует kompensирует kompensирует kompensирует kompensирует kompensирует kompensирует kompensирует kompensирует kompensирует kompensирует kompensирует kompensирует kompensирует kompensирует kompensирует kompensирует kompensирует kompensирует kompensирует kompensирует kompensирует kompensирует kompensирует kompensирует kompensирует kompensирует kompensирует kompensирует kompensирует kompensирует kompensирует kompensирует kompensирует kompensирует kompensирует kompensирует kompensирует kompensирует kompensирует kompensирует kompensирует kompensирует kompensирует kompensирует kompensирует kompensирует kompensирует kompensирует kompensирует kompensирует kompensирует kompensирует kompensирует kompensирует kompensирует kompensирует kompensирует kompensирует kompensирует kompensирует kompensирует kompensирует kompensирует kompensирует kompensирует kompensирует kompensирует kompensирует kompensирует kompensирует kompensирует kompensирует kompensирует kompensирует kompensирует kompensирует kompensирует kompensирует kompensирует kompensирует kompensирует kompensирует kompensирует kompensирует kompensирует kompensирует kompensирует kompensирует kompensирует kompensирует kompensирует kompensирует kompensирует kompensирует kompensирует kompensирует kompensирует kompensирует kompensирует kompensирует kompensирует kompensирует kompensирует kompensирует kompensирует kompensирует kompensирует kompensирует", "numeric_answer": null, "relative_error": null, "thinking_text": null, "has_tool_call": false, "tool_call": null, "usage": {"prompt_tokens": 192, "completion_tokens": 256, "total_tokens": 448, "token_count_source": "tokenizer"}, "decoding": {"temperature": 0.2, "top_p": null, "top_k": null, "max_tokens": 256, "seed": 42}, "prompt_tokens": 192, "completion_tokens": 256, "total_tokens": 448, "token_count_source": "tokenizer", "diffusion_steps": null, "flops_estimate": null, "flops_arch": null, "flops_model_params": null, "flops_active_params": null, "tokens_non_final": 134, "tokens_reasoning": 0, "tokens_response": 134, "elapsed_seconds": 18.515732049942017, "judgement": "Uncategorized"}
{"id": "discounts_000203", "topic": "discounts", "subtopic": "threshold", "prompt": "Threshold coupon applies: $5 off $30+ spend. Cart: $27.77, $19.83, $30.00, $13.61. About how much do you pay?", "exact_value": 86.21, "model": "tiiuae/Falcon-H1-7B-Instruct", "provider": "transformers", "response": "альными расчетами согласно правилам примерно получаются следующие суммы после применения купона насколько это возможно насколько это возможно насколько насколько насколько насколько насколько насколько насколько насколько насколько насколько насколько насколько насколько насколько насколько насколько насколько насколько насколько насколько насколько насколько насколько насколько насколько насколько насколько насколько насколько насколько насколько насколько насколько насколько насколько насколько насколько насколько насколько насколько насколько насколько насколько насколько насколько насколько насколько насколько насколько насколько насколько насколько насколько насколько насколько насколько насколько насколько насколько насколько насколько насколько насколько насколько насколько насколько насколько насколько насколько насколько насколько насколько насколько насколько насколько насколько насколько насколько насколько насколько насколько насколько насколько насколько насколько насколько насколько насколько насколько насколько насколько насколько насколько насколько насколько насколько насколько насколько насколько насколько насколько насколько насколько насколько насколько насколько насколько насколько насколько насколько насколько насколько насколько насколько насколько насколько насколько насколько насколько насколько насколько насколько насколько насколько насколько насколько насколько насколько насколько насколько насколько насколько насколько насколько насколько насколько насколько насколько насколько насколько насколько насколько насколько насколько насколько насколько насколько насколько насколько насколько насколько насколько насколько насколько насколько насколько насколько насколько насколько насколько насколько насколько насколько насколько насколько насколько насколько насколько насколько насколько насколько насколько насколько насколько насколько насколько насколько насколько насколько насколько насколько насколько насколько насколько насколько насколько насколько насколько насколько насколько насколько насколько насколько насколько насколько насколько насколько насколько насколько насколько насколько насколько насколько насколько насколько насколько насколько насколько насколько насколько насколько насколько насколько насколько насколько насколько насколько насколько насколько насколько насколько насколько насколько насколько насколько насколько насколько насколько насколько насколько насколько насколько насколько", "numeric_answer": null, "relative_error": null, "thinking_text": null, "has_tool_call": false, "tool_call": null, "usage": {"prompt_tokens": 217, "completion_tokens": 256, "total_tokens": 473, "token_count_source": "tokenizer"}, "decoding": {"temperature": 0.2, "top_p": null, "top_k": null, "max_tokens": 256, "seed": 42}, "prompt_tokens": 217, "completion_tokens": 256, "total_tokens": 473, "token_count_source": "tokenizer", "diffusion_steps": null, "flops_estimate": null, "flops_arch": null, "flops_model_params": null, "flops_active_params": null, "tokens_non_final": 250, "tokens_reasoning": 0, "tokens_response": 250, "elapsed_seconds": 18.61008095741272, "judgement": "Uncategorized"}
{"id": "discounts_000223", "topic": "discounts", "subtopic": "threshold", "prompt": "Threshold coupon applies: $5 off $40+ spend. Cart: $7.86, $25.35, $26.15, $22.93, $33.93. About how much do you pay?", "exact_value": 111.22, "model": "tiiuae/Falcon-H1-7B-Instruct", "provider": "transformers", "response": "альными расчетами согласно правилам насколько возможно приблизительно определяем итоговую стоимость после применения купона насколько это возможно насколько возможно насколько возможно насколько возможно насколько возможно насколько возможно насколько возможно насколько возможно насколько возможно насколько возможно насколько возможно насколько возможно насколько возможно насколько возможно насколько возможно насколько возможно насколько возможно насколько возможно насколько возможно насколько возможно насколько возможно насколько возможно насколько возможно насколько возможно насколько возможно насколько возможно насколько возможно насколько возможно насколько возможно насколько возможно насколько возможно насколько возможно насколько возможно насколько возможно насколько возможно насколько возможно насколько возможно насколько возможно насколько возможно насколько возможно насколько возможно насколько возможно насколько возможно насколько возможно насколько возможно насколько возможно насколько возможно насколько возможно насколько возможно насколько возможно насколько возможно насколько возможно насколько возможно насколько возможно насколько возможно насколько возможно насколько возможно насколько возможно насколько возможно насколько возможно насколько возможно насколько возможно насколько возможно насколько возможно насколько возможно насколько возможно насколько возможно насколько возможно насколько возможно насколько возможно насколько возможно насколько возможно насколько возможно насколько возможно насколько возможно насколько возможно насколько возможно насколько возможно насколько возможно насколько возможно насколько возможно насколько возможно насколько возможно насколько возможно насколько возможно насколько возможно насколько возможно насколько возможно насколько возможно насколько возможно насколько возможно насколько возможно насколько возможно насколько возможно насколько возможно насколько возможно насколько возможно насколько возможно насколько возможно насколько возможно насколько возможно насколько возможно насколько возможно насколько возможно насколько возможно насколько возможно насколько возможно насколько возможно насколько возможно насколько возможно насколько возможно насколько возможно насколько возможно насколько возможно насколько возможно насколько возможно насколько возможно насколько", "numeric_answer": null, "relative_error": null, "thinking_text": null, "has_tool_call": false, "tool_call": null, "usage": {"prompt_tokens": 224, "completion_tokens": 256, "total_tokens": 480, "token_count_source": "tokenizer"}, "decoding": {"temperature": 0.2, "top_p": null, "top_k": null, "max_tokens": 256, "seed": 42}, "prompt_tokens": 224, "completion_tokens": 256, "total_tokens": 480, "token_count_source": "tokenizer", "diffusion_steps": null, "flops_estimate": null, "flops_arch": null, "flops_model_params": null, "flops_active_params": null, "tokens_non_final": 249, "tokens_reasoning": 0, "tokens_response": 249, "elapsed_seconds": 18.85325813293457, "judgement": "Uncategorized"}
{"id": "discounts_000243", "topic": "discounts", "subtopic": "percent", "prompt": "Cart: $41.98, $22.60, $24.78, $44.56, $29.87. A 20% discount applies to everything. About how much do you pay?", "exact_value": 131.03, "model": "tiiuae/Falcon-H1-7B-Instruct", "provider": "transformers", "response": "альными расчетами процентов процентов процентов процентов процентов процентов процентов процентов процентов процентов процентов процентов процентов процентов процентов процентов процентов процентов процентов процентов процентов процентов процентов процентов процентов процентов процентов процентов процентов процентов процентов процентов процентов процентов процентов процентов процентов процентов процентов процентов процентов процентов процентов процентов процентов процентов процентов процентов процентов процентов процентов процентов процентов процентов процентов процентов процентов процентов процентов процентов процентов процентов процентов процентов процентов процентов процентов процентов процентов процентов процентов процентов процентов процентов процентов процентов процентов процентов процентов процентов процентов процентов процентов процентов процентов процентов процентов процентов процентов процентов процентов процентов процентов процентов процентов процентов процентов процентов процентов процентов процентов процентов процентов процентов процентов процентов процентов процентов процентов процентов процентов процентов процентов процентов процентов процентов процентов процентов процентов процентов процентов процентов процентов процентов процентов процентов процентов процентов процентов процентов процентов процентов процентов процентов процентов процентов процентов процентов процентов процентов процентов процентов процентов процентов процентов процентов процентов процентов процентов процентов процентов процентов процентов процентов процентов процентов процентов процентов процентов процентов процентов процентов процентов процентов процентов процентов процентов процентов процентов процентов процентов процентов процентов процентов процентов процентов процентов процентов процентов процентов процентов процентов процентов процентов процентов процентов процентов процентов процентов процентов процентов процентов процентов процентов процентов процентов процентов процентов процентов процентов процентов процентов процентов процентов процентов процентов процентов процентов процентов процентов процентов процентов процентов процентов процентов процентов процентов процентов процентов процентов процентов процентов процентов процентов процентов процентов процентов процентов процентов процентов процентов процентов процентов процентов процентов процентов процентов процентов процентов процентов процентов процентов процентов процентов процентов процентов процентов процентов процентов процентов процентов процентов процентов", "numeric_answer": null, "relative_error": null, "thinking_text": null, "has_tool_call": false, "tool_call": null, "usage": {"prompt_tokens": 220, "completion_tokens": 256, "total_tokens": 476, "token_count_source": "tokenizer"}, "decoding": {"temperature": 0.2, "top_p": null, "top_k": null, "max_tokens": 256, "seed": 42}, "prompt_tokens": 220, "completion_tokens": 256, "total_tokens": 476, "token_count_source": "tokenizer", "diffusion_steps": null, "flops_estimate": null, "flops_arch": null, "flops_model_params": null, "flops_active_params": null, "tokens_non_final": 255, "tokens_reasoning": 0, "tokens_response": 255, "elapsed_seconds": 18.713221549987793, "judgement": "Uncategorized"}
{"id": "discounts_000263", "topic": "discounts", "subtopic": "stacked", "prompt": "Stacked deal: 20% off, then $10 coupon if you spend $50 or more. Cart: $24.93, $20.51, $23.47. About how much do you pay?", "exact_value": 45.13, "model": "tiiuae/Falcon-H1-7B-Instruct", "provider": "transformers", "response": "остью процентов процентов процентов процентов процентов процентов процентов процентов процентов процентов процентов процентов процентов процентов процентов процентов процентов процентов процентов процентов процентов процентов процентов процентов процентов процентов процентов процентов процентов процентов процентов процентов процентов процентов процентов процентов процентов процентов процентов процентов процентов процентов процентов процентов процентов процентов процентов процентов процентов процентов процентов процентов процентов процентов процентов процентов процентов процентов процентов процентов процентов процентов процентов процентов процентов процентов процентов процентов процентов процентов процентов процентов процентов процентов процентов процентов процентов процентов процентов процентов процентов процентов процентов процентов процентов процентов процентов процентов процентов процентов процентов процентов процентов процентов процентов процентов процентов процентов процентов процентов процентов процентов процентов процентов процентов процентов процентов процентов процентов процентов процентов процентов процентов процентов процентов процентов процентов процентов процентов процентов процентов процентов процентов процентов процентов процентов процентов процентов процентов процентов процентов процентов процентов процентов процентов процентов процентов процентов процентов процентов процентов процентов процентов процентов процентов процентов процентов процентов процентов процентов процентов процентов процентов процентов процентов процентов процентов процентов процентов процентов процентов процентов процентов процентов процентов процентов процентов процентов процентов процентов процентов процентов процентов процентов процентов процентов процентов процентов процентов процентов процентов процентов процентов процентов процентов процентов процентов процентов процентов процентов процентов процентов процентов процентов процентов процентов процентов процентов процентов процентов процентов процентов процентов процентов процентов процентов процентов процентов процентов процентов процентов процентов процентов процентов процентов процентов процентов процентов процентов процентов процентов процентов процентов процентов процентов процентов процентов процентов процентов процентов процентов процентов процентов процентов процентов процентов процентов процентов процентов процентов процентов процентов процентов процентов процентов процентов процентов процентов процентов процентов процентов процентов процентов процентов процентов", "numeric_answer": null, "relative_error": null, "thinking_text": null, "has_tool_call": false, "tool_call": null, "usage": {"prompt_tokens": 220, "completion_tokens": 256, "total_tokens": 476, "token_count_source": "tokenizer"}, "decoding": {"temperature": 0.2, "top_p": null, "top_k": null, "max_tokens": 256, "seed": 42}, "prompt_tokens": 220, "completion_tokens": 256, "total_tokens": 476, "token_count_source": "tokenizer", "diffusion_steps": null, "flops_estimate": null, "flops_arch": null, "flops_model_params": null, "flops_active_params": null, "tokens_non_final": 256, "tokens_reasoning": 0, "tokens_response": 256, "elapsed_seconds": 18.509174346923828, "judgement": "Uncategorized"}
{"id": "discounts_000283", "topic": "discounts", "subtopic": "threshold", "prompt": "Threshold coupon applies: $15 off $30+ spend. Cart: $27.33, $21.91, $39.19, $18.59. About how much do you pay?", "exact_value": 92.02, "model": "tiiuae/Falcon-H1-7B-Instruct", "provider": "transformers", "response": "альными расчетами согласно правилам мы получаем примерно следующееühren kompensierteации согласно правилам примерно следующее kompensierteации согласноальным расчетальным согласноальным согласноальным согласноальным согласноальным согласноальным согласноальным согласноальным согласноальным согласноальным согласноальным согласноальным согласноальным согласноальным согласноальным согласноальным согласноальным согласноальным согласноальным согласноальным согласноальным согласноальным согласноальным согласноальным согласноальным согласноальным согласноальным согласноальным согласноальным согласноальным согласноальным согласноальным согласноальным согласноальным согласноальным согласноальным согласноальным согласноальным согласноальным согласноальным согласноальным согласноальным согласноальным согласноальным согласноальным согласноальным согласноальным согласноальным согласноальным согласноальным согласноальным согласноальным согласноальным согласноальным согласноальным согласноальным согласноальным согласноальным согласноальным согласноальным согласноальным согласноальным согласноальным согласноальным согласноальным согласноальным согласноальным согласноальным согласноальным согласноальным согласноальным согласноальным согласноальным согласноальным согласноальным согласноальным согласноальным согласноальным согласноальным согласноальным согласноальным согласноальным согласноальным согласноальным согласноальным согласноальным согласноальным согласноальным согласноальным согласноальным согласноальным согласноальным согласноальным согласноальным согласноальным согласноальным согласноальным согласноальным согласноальным согласноальным согласноальным согласноальным согласноальным согласноальным согласноальным согласноальным согласноальным согласноальным согласноальным согласноальным согласноальным согласноальным согласноальным согласноальным", "numeric_answer": null, "relative_error": null, "thinking_text": null, "has_tool_call": false, "tool_call": null, "usage": {"prompt_tokens": 218, "completion_tokens": 256, "total_tokens": 474, "token_count_source": "tokenizer"}, "decoding": {"temperature": 0.2, "top_p": null, "top_k": null, "max_tokens": 256, "seed": 42}, "prompt_tokens": 218, "completion_tokens": 256, "total_tokens": 474, "token_count_source": "tokenizer", "diffusion_steps": null, "flops_estimate": null, "flops_arch": null, "flops_model_params": null, "flops_active_params": null, "tokens_non_final": 129, "tokens_reasoning": 0, "tokens_response": 129, "elapsed_seconds": 18.650851011276245, "judgement": "Uncategorized"}
{"id": "discounts_000303", "topic": "discounts", "subtopic": "threshold", "prompt": "Threshold coupon applies: $10 off $40+ spend. Cart: $36.04, $15.68, $34.87. About how much do you pay?", "exact_value": 76.59, "model": "tiiuae/Falcon-H1-7B-Instruct", "provider": "transformers", "response": "альными расчетами согласно условия kompensieren lassen процентов процентов процентов процентов процентов процентов процентов процентов процентов процентов процентов процентов процентов процентов процентов процентов процентов процентов процентов процентов процентов процентов процентов процентов процентов процентов процентов процентов процентов процентов процентов процентов процентов процентов процентов процентов процентов процентов процентов процентов процентов процентов процентов процентов процентов процентов процентов процентов процентов процентов процентов процентов процентов процентов процентов процентов процентов процентов процентов процентов процентов процентов процентов процентов процентов процентов процентов процентов процентов процентов процентов процентов процентов процентов процентов процентов процентов процентов процентов процентов процентов процентов процентов процентов процентов процентов процентов процентов процентов процентов процентов процентов процентов процентов процентов процентов процентов процентов процентов процентов процентов процентов процентов процентов процентов процентов процентов процентов процентов процентов процентов процентов процентов процентов процентов процентов процентов процентов процентов процентов процентов процентов процентов процентов процентов процентов процентов процентов процентов процентов процентов процентов процентов процентов процентов процентов процентов процентов процентов процентов процентов процентов процентов процентов процентов процентов процентов процентов процентов процентов процентов процентов процентов процентов процентов процентов процентов процентов процентов процентов процентов процентов процентов процентов процентов процентов процентов процентов процентов процентов процентов процентов процентов процентов процентов процентов процентов процентов процентов процентов процентов процентов процентов процентов процентов процентов процентов процентов процентов процентов процентов процентов процентов процентов процентов процентов процентов процентов процентов процентов процентов процентов процентов процентов процентов процентов процентов процентов процентов процентов процентов процентов процентов процентов процентов процентов процентов процентов процентов процентов процентов процентов процентов процентов процентов процентов процентов процентов процентов процентов процентов процентов процентов процентов процентов процентов процентов процентов процентов процентов процентов процентов процентов процентов процентов процентов процентов процентов", "numeric_answer": null, "relative_error": null, "thinking_text": null, "has_tool_call": false, "tool_call": null, "usage": {"prompt_tokens": 210, "completion_tokens": 256, "total_tokens": 466, "token_count_source": "tokenizer"}, "decoding": {"temperature": 0.2, "top_p": null, "top_k": null, "max_tokens": 256, "seed": 42}, "prompt_tokens": 210, "completion_tokens": 256, "total_tokens": 466, "token_count_source": "tokenizer", "diffusion_steps": null, "flops_estimate": null, "flops_arch": null, "flops_model_params": null, "flops_active_params": null, "tokens_non_final": 254, "tokens_reasoning": 0, "tokens_response": 254, "elapsed_seconds": 18.616554975509644, "judgement": "Uncategorized"}
{"id": "discounts_000323", "topic": "discounts", "subtopic": "stacked", "prompt": "Stacked deal: 20% off, then $5 coupon if you spend $50 or more. Cart: $37.30, $35.35, $7.26, $28.69, $36.32, $11.49. About how much do you pay?", "exact_value": 120.13, "model": "tiiuae/Falcon-H1-7B-Instruct", "provider": "transformers", "response": "�альное решение путем приближенной оценкиируетание процентов процентов процентов процентов процентов процентов процентов процентов процентов процентов процентов процентов процентов процентов процентов процентов процентов процентов процентов процентов процентов процентов процентов процентов процентов процентов процентов процентов процентов процентов процентов процентов процентов процентов процентов процентов процентов процентов процентов процентов процентов процентов процентов процентов процентов процентов процентов процентов процентов процентов процентов процентов процентов процентов процентов процентов процентов процентов процентов процентов процентов процентов процентов процентов процентов процентов процентов процентов процентов процентов процентов процентов процентов процентов процентов процентов процентов процентов процентов процентов процентов процентов процентов процентов процентов процентов процентов процентов процентов процентов процентов процентов процентов процентов процентов процентов процентов процентов процентов процентов процентов процентов процентов процентов процентов процентов процентов процентов процентов процентов процентов процентов процентов процентов процентов процентов процентов процентов процентов процентов процентов процентов процентов процентов процентов процентов процентов процентов процентов процентов процентов процентов процентов процентов процентов процентов процентов процентов процентов процентов процентов процентов процентов процентов процентов процентов процентов процентов процентов процентов процентов процентов процентов процентов процентов процентов процентов процентов процентов процентов процентов процентов процентов процентов процентов процентов процентов процентов процентов процентов процентов процентов процентов процентов процентов процентов процентов процентов процентов процентов процентов процентов процентов процентов процентов процентов процентов процентов процентов процентов процентов процентов процентов процентов процентов процентов процентов процентов процентов процентов процентов процентов процентов процентов процентов процентов процентов процентов процентов процентов процентов процентов процентов процентов процентов процентов процентов процентов процентов процентов процентов процентов процентов процентов процентов процентов процентов процентов процентов процентов процентов процентов процентов процентов процентов процентов процентов процентов процентов процентов процентов процентов процентов процентов процентов процентов", "numeric_answer": null, "relative_error": null, "thinking_text": null, "has_tool_call": false, "tool_call": null, "usage": {"prompt_tokens": 242, "completion_tokens": 256, "total_tokens": 498, "token_count_source": "tokenizer"}, "decoding": {"temperature": 0.2, "top_p": null, "top_k": null, "max_tokens": 256, "seed": 42}, "prompt_tokens": 242, "completion_tokens": 256, "total_tokens": 498, "token_count_source": "tokenizer", "diffusion_steps": null, "flops_estimate": null, "flops_arch": null, "flops_model_params": null, "flops_active_params": null, "tokens_non_final": 251, "tokens_reasoning": 0, "tokens_response": 251, "elapsed_seconds": 18.95417833328247, "judgement": "Uncategorized"}
{"id": "discounts_000343", "topic": "discounts", "subtopic": "threshold", "prompt": "Threshold coupon applies: $5 off $30+ spend. Cart: $26.24, $32.30, $4.60, $26.47, $26.89. About how much do you pay?", "exact_value": 111.5, "model": "tiiuae/Falcon-H1-7B-Instruct", "provider": "transformers", "response": "альными расчетами согласно правилам насколько могу приблизительно оценить итоговую сумму оплаты согласно условия kompensирует процентов процентов процентов процентов процентов процентов процентов процентов процентов процентов процентов процентов процентов процентов процентов процентов процентов процентов процентов процентов процентов процентов процентов процентов процентов процентов процентов процентов процентов процентов процентов процентов процентов процентов процентов процентов процентов процентов процентов процентов процентов процентов процентов процентов процентов процентов процентов процентов процентов процентов процентов процентов процентов процентов процентов процентов процентов процентов процентов процентов процентов процентов процентов процентов процентов процентов процентов процентов процентов процентов процентов процентов процентов процентов процентов процентов процентов процентов процентов процентов процентов процентов процентов процентов процентов процентов процентов процентов процентов процентов процентов процентов процентов процентов процентов процентов процентов процентов процентов процентов процентов процентов процентов процентов процентов процентов процентов процентов процентов процентов процентов процентов процентов процентов процентов процентов процентов процентов процентов процентов процентов процентов процентов процентов процентов процентов процентов процентов процентов процентов процентов процентов процентов процентов процентов процентов процентов процентов процентов процентов процентов процентов процентов процентов процентов процентов процентов процентов процентов процентов процентов процентов процентов процентов процентов процентов процентов процентов процентов процентов процентов процентов процентов процентов процентов процентов процентов процентов процентов процентов процентов процентов процентов процентов процентов процентов процентов процентов процентов процентов процентов процентов процентов процентов процентов процентов процентов процентов процентов процентов процентов процентов процентов процентов процентов процентов процентов процентов процентов процентов процентов процентов процентов процентов процентов процентов процентов процентов процентов процентов процентов процентов процентов процентов процентов процентов процентов процентов процентов процентов процентов процентов процентов процентов процентов процентов процентов процентов процентов процентов процентов процентов процентов процентов", "numeric_answer": null, "relative_error": null, "thinking_text": null, "has_tool_call": false, "tool_call": null, "usage": {"prompt_tokens": 224, "completion_tokens": 256, "total_tokens": 480, "token_count_source": "tokenizer"}, "decoding": {"temperature": 0.2, "top_p": null, "top_k": null, "max_tokens": 256, "seed": 42}, "prompt_tokens": 224, "completion_tokens": 256, "total_tokens": 480, "token_count_source": "tokenizer", "diffusion_steps": null, "flops_estimate": null, "flops_arch": null, "flops_model_params": null, "flops_active_params": null, "tokens_non_final": 248, "tokens_reasoning": 0, "tokens_response": 248, "elapsed_seconds": 18.817566871643066, "judgement": "Uncategorized"}
{"id": "discounts_000363", "topic": "discounts", "subtopic": "threshold", "prompt": "Threshold coupon applies: $10 off $25+ spend. Cart: $8.84, $27.18, $39.97. About how much do you pay?", "exact_value": 65.99, "model": "tiiuae/Falcon-H1-7B-Instruct", "provider": "transformers", "response": "альными расчетами согласно правилам примерно получаются следующие суммы после применения купона насколько это возможно насколько это возможно насколько насколько насколько насколько насколько насколько насколько насколько насколько насколько насколько насколько насколько насколько насколько насколько насколько насколько насколько насколько насколько насколько насколько насколько насколько насколько насколько насколько насколько насколько насколько насколько насколько насколько насколько насколько насколько насколько насколько насколько насколько насколько насколько насколько насколько насколько насколько насколько насколько насколько насколько насколько насколько насколько насколько насколько насколько насколько насколько насколько насколько насколько насколько насколько насколько насколько насколько насколько насколько насколько насколько насколько насколько насколько насколько насколько насколько насколько насколько насколько насколько насколько насколько насколько насколько насколько насколько насколько насколько насколько насколько насколько насколько насколько насколько насколько насколько насколько насколько насколько насколько насколько насколько насколько насколько насколько насколько насколько насколько насколько насколько насколько насколько насколько насколько насколько насколько насколько насколько насколько насколько насколько насколько насколько насколько насколько насколько насколько насколько насколько насколько насколько насколько насколько насколько насколько насколько насколько насколько насколько насколько насколько насколько насколько насколько насколько насколько насколько насколько насколько насколько насколько насколько насколько насколько насколько насколько насколько насколько насколько насколько насколько насколько насколько насколько насколько насколько насколько насколько насколько насколько насколько насколько насколько насколько насколько насколько насколько насколько насколько насколько насколько насколько насколько насколько насколько насколько насколько насколько насколько насколько насколько насколько насколько насколько насколько насколько насколько насколько насколько насколько насколько насколько насколько насколько насколько насколько насколько насколько насколько насколько насколько насколько насколько насколько насколько насколько насколько насколько насколько насколько насколько насколько насколько насколько насколько насколько насколько насколько насколько насколько насколько насколько", "numeric_answer": null, "relative_error": null, "thinking_text": null, "has_tool_call": false, "tool_call": null, "usage": {"prompt_tokens": 209, "completion_tokens": 256, "total_tokens": 465, "token_count_source": "tokenizer"}, "decoding": {"temperature": 0.2, "top_p": null, "top_k": null, "max_tokens": 256, "seed": 42}, "prompt_tokens": 209, "completion_tokens": 256, "total_tokens": 465, "token_count_source": "tokenizer", "diffusion_steps": null, "flops_estimate": null, "flops_arch": null, "flops_model_params": null, "flops_active_params": null, "tokens_non_final": 250, "tokens_reasoning": 0, "tokens_response": 250, "elapsed_seconds": 18.71785879135132, "judgement": "Uncategorized"}
{"id": "discounts_000383", "topic": "discounts", "subtopic": "stacked", "prompt": "Stacked deal: 15% off, then $5 coupon if you spend $40 or more. Cart: $32.36, $39.44, $31.86. About how much do you pay?", "exact_value": 83.11, "model": "tiiuae/Falcon-H1-7B-Instruct", "provider": "transformers", "response": "альными расчетами согласно условия kompensируем скидку насколько возможно насколько возможно насколько возможно насколько возможно насколько возможно насколько возможно насколько возможно насколько возможно насколько возможно насколько возможно насколько возможно насколько возможно насколько возможно насколько возможно насколько возможно насколько возможно насколько возможно насколько возможно насколько возможно насколько возможно насколько возможно насколько возможно насколько возможно насколько возможно насколько возможно насколько возможно насколько возможно насколько возможно насколько возможно насколько возможно насколько возможно насколько возможно насколько возможно насколько возможно насколько возможно насколько возможно насколько возможно насколько возможно насколько возможно насколько возможно насколько возможно насколько возможно насколько возможно насколько возможно насколько возможно насколько возможно насколько возможно насколько возможно насколько возможно насколько возможно насколько возможно насколько возможно насколько возможно насколько возможно насколько возможно насколько возможно насколько возможно насколько возможно насколько возможно насколько возможно насколько возможно насколько возможно насколько возможно насколько возможно насколько возможно насколько возможно насколько возможно насколько возможно насколько возможно насколько возможно насколько возможно насколько возможно насколько возможно насколько возможно насколько возможно насколько возможно насколько возможно насколько возможно насколько возможно насколько возможно насколько возможно насколько возможно насколько возможно насколько возможно насколько возможно насколько возможно насколько возможно насколько возможно насколько возможно насколько возможно насколько возможно насколько возможно насколько возможно насколько возможно насколько возможно насколько возможно насколько возможно насколько возможно насколько возможно насколько возможно насколько возможно насколько возможно насколько возможно насколько возможно насколько возможно насколько возможно насколько возможно насколько возможно насколько возможно насколько возможно насколько возможно насколько возможно насколько возможно насколько возможно насколько возможно насколько возможно насколько возможно насколько возможно насколько возможно насколько возможно насколько возможно насколько возможно насколько возможно", "numeric_answer": null, "relative_error": null, "thinking_text": null, "has_tool_call": false, "tool_call": null, "usage": {"prompt_tokens": 219, "completion_tokens": 256, "total_tokens": 475, "token_count_source": "tokenizer"}, "decoding": {"temperature": 0.2, "top_p": null, "top_k": null, "max_tokens": 256, "seed": 42}, "prompt_tokens": 219, "completion_tokens": 256, "total_tokens": 475, "token_count_source": "tokenizer", "diffusion_steps": null, "flops_estimate": null, "flops_arch": null, "flops_model_params": null, "flops_active_params": null, "tokens_non_final": 252, "tokens_reasoning": 0, "tokens_response": 252, "elapsed_seconds": 19.058609008789062, "judgement": "Uncategorized"}
{"id": "discounts_000403", "topic": "discounts", "subtopic": "buy_n_get_m", "prompt": "Buy 4 get 3 free on items priced $7.01 each. You take 7 total. About how much do you pay?", "exact_value": 28.04, "model": "tiiuae/Falcon-H1-7B-Instruct", "provider": "transformers", "response": "альными расчетами согласно условия kompensирует насколько возможно насколько возможно насколько возможно kompensирует насколько возможно kompensирует насколько возможно kompensирует насколько возможно kompensирует насколько возможно kompensирует насколько возможно kompensирует насколько kompensирует насколько kompensирует kompensирует kompensирует kompensирует kompensирует kompensирует kompensирует kompensирует kompensирует kompensирует kompensирует kompensирует kompensирует kompensирует kompensирует kompensирует kompensирует kompensирует kompensирует kompensирует kompensирует kompensирует kompensирует kompensирует kompensирует kompensирует kompensирует kompensирует kompensирует kompensирует kompensирует kompensирует kompensирует kompensирует kompensирует kompensирует kompensирует kompensирует kompensирует kompensирует kompensирует kompensирует kompensирует kompensирует kompensирует kompensирует kompensирует kompensирует kompensирует kompensирует kompensирует kompensирует kompensирует kompensирует kompensирует kompensирует kompensирует kompensирует kompensирует kompensирует kompensирует kompensирует kompensирует kompensирует kompensирует kompensирует kompensирует kompensирует kompensирует kompensирует kompensирует kompensирует kompensирует kompensирует kompensирует kompensирует kompensирует kompensирует kompensирует kompensирует kompensирует kompensирует kompensирует kompensирует kompensирует kompensирует kompensирует kompensирует kompensирует kompensирует kompensирует kompensирует kompensирует kompensирует kompensирует kompensирует kompensирует kompensирует kompensирует kompensирует kompensирует kompensирует kompensирует kompensирует kompensирует kompensирует kompensирует kompensирует kompens", "numeric_answer": null, "relative_error": null, "thinking_text": null, "has_tool_call": false, "tool_call": null, "usage": {"prompt_tokens": 192, "completion_tokens": 256, "total_tokens": 448, "token_count_source": "tokenizer"}, "decoding": {"temperature": 0.2, "top_p": null, "top_k": null, "max_tokens": 256, "seed": 42}, "prompt_tokens": 192, "completion_tokens": 256, "total_tokens": 448, "token_count_source": "tokenizer", "diffusion_steps": null, "flops_estimate": null, "flops_arch": null, "flops_model_params": null, "flops_active_params": null, "tokens_non_final": 139, "tokens_reasoning": 0, "tokens_response": 139, "elapsed_seconds": 18.77089762687683, "judgement": "Uncategorized"}
{"id": "discounts_000423", "topic": "discounts", "subtopic": "threshold", "prompt": "Threshold coupon applies: $15 off $50+ spend. Cart: $37.39, $36.57. About how much do you pay?", "exact_value": 58.96, "model": "tiiuae/Falcon-H1-7B-Instruct", "provider": "transformers", "response": "альными расчетами согласно правилам насколько возможно приближенно получаются следующие значения процентов от порога для каждого элемента корзины соответственно насколько это возможно насколько насколько насколько насколько насколько насколько насколько насколько насколько насколько насколько насколько насколько насколько насколько насколько насколько насколько насколько насколько насколько насколько насколько насколько насколько насколько насколько насколько насколько насколько насколько насколько насколько насколько насколько насколько насколько насколько насколько насколько насколько насколько насколько насколько насколько насколько насколько насколько насколько насколько насколько насколько насколько насколько насколько насколько насколько насколько насколько насколько насколько насколько насколько насколько насколько насколько насколько насколько насколько насколько насколько насколько насколько насколько насколько насколько насколько насколько насколько насколько насколько насколько насколько насколько насколько насколько насколько насколько насколько насколько насколько насколько насколько насколько насколько насколько насколько насколько насколько насколько насколько насколько насколько насколько насколько насколько насколько насколько насколько насколько насколько насколько насколько насколько насколько насколько насколько насколько насколько насколько насколько насколько насколько насколько насколько насколько насколько насколько насколько насколько насколько насколько насколько насколько насколько насколько насколько насколько насколько насколько насколько насколько насколько насколько насколько насколько насколько насколько насколько насколько насколько насколько насколько насколько насколько насколько насколько насколько насколько насколько насколько насколько насколько насколько насколько насколько насколько насколько насколько насколько насколько насколько насколько насколько насколько насколько насколько насколько насколько насколько насколько насколько насколько насколько насколько насколько насколько насколько насколько насколько насколько насколько насколько насколько насколько насколько насколько насколько насколько насколько насколько насколько насколько насколько насколько насколько насколько насколько насколько насколько насколько насколько насколько насколько насколько насколько насколько насколько насколько насколько насколько насколько насколько насколько", "numeric_answer": null, "relative_error": null, "thinking_text": null, "has_tool_call": false, "tool_call": null, "usage": {"prompt_tokens": 202, "completion_tokens": 256, "total_tokens": 458, "token_count_source": "tokenizer"}, "decoding": {"temperature": 0.2, "top_p": null, "top_k": null, "max_tokens": 256, "seed": 42}, "prompt_tokens": 202, "completion_tokens": 256, "total_tokens": 458, "token_count_source": "tokenizer", "diffusion_steps": null, "flops_estimate": null, "flops_arch": null, "flops_model_params": null, "flops_active_params": null, "tokens_non_final": 245, "tokens_reasoning": 0, "tokens_response": 245, "elapsed_seconds": 18.822304248809814, "judgement": "Uncategorized"}
{"id": "discounts_000443", "topic": "discounts", "subtopic": "threshold", "prompt": "Threshold coupon applies: $10 off $40+ spend. Cart: $11.05, $31.68, $27.63, $4.93, $26.15. About how much do you pay?", "exact_value": 91.44, "model": "tiiuae/Falcon-H1-7B-Instruct", "provider": "transformers", "response": "альными расчетами согласно правилам примерно получаются следующие суммы после округленияposten kompensieren würdenациюposten kompensieren würden согласно условия kompensieren würden согласно kompensieren würden kompensieren würden kompensieren würden kompensieren würden kompensieren würden kompensieren würden kompensieren würden kompensieren würden kompensieren würden kompensieren würden kompensieren würden kompensieren würden kompensieren würden kompensieren würden kompensieren würden kompensieren würden kompensieren würden kompensieren würden kompensieren würden kompensieren würden kompensieren würden kompensieren würden kompensieren würden kompensieren würden kompensieren würden kompensieren würden kompensieren würden kompensieren würden kompensieren würden kompensieren würden kompensieren würden kompensieren würden kompensieren würden kompensieren würden kompensieren würden kompensieren würden kompensieren würden kompensieren würden kompensieren würden kompensieren würden kompensieren würden kompensieren würden kompensieren würden kompensieren würden kompensieren würden kompensieren würden kompensieren würden kompensieren würden kompensieren würden kompensieren würden kompensieren würden kompensieren würden kompensieren würden kompensieren würden kompensieren würden kompensieren würden kompensieren würden kompensieren würden kompensieren würden kompensieren würden kompensieren würden kompensieren würden kompensieren würden kompensieren würden kompensieren würden kompensieren würden kompensieren würden kompensieren würden kompensieren würden kompensieren würden kompensieren würden kompensieren würden kompensieren würden kompensieren würden kompensieren würden", "numeric_answer": null, "relative_error": null, "thinking_text": null, "has_tool_call": false, "tool_call": null, "usage": {"prompt_tokens": 225, "completion_tokens": 256, "total_tokens": 481, "token_count_source": "tokenizer"}, "decoding": {"temperature": 0.2, "top_p": null, "top_k": null, "max_tokens": 256, "seed": 42}, "prompt_tokens": 225, "completion_tokens": 256, "total_tokens": 481, "token_count_source": "tokenizer", "diffusion_steps": null, "flops_estimate": null, "flops_arch": null, "flops_model_params": null, "flops_active_params": null, "tokens_non_final": 169, "tokens_reasoning": 0, "tokens_response": 169, "elapsed_seconds": 18.636536836624146, "judgement": "Uncategorized"}
{"id": "discounts_000463", "topic": "discounts", "subtopic": "threshold", "prompt": "Threshold coupon applies: $5 off $30+ spend. Cart: $7.17, $14.56, $7.86, $33.78. About how much do you pay?", "exact_value": 58.37, "model": "tiiuae/Falcon-H1-7B-Instruct", "provider": "transformers", "response": "альными расчетами согласно правилам задачи получаются следующие значения процентов процентов процентов процентов процентов процентов процентов процентов процентов процентов процентов процентов процентов процентов процентов процентов процентов процентов процентов процентов процентов процентов процентов процентов процентов процентов процентов процентов процентов процентов процентов процентов процентов процентов процентов процентов процентов процентов процентов процентов процентов процентов процентов процентов процентов процентов процентов процентов процентов процентов процентов процентов процентов процентов процентов процентов процентов процентов процентов процентов процентов процентов процентов процентов процентов процентов процентов процентов процентов процентов процентов процентов процентов процентов процентов процентов процентов процентов процентов процентов процентов процентов процентов процентов процентов процентов процентов процентов процентов процентов процентов процентов процентов процентов процентов процентов процентов процентов процентов процентов процентов процентов процентов процентов процентов процентов процентов процентов процентов процентов процентов процентов процентов процентов процентов процентов процентов процентов процентов процентов процентов процентов процентов процентов процентов процентов процентов процентов процентов процентов процентов процентов процентов процентов процентов процентов процентов процентов процентов процентов процентов процентов процентов процентов процентов процентов процентов процентов процентов процентов процентов процентов процентов процентов процентов процентов процентов процентов процентов процентов процентов процентов процентов процентов процентов процентов процентов процентов процентов процентов процентов процентов процентов процентов процентов процентов процентов процентов процентов процентов процентов процентов процентов процентов процентов процентов процентов процентов процентов процентов процентов процентов процентов процентов процентов процентов процентов процентов процентов процентов процентов процентов процентов процентов процентов процентов процентов процентов процентов процентов процентов процентов процентов процентов процентов процентов процентов процентов процентов процентов процентов процентов процентов процентов процентов процентов процентов процентов процентов процентов процентов процентов процентов процентов процентов процентов процентов процентов процентов процентов процентов процентов процентов", "numeric_answer": null, "relative_error": null, "thinking_text": null, "has_tool_call": false, "tool_call": null, "usage": {"prompt_tokens": 215, "completion_tokens": 256, "total_tokens": 471, "token_count_source": "tokenizer"}, "decoding": {"temperature": 0.2, "top_p": null, "top_k": null, "max_tokens": 256, "seed": 42}, "prompt_tokens": 215, "completion_tokens": 256, "total_tokens": 471, "token_count_source": "tokenizer", "diffusion_steps": null, "flops_estimate": null, "flops_arch": null, "flops_model_params": null, "flops_active_params": null, "tokens_non_final": 251, "tokens_reasoning": 0, "tokens_response": 251, "elapsed_seconds": 18.912211179733276, "judgement": "Uncategorized"}
{"id": "discounts_000483", "topic": "discounts", "subtopic": "buy_n_get_m", "prompt": "Buy 3 get 3 free on items priced $2.85 each. You take 7 total. About how much do you pay?", "exact_value": 11.4, "model": "tiiuae/Falcon-H1-7B-Instruct", "provider": "transformers", "response": "�альное решение согласно правилальным указания kompensирует сложность расчетов путем округления процентов процентов процентов процентов процентов процентов процентов процентов процентов процентов процентов процентов процентов процентов процентов процентов процентов процентов процентов процентов процентов процентов процентов процентов процентов процентов процентов процентов процентов процентов процентов процентов процентов процентов процентов процентов процентов процентов процентов процентов процентов процентов процентов процентов процентов процентов процентов процентов процентов процентов процентов процентов процентов процентов процентов процентов процентов процентов процентов процентов процентов процентов процентов процентов процентов процентов процентов процентов процентов процентов процентов процентов процентов процентов процентов процентов процентов процентов процентов процентов процентов процентов процентов процентов процентов процентов процентов процентов процентов процентов процентов процентов процентов процентов процентов процентов процентов процентов процентов процентов процентов процентов процентов процентов процентов процентов процентов процентов процентов процентов процентов процентов процентов процентов процентов процентов процентов процентов процентов процентов процентов процентов процентов процентов процентов процентов процентов процентов процентов процентов процентов процентов процентов процентов процентов процентов процентов процентов процентов процентов процентов процентов процентов процентов процентов процентов процентов процентов процентов процентов процентов процентов процентов процентов процентов процентов процентов процентов процентов процентов процентов процентов процентов процентов процентов процентов процентов процентов процентов процентов процентов процентов процентов процентов процентов процентов процентов процентов процентов процентов процентов процентов процентов процентов процентов процентов процентов процентов процентов процентов процентов процентов процентов процентов процентов процентов процентов процентов процентов процентов процентов процентов процентов процентов процентов процентов процентов процентов процентов процентов процентов процентов процентов процентов процентов процентов процентов процентов процентов процентов процентов процентов процентов процентов процентов процентов процентов процентов процентов процентов процентов процентов процентов процентов процентов процентов процентов процентов процентов", "numeric_answer": null, "relative_error": null, "thinking_text": null, "has_tool_call": false, "tool_call": null, "usage": {"prompt_tokens": 192, "completion_tokens": 256, "total_tokens": 448, "token_count_source": "tokenizer"}, "decoding": {"temperature": 0.2, "top_p": null, "top_k": null, "max_tokens": 256, "seed": 42}, "prompt_tokens": 192, "completion_tokens": 256, "total_tokens": 448, "token_count_source": "tokenizer", "diffusion_steps": null, "flops_estimate": null, "flops_arch": null, "flops_model_params": null, "flops_active_params": null, "tokens_non_final": 249, "tokens_reasoning": 0, "tokens_response": 249, "elapsed_seconds": 18.65122413635254, "judgement": "Uncategorized"}
{"id": "discounts_000503", "topic": "discounts", "subtopic": "stacked", "prompt": "Stacked deal: 20% off, then $5 coupon if you spend $30 or more. Cart: $29.58, $10.92, $29.18, $33.24, $8.11, $38.19. About how much do you pay?", "exact_value": 114.38, "model": "tiiuae/Falcon-H1-7B-Instruct", "provider": "transformers", "response": "остью процентов процентов процентов процентов процентов процентов процентов процентов процентов процентов процентов процентов процентов процентов процентов процентов процентов процентов процентов процентов процентов процентов процентов процентов процентов процентов процентов процентов процентов процентов процентов процентов процентов процентов процентов процентов процентов процентов процентов процентов процентов процентов процентов процентов процентов процентов процентов процентов процентов процентов процентов процентов процентов процентов процентов процентов процентов процентов процентов процентов процентов процентов процентов процентов процентов процентов процентов процентов процентов процентов процентов процентов процентов процентов процентов процентов процентов процентов процентов процентов процентов процентов процентов процентов процентов процентов процентов процентов процентов процентов процентов процентов процентов процентов процентов процентов процентов процентов процентов процентов процентов процентов процентов процентов процентов процентов процентов процентов процентов процентов процентов процентов процентов процентов процентов процентов процентов процентов процентов процентов процентов процентов процентов процентов процентов процентов процентов процентов процентов процентов процентов процентов процентов процентов процентов процентов процентов процентов процентов процентов процентов процентов процентов процентов процентов процентов процентов процентов процентов процентов процентов процентов процентов процентов процентов процентов процентов процентов процентов процентов процентов процентов процентов процентов процентов процентов процентов процентов процентов процентов процентов процентов процентов процентов процентов процентов процентов процентов процентов процентов процентов процентов процентов процентов процентов процентов процентов процентов процентов процентов процентов процентов процентов процентов процентов процентов процентов процентов процентов процентов процентов процентов процентов процентов процентов процентов процентов процентов процентов процентов процентов процентов процентов процентов процентов процентов процентов процентов процентов процентов процентов процентов процентов процентов процентов процентов процентов процентов процентов процентов процентов процентов процентов процентов процентов процентов процентов процентов процентов процентов процентов процентов процентов процентов процентов процентов процентов процентов процентов процентов процентов процентов процентов процентов процентов", "numeric_answer": null, "relative_error": null, "thinking_text": null, "has_tool_call": false, "tool_call": null, "usage": {"prompt_tokens": 242, "completion_tokens": 256, "total_tokens": 498, "token_count_source": "tokenizer"}, "decoding": {"temperature": 0.2, "top_p": null, "top_k": null, "max_tokens": 256, "seed": 42}, "prompt_tokens": 242, "completion_tokens": 256, "total_tokens": 498, "token_count_source": "tokenizer", "diffusion_steps": null, "flops_estimate": null, "flops_arch": null, "flops_model_params": null, "flops_active_params": null, "tokens_non_final": 256, "tokens_reasoning": 0, "tokens_response": 256, "elapsed_seconds": 18.617737770080566, "judgement": "Uncategorized"}
{"id": "discounts_000523", "topic": "discounts", "subtopic": "bogo", "prompt": "BOGO sale (buy one, get one free; free item is the cheaper one in each pair). Items: $21.23, $17.95, $15.39, $10.11, $8.23, $4.52. About how much do you pay?", "exact_value": 44.85, "model": "tiiuae/Falcon-H1-7B-Instruct", "provider": "transformers", "response": "�альное решение согласно правилальным указания kompensирует сложность точного расчета путем упрощающего приближенного анализации стоимости согласно правилам акции насколько возможно насколько возможно насколько возможно насколько возможно насколько возможно насколько возможно насколько возможно насколько возможно насколько возможно насколько возможно насколько возможно насколько возможно насколько возможно насколько возможно насколько возможно насколько возможно насколько возможно насколько возможно насколько возможно насколько возможно насколько возможно насколько возможно насколько возможно насколько возможно насколько возможно насколько возможно насколько возможно насколько возможно насколько возможно насколько возможно насколько возможно насколько возможно насколько возможно насколько возможно насколько возможно насколько возможно насколько возможно насколько возможно насколько возможно насколько возможно насколько возможно насколько возможно насколько возможно насколько возможно насколько возможно насколько возможно насколько возможно насколько возможно насколько возможно насколько возможно насколько возможно насколько возможно насколько возможно насколько возможно насколько возможно насколько возможно насколько возможно насколько возможно насколько возможно насколько возможно насколько возможно насколько возможно насколько возможно насколько возможно насколько возможно насколько возможно насколько возможно насколько возможно насколько возможно насколько возможно насколько возможно насколько возможно насколько возможно насколько возможно насколько возможно насколько возможно насколько возможно насколько возможно насколько возможно насколько возможно насколько возможно насколько возможно насколько возможно насколько возможно насколько возможно насколько возможно насколько возможно насколько возможно насколько возможно насколько возможно насколько возможно насколько возможно насколько возможно насколько возможно насколько возможно насколько возможно насколько возможно насколько возможно насколько возможно насколько возможно насколько возможно насколько возможно насколько возможно насколько возможно насколько возможно насколько возможно насколько возможно насколько возможно насколько возможно насколько возможно насколько возможно насколько возможно насколько", "numeric_answer": null, "relative_error": null, "thinking_text": null, "has_tool_call": false, "tool_call": null, "usage": {"prompt_tokens": 238, "completion_tokens": 256, "total_tokens": 494, "token_count_source": "tokenizer"}, "decoding": {"temperature": 0.2, "top_p": null, "top_k": null, "max_tokens": 256, "seed": 42}, "prompt_tokens": 238, "completion_tokens": 256, "total_tokens": 494, "token_count_source": "tokenizer", "diffusion_steps": null, "flops_estimate": null, "flops_arch": null, "flops_model_params": null, "flops_active_params": null, "tokens_non_final": 242, "tokens_reasoning": 0, "tokens_response": 242, "elapsed_seconds": 18.815401315689087, "judgement": "Uncategorized"}
{"id": "discounts_000543", "topic": "discounts", "subtopic": "percent", "prompt": "Cart: $30.85, $43.81, $8.07. A 20% discount applies to everything. About how much do you pay?", "exact_value": 66.18, "model": "tiiuae/Falcon-H1-7B-Instruct", "provider": "transformers", "response": "альными ценами соответственноаются примерно насколько процентов процентов процентов процентов процентов процентов процентов процентов процентов процентов процентов процентов процентов процентов процентов процентов процентов процентов процентов процентов процентов процентов процентов процентов процентов процентов процентов процентов процентов процентов процентов процентов процентов процентов процентов процентов процентов процентов процентов процентов процентов процентов процентов процентов процентов процентов процентов процентов процентов процентов процентов процентов процентов процентов процентов процентов процентов процентов процентов процентов процентов процентов процентов процентов процентов процентов процентов процентов процентов процентов процентов процентов процентов процентов процентов процентов процентов процентов процентов процентов процентов процентов процентов процентов процентов процентов процентов процентов процентов процентов процентов процентов процентов процентов процентов процентов процентов процентов процентов процентов процентов процентов процентов процентов процентов процентов процентов процентов процентов процентов процентов процентов процентов процентов процентов процентов процентов процентов процентов процентов процентов процентов процентов процентов процентов процентов процентов процентов процентов процентов процентов процентов процентов процентов процентов процентов процентов процентов процентов процентов процентов процентов процентов процентов процентов процентов процентов процентов процентов процентов процентов процентов процентов процентов процентов процентов процентов процентов процентов процентов процентов процентов процентов процентов процентов процентов процентов процентов процентов процентов процентов процентов процентов процентов процентов процентов процентов процентов процентов процентов процентов процентов процентов процентов процентов процентов процентов процентов процентов процентов процентов процентов процентов процентов процентов процентов процентов процентов процентов процентов процентов процентов процентов процентов процентов процентов процентов процентов процентов процентов процентов процентов процентов процентов процентов процентов процентов процентов процентов процентов процентов процентов процентов процентов процентов процентов процентов процентов процентов процентов процентов процентов процентов процентов процентов процентов процентов процентов процентов процентов процентов процентов процентов процентов процентов процентов процентов процентов процентов", "numeric_answer": null, "relative_error": null, "thinking_text": null, "has_tool_call": false, "tool_call": null, "usage": {"prompt_tokens": 203, "completion_tokens": 256, "total_tokens": 459, "token_count_source": "tokenizer"}, "decoding": {"temperature": 0.2, "top_p": null, "top_k": null, "max_tokens": 256, "seed": 42}, "prompt_tokens": 203, "completion_tokens": 256, "total_tokens": 459, "token_count_source": "tokenizer", "diffusion_steps": null, "flops_estimate": null, "flops_arch": null, "flops_model_params": null, "flops_active_params": null, "tokens_non_final": 254, "tokens_reasoning": 0, "tokens_response": 254, "elapsed_seconds": 18.724742889404297, "judgement": "Uncategorized"}
{"id": "discounts_000563", "topic": "discounts", "subtopic": "threshold", "prompt": "Threshold coupon applies: $5 off $30+ spend. Cart: $4.94, $20.81, $22.55. About how much do you pay?", "exact_value": 43.3, "model": "tiiuae/Falcon-H1-7B-Instruct", "provider": "transformers", "response": "альными расчетами согласно правилам насколько возможно приблизительно рассчитаем итоговую стоимость согласно условия kompensируем путем приближений согласно правилам насколько возможно путем приближений согласно правилам насколько возможно путем приближений согласно правилальным расчетальным путем путем путем путем путем путем путем путем путем путем путем путем путем путем путем путем путем путем путем путем путем путем путем путем путем путем путем путем путем путем путем путем путем путем путем путем путем путем путем путем путем путем путем путем путем путем путем путем путем путем путем путем путем путем путем путем путем путем путем путем путем путем путем путем путем путем путем путем путем путем путем путем путем путем путем путем путем путем путем путем путем путем путем путем путем путем путем путем путем путем путем путем путем путем путем путем путем путем путем путем путем путем путем путем путем путем путем путем путем путем путем путем путем путем путем путем путем путем путем путем путем путем путем путем путем путем путем путем путем путем путем путем путем путем путем путем путем путем путем путем путем путем путем путем путем путем путем путем путем путем путем путем путем путем путем путем путем путем путем путем путем путем путем путем путем путем путем путем путем путем путем путем путем путем путем путем путем путем путем путем путем путем путем путем путем путем путем путем путем путем путем путем путем путем путем путем путем путем путем путем путем путем путем путем путем путем путем путем путем", "numeric_answer": null, "relative_error": null, "thinking_text": null, "has_tool_call": false, "tool_call": null, "usage": {"prompt_tokens": 208, "completion_tokens": 256, "total_tokens": 464, "token_count_source": "tokenizer"}, "decoding": {"temperature": 0.2, "top_p": null, "top_k": null, "max_tokens": 256, "seed": 42}, "prompt_tokens": 208, "completion_tokens": 256, "total_tokens": 464, "token_count_source": "tokenizer", "diffusion_steps": null, "flops_estimate": null, "flops_arch": null, "flops_model_params": null, "flops_active_params": null, "tokens_non_final": 239, "tokens_reasoning": 0, "tokens_response": 239, "elapsed_seconds": 18.624716758728027, "judgement": "Uncategorized"}
{"id": "discounts_000583", "topic": "discounts", "subtopic": "buy_n_get_m", "prompt": "Buy 5 get 3 free on items priced $4.97 each. You take 16 total. About how much do you pay?", "exact_value": 49.7, "model": "tiiuae/Falcon-H1-7B-Instruct", "provider": "transformers", "response": "альными расчетами согласно условия kompensируемыми путем округления процентовируемыми путем округления процентовируемыми путем округления процентовируемыми путем процентовируемыми путем процентовируемыми путем процентовируемыми путем процентовируемыми путем процентовируемыми путем процентовируемыми путем процентовируемыми путем процентовируемыми путем процентовируемыми путем процентовируемыми путем процентовируемыми путем процентовируемыми путем процентовируемыми путем процентовируемыми путем процентовируемыми путем процентовируемыми путем процентовируемыми путем процентовируемыми путем процентовируемыми путем процентовируемыми путем процентовируемыми путем процентовируемыми путем процентовируемыми путем процентовируемыми путем процентовируемыми путем процентовируемыми путем процентовируемыми путем процентовируемыми путем процентовируемыми путем процентовируемыми путем процентовируемыми путем процентовируемыми путем процентовируемыми путем процентовируемыми путем процентовируемыми путем процентовируемыми путем процентовируемыми путем процентовируемыми путем процентовируемыми путем процентовируемыми путем процентовируемыми путем процентовируемыми путем процентовируемыми путем процентовируемыми путем процентовируемыми путем процентовируемыми путем процентовируемыми путем процентовируемыми путем процентовируемыми путем процентовируемыми путем процентовируемыми путем процентовируемыми путем процентовируемыми путем процентовируемыми путем процентовируемыми путем процентовируемыми путем процентовируемыми путем процентов", "numeric_answer": null, "relative_error": null, "thinking_text": null, "has_tool_call": false, "tool_call": null, "usage": {"prompt_tokens": 193, "completion_tokens": 256, "total_tokens": 449, "token_count_source": "tokenizer"}, "decoding": {"temperature": 0.2, "top_p": null, "top_k": null, "max_tokens": 256, "seed": 42}, "prompt_tokens": 193, "completion_tokens": 256, "total_tokens": 449, "token_count_source": "tokenizer", "diffusion_steps": null, "flops_estimate": null, "flops_arch": null, "flops_model_params": null, "flops_active_params": null, "tokens_non_final": 130, "tokens_reasoning": 0, "tokens_response": 130, "elapsed_seconds": 18.74325442314148, "judgement": "Uncategorized"}
{"id": "discounts_000603", "topic": "discounts", "subtopic": "bogo", "prompt": "BOGO sale (buy one, get one free; free item is the cheaper one in each pair). Items: $18.16, $13.58, $11.14, $8.88, $4.45. About how much do you pay?", "exact_value": 33.75, "model": "tiiuae/Falcon-H1-7B-Instruct", "provider": "transformers", "response": "�альное значение", "numeric_answer": null, "relative_error": null, "thinking_text": null, "has_tool_call": false, "tool_call": null, "usage": {"prompt_tokens": 230, "completion_tokens": 4, "total_tokens": 234, "token_count_source": "tokenizer"}, "decoding": {"temperature": 0.2, "top_p": null, "top_k": null, "max_tokens": 256, "seed": 42}, "prompt_tokens": 230, "completion_tokens": 4, "total_tokens": 234, "token_count_source": "tokenizer", "diffusion_steps": null, "flops_estimate": null, "flops_arch": null, "flops_model_params": null, "flops_active_params": null, "tokens_non_final": 2, "tokens_reasoning": 0, "tokens_response": 2, "elapsed_seconds": 0.3301737308502197, "judgement": "Uncategorized"}
{"id": "discounts_000623", "topic": "discounts", "subtopic": "bogo", "prompt": "BOGO sale (buy one, get one free; free item is the cheaper one in each pair). Items: $21.85, $18.63, $17.86, $11.60, $9.53. About how much do you pay?", "exact_value": 49.24, "model": "tiiuae/Falcon-H1-7B-Instruct", "provider": "transformers", "response": "�альное решение путем быстрой оценки процентов процентов процентов процентов процентов процентов процентов процентов процентов процентов процентов процентов процентов процентов процентов процентов процентов процентов процентов процентов процентов процентов процентов процентов процентов процентов процентов процентов процентов процентов процентов процентов процентов процентов процентов процентов процентов процентов процентов процентов процентов процентов процентов процентов процентов процентов процентов процентов процентов процентов процентов процентов процентов процентов процентов процентов процентов процентов процентов процентов процентов процентов процентов процентов процентов процентов процентов процентов процентов процентов процентов процентов процентов процентов процентов процентов процентов процентов процентов процентов процентов процентов процентов процентов процентов процентов процентов процентов процентов процентов процентов процентов процентов процентов процентов процентов процентов процентов процентов процентов процентов процентов процентов процентов процентов процентов процентов процентов процентов процентов процентов процентов процентов процентов процентов процентов процентов процентов процентов процентов процентов процентов процентов процентов процентов процентов процентов процентов процентов процентов процентов процентов процентов процентов процентов процентов процентов процентов процентов процентов процентов процентов процентов процентов процентов процентов процентов процентов процентов процентов процентов процентов процентов процентов процентов процентов процентов процентов процентов процентов процентов процентов процентов процентов процентов процентов процентов процентов процентов процентов процентов процентов процентов процентов процентов процентов процентов процентов процентов процентов процентов процентов процентов процентов процентов процентов процентов процентов процентов процентов процентов процентов процентов процентов процентов процентов процентов процентов процентов процентов процентов процентов процентов процентов процентов процентов процентов процентов процентов процентов процентов процентов процентов процентов процентов процентов процентов процентов процентов процентов процентов процентов процентов процентов процентов процентов процентов процентов процентов процентов процентов процентов процентов процентов процентов процентов процентов процентов процентов процентов процентов процентов процентов процентов процентов процентов процентов процентов процентов", "numeric_answer": null, "relative_error": null, "thinking_text": null, "has_tool_call": false, "tool_call": null, "usage": {"prompt_tokens": 231, "completion_tokens": 256, "total_tokens": 487, "token_count_source": "tokenizer"}, "decoding": {"temperature": 0.2, "top_p": null, "top_k": null, "max_tokens": 256, "seed": 42}, "prompt_tokens": 231, "completion_tokens": 256, "total_tokens": 487, "token_count_source": "tokenizer", "diffusion_steps": null, "flops_estimate": null, "flops_arch": null, "flops_model_params": null, "flops_active_params": null, "tokens_non_final": 254, "tokens_reasoning": 0, "tokens_response": 254, "elapsed_seconds": 18.67448925971985, "judgement": "Uncategorized"}
{"id": "discounts_000643", "topic": "discounts", "subtopic": "buy_n_get_m", "prompt": "Buy 5 get 1 free on items priced $4.62 each. You take 12 total. About how much do you pay?", "exact_value": 46.2, "model": "tiiuae/Falcon-H1-7B-Instruct", "provider": "transformers", "response": "альными расчетами согласно условия kompensирует насколько возможно насколько возможно насколько насколько насколько насколько насколько насколько насколько насколько насколько насколько насколько насколько насколько насколько насколько насколько насколько насколько насколько насколько насколько насколько насколько насколько насколько насколько насколько насколько насколько насколько насколько насколько насколько насколько насколько насколько насколько насколько насколько насколько насколько насколько насколько насколько насколько насколько насколько насколько насколько насколько насколько насколько насколько насколько насколько насколько насколько насколько насколько насколько насколько насколько насколько насколько насколько насколько насколько насколько насколько насколько насколько насколько насколько насколько насколько насколько насколько насколько насколько насколько насколько насколько насколько насколько насколько насколько насколько насколько насколько насколько насколько насколько насколько насколько насколько насколько насколько насколько насколько насколько насколько насколько насколько насколько насколько насколько насколько насколько насколько насколько насколько насколько насколько насколько насколько насколько насколько насколько насколько насколько насколько насколько насколько насколько насколько насколько насколько насколько насколько насколько насколько насколько насколько насколько насколько насколько насколько насколько насколько насколько насколько насколько насколько насколько насколько насколько насколько насколько насколько насколько насколько насколько насколько насколько насколько насколько насколько насколько насколько насколько насколько насколько насколько насколько насколько насколько насколько насколько насколько насколько насколько насколько насколько насколько насколько насколько насколько насколько насколько насколько насколько насколько насколько насколько насколько насколько насколько насколько насколько насколько насколько насколько насколько насколько насколько насколько насколько насколько насколько насколько насколько насколько насколько насколько насколько насколько насколько насколько насколько насколько насколько насколько насколько насколько насколько насколько насколько насколько насколько насколько насколько насколько насколько насколько насколько насколько насколько насколько насколько насколько насколько насколько насколько насколько насколько насколько насколько насколько насколько насколько насколько насколько насколько насколько насколько", "numeric_answer": null, "relative_error": null, "thinking_text": null, "has_tool_call": false, "tool_call": null, "usage": {"prompt_tokens": 193, "completion_tokens": 256, "total_tokens": 449, "token_count_source": "tokenizer"}, "decoding": {"temperature": 0.2, "top_p": null, "top_k": null, "max_tokens": 256, "seed": 42}, "prompt_tokens": 193, "completion_tokens": 256, "total_tokens": 449, "token_count_source": "tokenizer", "diffusion_steps": null, "flops_estimate": null, "flops_arch": null, "flops_model_params": null, "flops_active_params": null, "tokens_non_final": 254, "tokens_reasoning": 0, "tokens_response": 254, "elapsed_seconds": 18.66209840774536, "judgement": "Uncategorized"}
{"id": "discounts_000663", "topic": "discounts", "subtopic": "stacked", "prompt": "Stacked deal: 15% off, then $5 coupon if you spend $50 or more. Cart: $16.58, $23.77, $10.19. About how much do you pay?", "exact_value": 42.96, "model": "tiiuae/Falcon-H1-7B-Instruct", "provider": "transformers", "response": "тически сумма корзины составляет около процентов процентов процентов процентов процентов процентов процентов процентов процентов процентов процентов процентов процентов процентов процентов процентов процентов процентов процентов процентов процентов процентов процентов процентов процентов процентов процентов процентов процентов процентов процентов процентов процентов процентов процентов процентов процентов процентов процентов процентов процентов процентов процентов процентов процентов процентов процентов процентов процентов процентов процентов процентов процентов процентов процентов процентов процентов процентов процентов процентов процентов процентов процентов процентов процентов процентов процентов процентов процентов процентов процентов процентов процентов процентов процентов процентов процентов процентов процентов процентов процентов процентов процентов процентов процентов процентов процентов процентов процентов процентов процентов процентов процентов процентов процентов процентов процентов процентов процентов процентов процентов процентов процентов процентов процентов процентов процентов процентов процентов процентов процентов процентов процентов процентов процентов процентов процентов процентов процентов процентов процентов процентов процентов процентов процентов процентов процентов процентов процентов процентов процентов процентов процентов процентов процентов процентов процентов процентов процентов процентов процентов процентов процентов процентов процентов процентов процентов процентов процентов процентов процентов процентов процентов процентов процентов процентов процентов процентов процентов процентов процентов процентов процентов процентов процентов процентов процентов процентов процентов процентов процентов процентов процентов процентов процентов процентов процентов процентов процентов процентов процентов процентов процентов процентов процентов процентов процентов процентов процентов процентов процентов процентов процентов процентов процентов процентов процентов процентов процентов процентов процентов процентов процентов процентов процентов процентов процентов процентов процентов процентов процентов процентов процентов процентов процентов процентов процентов процентов процентов процентов процентов процентов процентов процентов процентов процентов процентов процентов процентов процентов процентов процентов процентов процентов процентов процентов процентов процентов процентов процентов процентов процентов процентов процентов процентов процентов процентов процентов процентов", "numeric_answer": null, "relative_error": null, "thinking_text": null, "has_tool_call": false, "tool_call": null, "usage": {"prompt_tokens": 219, "completion_tokens": 256, "total_tokens": 475, "token_count_source": "tokenizer"}, "decoding": {"temperature": 0.2, "top_p": null, "top_k": null, "max_tokens": 256, "seed": 42}, "prompt_tokens": 219, "completion_tokens": 256, "total_tokens": 475, "token_count_source": "tokenizer", "diffusion_steps": null, "flops_estimate": null, "flops_arch": null, "flops_model_params": null, "flops_active_params": null, "tokens_non_final": 254, "tokens_reasoning": 0, "tokens_response": 254, "elapsed_seconds": 18.483593225479126, "judgement": "Uncategorized"}
{"id": "discounts_000683", "topic": "discounts", "subtopic": "percent", "prompt": "Cart: $27.44, $47.42, $41.38, $11.58, $35.37. A 25% discount applies to everything. About how much do you pay?", "exact_value": 122.39, "model": "tiiuae/Falcon-H1-7B-Instruct", "provider": "transformers", "response": "альными ценами после с�ока процентов скидированых процентов насколько процентов насколько процентов насколько процентов насколько процентов насколько процентов насколько процентов насколько процентов насколько процентов насколько процентов насколько процентов насколько процентов насколько процентов насколько процентов насколько процентов насколько процентов насколько процентов насколько процентов насколько процентов насколько процентов насколько процентов насколько процентов насколько процентов насколько процентов насколько процентов насколько процентов насколько процентов насколько процентов насколько процентов насколько процентов насколько процентов насколько процентов насколько процентов насколько процентов насколько процентов насколько процентов насколько процентов насколько процентов насколько процентов насколько процентов насколько процентов насколько процентов насколько процентов насколько процентов насколько процентов насколько процентов насколько процентов насколько процентов насколько процентов насколько процентов насколько процентов насколько процентов насколько процентов насколько процентов насколько процентов насколько процентов насколько процентов насколько процентов насколько процентов насколько процентов насколько процентов насколько процентов насколько процентов насколько процентов насколько процентов насколько процентов насколько процентов насколько процентов насколько процентов насколько процентов насколько процентов насколько процентов насколько процентов насколько процентов насколько процентов насколько процентов насколько процентов насколько процентов насколько процентов насколько процентов насколько процентов насколько процентов насколько процентов насколько процентов насколько процентов насколько процентов насколько процентов насколько процентов насколько процентов насколько процентов насколько процентов насколько процентов насколько процентов насколько процентов насколько процентов насколько процентов насколько процентов насколько процентов насколько процентов насколько процентов насколько процентов насколько процентов насколько процентов насколько процентов насколько процентов насколько процентов насколько процентов насколько процентов насколько процентов насколько процентов насколько процентов насколько процентов насколько процентов насколько процентов насколько процентов насколько процентов насколько процентов насколько процентов насколько процентов насколько процентов насколько процентов насколько процентов насколько", "numeric_answer": null, "relative_error": null, "thinking_text": null, "has_tool_call": false, "tool_call": null, "usage": {"prompt_tokens": 220, "completion_tokens": 256, "total_tokens": 476, "token_count_source": "tokenizer"}, "decoding": {"temperature": 0.2, "top_p": null, "top_k": null, "max_tokens": 256, "seed": 42}, "prompt_tokens": 220, "completion_tokens": 256, "total_tokens": 476, "token_count_source": "tokenizer", "diffusion_steps": null, "flops_estimate": null, "flops_arch": null, "flops_model_params": null, "flops_active_params": null, "tokens_non_final": 250, "tokens_reasoning": 0, "tokens_response": 250, "elapsed_seconds": 18.646453619003296, "judgement": "Uncategorized"}
{"id": "discounts_000703", "topic": "discounts", "subtopic": "percent", "prompt": "Cart: $19.91, $32.12, $19.55, $20.11, $21.65. A 15% discount applies to everything. About how much do you pay?", "exact_value": 96.34, "model": "tiiuae/Falcon-H1-7B-Instruct", "provider": "transformers", "response": "альными ценами согласно условия kompensируют путем округления процентов до процентов согласно условия kompensируют путем округления процентов согласно процентов согласно процентов согласно процентов согласно процентов согласно процентов согласно процентов согласно процентов согласно процентов согласно процентов согласно процентов согласно процентов согласно процентов согласно процентов согласно процентов согласно процентов согласно процентов согласно процентов согласно процентов согласно процентов согласно процентов согласно процентов согласно процентов согласно процентов согласно процентов согласно процентов согласно процентов согласно процентов согласно процентов согласно процентов согласно процентов согласно процентов согласно процентов согласно процентов согласно процентов согласно процентов согласно процентов согласно процентов согласно процентов согласно процентов согласно процентов согласно процентов согласно процентов согласно процентов согласно процентов согласно процентов согласно процентов согласно процентов согласно процентов согласно процентов согласно процентов согласно процентов согласно процентов согласно процентов согласно процентов согласно процентов согласно процентов согласно процентов согласно процентов согласно процентов согласно процентов согласно процентов согласно процентов согласно процентов согласно процентов согласно процентов согласно процентов согласно процентов согласно процентов согласно процентов согласно процентов согласно процентов согласно процентов согласно процентов согласно процентов согласно процентов согласно процентов согласно процентов согласно процентов согласно процентов согласно процентов согласно процентов согласно процентов согласно процентов согласно процентов согласно процентов согласно процентов согласно процентов согласно процентов согласно процентов согласно процентов согласно процентов согласно процентов согласно процентов согласно процентов согласно процентов согласно процентов согласно процентов согласно процентов согласно процентов согласно процентов согласно процентов согласно процентов согласно процентов согласно процентов согласно процентов согласно процентов согласно процентов согласно процентов согласно процентов согласно процентов согласно процентов согласно процентов согласно процентов согласно процентов согласно процентов согласно процентов согласно процентов согласно", "numeric_answer": null, "relative_error": null, "thinking_text": null, "has_tool_call": false, "tool_call": null, "usage": {"prompt_tokens": 220, "completion_tokens": 256, "total_tokens": 476, "token_count_source": "tokenizer"}, "decoding": {"temperature": 0.2, "top_p": null, "top_k": null, "max_tokens": 256, "seed": 42}, "prompt_tokens": 220, "completion_tokens": 256, "total_tokens": 476, "token_count_source": "tokenizer", "diffusion_steps": null, "flops_estimate": null, "flops_arch": null, "flops_model_params": null, "flops_active_params": null, "tokens_non_final": 251, "tokens_reasoning": 0, "tokens_response": 251, "elapsed_seconds": 18.754425287246704, "judgement": "Uncategorized"}
{"id": "discounts_000723", "topic": "discounts", "subtopic": "percent", "prompt": "Cart: $48.29, $29.75, $30.14, $33.26, $21.69. A 25% discount applies to everything. About how much do you pay?", "exact_value": 122.35, "model": "tiiuae/Falcon-H1-7B-Instruct", "provider": "transformers", "response": "альными расчетами процентов процентов процентов процентов процентов процентов процентов процентов процентов процентов процентов процентов процентов процентов процентов процентов процентов процентов процентов процентов процентов процентов процентов процентов процентов процентов процентов процентов процентов процентов процентов процентов процентов процентов процентов процентов процентов процентов процентов процентов процентов процентов процентов процентов процентов процентов процентов процентов процентов процентов процентов процентов процентов процентов процентов процентов процентов процентов процентов процентов процентов процентов процентов процентов процентов процентов процентов процентов процентов процентов процентов процентов процентов процентов процентов процентов процентов процентов процентов процентов процентов процентов процентов процентов процентов процентов процентов процентов процентов процентов процентов процентов процентов процентов процентов процентов процентов процентов процентов процентов процентов процентов процентов процентов процентов процентов процентов процентов процентов процентов процентов процентов процентов процентов процентов процентов процентов процентов процентов процентов процентов процентов процентов процентов процентов процентов процентов процентов процентов процентов процентов процентов процентов процентов процентов процентов процентов процентов процентов процентов процентов процентов процентов процентов процентов процентов процентов процентов процентов процентов процентов процентов процентов процентов процентов процентов процентов процентов процентов процентов процентов процентов процентов процентов процентов процентов процентов процентов процентов процентов процентов процентов процентов процентов процентов процентов процентов процентов процентов процентов процентов процентов процентов процентов процентов процентов процентов процентов процентов процентов процентов процентов процентов процентов процентов процентов процентов процентов процентов процентов процентов процентов процентов процентов процентов процентов процентов процентов процентов процентов процентов процентов процентов процентов процентов процентов процентов процентов процентов процентов процентов процентов процентов процентов процентов процентов процентов процентов процентов процентов процентов процентов процентов процентов процентов процентов процентов процентов процентов процентов процентов процентов процентов процентов процентов процентов процентов процентов процентов процентов процентов процентов процентов", "numeric_answer": null, "relative_error": null, "thinking_text": null, "has_tool_call": false, "tool_call": null, "usage": {"prompt_tokens": 220, "completion_tokens": 256, "total_tokens": 476, "token_count_source": "tokenizer"}, "decoding": {"temperature": 0.2, "top_p": null, "top_k": null, "max_tokens": 256, "seed": 42}, "prompt_tokens": 220, "completion_tokens": 256, "total_tokens": 476, "token_count_source": "tokenizer", "diffusion_steps": null, "flops_estimate": null, "flops_arch": null, "flops_model_params": null, "flops_active_params": null, "tokens_non_final": 255, "tokens_reasoning": 0, "tokens_response": 255, "elapsed_seconds": 18.785757780075073, "judgement": "Uncategorized"}
{"id": "discounts_000743", "topic": "discounts", "subtopic": "bogo", "prompt": "BOGO sale (buy one, get one free; free item is the cheaper one in each pair). Items: $22.88, $9.78. About how much do you pay?", "exact_value": 22.88, "model": "tiiuae/Falcon-H1-7B-Instruct", "provider": "transformers", "response": "�альное решение согласно правилальным указания kompensирует сложность точного расчета путем упрощающего приближенного метода насколько это возможно насколько это возможно насколько насколько насколько насколько насколько насколько насколько насколько насколько насколько насколько насколько насколько насколько насколько насколько насколько насколько насколько насколько насколько насколько насколько насколько насколько насколько насколько насколько насколько насколько насколько насколько насколько насколько насколько насколько насколько насколько насколько насколько насколько насколько насколько насколько насколько насколько насколько насколько насколько насколько насколько насколько насколько насколько насколько насколько насколько насколько насколько насколько насколько насколько насколько насколько насколько насколько насколько насколько насколько насколько насколько насколько насколько насколько насколько насколько насколько насколько насколько насколько насколько насколько насколько насколько насколько насколько насколько насколько насколько насколько насколько насколько насколько насколько насколько насколько насколько насколько насколько насколько насколько насколько насколько насколько насколько насколько насколько насколько насколько насколько насколько насколько насколько насколько насколько насколько насколько насколько насколько насколько насколько насколько насколько насколько насколько насколько насколько насколько насколько насколько насколько насколько насколько насколько насколько насколько насколько насколько насколько насколько насколько насколько насколько насколько насколько насколько насколько насколько насколько насколько насколько насколько насколько насколько насколько насколько насколько насколько насколько насколько насколько насколько насколько насколько насколько насколько насколько насколько насколько насколько насколько насколько насколько насколько насколько насколько насколько насколько насколько насколько насколько насколько насколько насколько насколько насколько насколько насколько насколько насколько насколько насколько насколько насколько насколько насколько насколько насколько насколько насколько насколько насколько насколько насколько насколько насколько насколько насколько насколько насколько насколько насколько насколько насколько насколько насколько насколько насколько насколько насколько насколько насколько насколько насколько", "numeric_answer": null, "relative_error": null, "thinking_text": null, "has_tool_call": false, "tool_call": null, "usage": {"prompt_tokens": 207, "completion_tokens": 256, "total_tokens": 463, "token_count_source": "tokenizer"}, "decoding": {"temperature": 0.2, "top_p": null, "top_k": null, "max_tokens": 256, "seed": 42}, "prompt_tokens": 207, "completion_tokens": 256, "total_tokens": 463, "token_count_source": "tokenizer", "diffusion_steps": null, "flops_estimate": null, "flops_arch": null, "flops_model_params": null, "flops_active_params": null, "tokens_non_final": 243, "tokens_reasoning": 0, "tokens_response": 243, "elapsed_seconds": 18.940162658691406, "judgement": "Uncategorized"}
{"id": "discounts_000763", "topic": "discounts", "subtopic": "bogo", "prompt": "BOGO sale (buy one, get one free; free item is the cheaper one in each pair). Items: $11.36, $1.82. About how much do you pay?", "exact_value": 11.36, "model": "tiiuae/Falcon-H1-7B-Instruct", "provider": "transformers", "response": "�альное значение", "numeric_answer": null, "relative_error": null, "thinking_text": null, "has_tool_call": false, "tool_call": null, "usage": {"prompt_tokens": 207, "completion_tokens": 4, "total_tokens": 211, "token_count_source": "tokenizer"}, "decoding": {"temperature": 0.2, "top_p": null, "top_k": null, "max_tokens": 256, "seed": 42}, "prompt_tokens": 207, "completion_tokens": 4, "total_tokens": 211, "token_count_source": "tokenizer", "diffusion_steps": null, "flops_estimate": null, "flops_arch": null, "flops_model_params": null, "flops_active_params": null, "tokens_non_final": 2, "tokens_reasoning": 0, "tokens_response": 2, "elapsed_seconds": 0.3367154598236084, "judgement": "Uncategorized"}
{"id": "discounts_000783", "topic": "discounts", "subtopic": "stacked", "prompt": "Stacked deal: 15% off, then $10 coupon if you spend $30 or more. Cart: $37.23, $37.65, $36.92, $14.32, $6.23. About how much do you pay?", "exact_value": 102.5, "model": "tiiuae/Falcon-H1-7B-Instruct", "provider": "transformers", "response": "альными расчетами согласно условия kompensируемыми путем округления процентов процентов процентов процентов процентов процентов процентов процентов процентов процентов процентов процентов процентов процентов процентов процентов процентов процентов процентов процентов процентов процентов процентов процентов процентов процентов процентов процентов процентов процентов процентов процентов процентов процентов процентов процентов процентов процентов процентов процентов процентов процентов процентов процентов процентов процентов процентов процентов процентов процентов процентов процентов процентов процентов процентов процентов процентов процентов процентов процентов процентов процентов процентов процентов процентов процентов процентов процентов процентов процентов процентов процентов процентов процентов процентов процентов процентов процентов процентов процентов процентов процентов процентов процентов процентов процентов процентов процентов процентов процентов процентов процентов процентов процентов процентов процентов процентов процентов процентов процентов процентов процентов процентов процентов процентов процентов процентов процентов процентов процентов процентов процентов процентов процентов процентов процентов процентов процентов процентов процентов процентов процентов процентов процентов процентов процентов процентов процентов процентов процентов процентов процентов процентов процентов процентов процентов процентов процентов процентов процентов процентов процентов процентов процентов процентов процентов процентов процентов процентов процентов процентов процентов процентов процентов процентов процентов процентов процентов процентов процентов процентов процентов процентов процентов процентов процентов процентов процентов процентов процентов процентов процентов процентов процентов процентов процентов процентов процентов процентов процентов процентов процентов процентов процентов процентов процентов процентов процентов процентов процентов процентов процентов процентов процентов процентов процентов процентов процентов процентов процентов процентов процентов процентов процентов процентов процентов процентов процентов процентов процентов процентов процентов процентов процентов процентов процентов процентов процентов процентов процентов процентов процентов процентов процентов процентов процентов процентов процентов процентов процентов процентов процентов процентов процентов процентов процентов процентов процентов процентов процентов процентов процентов процентов процентов процентов", "numeric_answer": null, "relative_error": null, "thinking_text": null, "has_tool_call": false, "tool_call": null, "usage": {"prompt_tokens": 235, "completion_tokens": 256, "total_tokens": 491, "token_count_source": "tokenizer"}, "decoding": {"temperature": 0.2, "top_p": null, "top_k": null, "max_tokens": 256, "seed": 42}, "prompt_tokens": 235, "completion_tokens": 256, "total_tokens": 491, "token_count_source": "tokenizer", "diffusion_steps": null, "flops_estimate": null, "flops_arch": null, "flops_model_params": null, "flops_active_params": null, "tokens_non_final": 252, "tokens_reasoning": 0, "tokens_response": 252, "elapsed_seconds": 18.756103515625, "judgement": "Uncategorized"}
{"id": "discounts_000803", "topic": "discounts", "subtopic": "bogo", "prompt": "BOGO sale (buy one, get one free; free item is the cheaper one in each pair). Items: $23.07, $19.42, $17.76, $16.24, $13.92, $4.39. About how much do you pay?", "exact_value": 54.75, "model": "tiiuae/Falcon-H1-7B-Instruct", "provider": "transformers", "response": "�альное значение", "numeric_answer": null, "relative_error": null, "thinking_text": null, "has_tool_call": false, "tool_call": null, "usage": {"prompt_tokens": 239, "completion_tokens": 4, "total_tokens": 243, "token_count_source": "tokenizer"}, "decoding": {"temperature": 0.2, "top_p": null, "top_k": null, "max_tokens": 256, "seed": 42}, "prompt_tokens": 239, "completion_tokens": 4, "total_tokens": 243, "token_count_source": "tokenizer", "diffusion_steps": null, "flops_estimate": null, "flops_arch": null, "flops_model_params": null, "flops_active_params": null, "tokens_non_final": 2, "tokens_reasoning": 0, "tokens_response": 2, "elapsed_seconds": 0.3298332691192627, "judgement": "Uncategorized"}
{"id": "discounts_000823", "topic": "discounts", "subtopic": "stacked", "prompt": "Stacked deal: 20% off, then $10 coupon if you spend $30 or more. Cart: $8.48, $35.86, $5.64, $31.66, $9.45. About how much do you pay?", "exact_value": 62.87, "model": "tiiuae/Falcon-H1-7B-Instruct", "provider": "transformers", "response": "альными расчетами согласно условия kompensируем скидку насколько возможно насколько возможно насколько возможно насколько возможно насколько возможно насколько возможно насколько возможно насколько возможно насколько возможно насколько возможно насколько возможно насколько возможно насколько возможно насколько возможно насколько возможно насколько возможно насколько возможно насколько возможно насколько возможно насколько возможно насколько возможно насколько возможно насколько возможно насколько возможно насколько возможно насколько возможно насколько возможно насколько возможно насколько возможно насколько возможно насколько возможно насколько возможно насколько возможно насколько возможно насколько возможно насколько возможно насколько возможно насколько возможно насколько возможно насколько возможно насколько возможно насколько возможно насколько возможно насколько возможно насколько возможно насколько возможно насколько возможно насколько возможно насколько возможно насколько возможно насколько возможно насколько возможно насколько возможно насколько возможно насколько возможно насколько возможно насколько возможно насколько возможно насколько возможно насколько возможно насколько возможно насколько возможно насколько возможно насколько возможно насколько возможно насколько возможно насколько возможно насколько возможно насколько возможно насколько возможно насколько возможно насколько возможно насколько возможно насколько возможно насколько возможно насколько возможно насколько возможно насколько возможно насколько возможно насколько возможно насколько возможно насколько возможно насколько возможно насколько возможно насколько возможно насколько возможно насколько возможно насколько возможно насколько возможно насколько возможно насколько возможно насколько возможно насколько возможно насколько возможно насколько возможно насколько возможно насколько возможно насколько возможно насколько возможно насколько возможно насколько возможно насколько возможно насколько возможно насколько возможно насколько возможно насколько возможно насколько возможно насколько возможно насколько возможно насколько возможно насколько возможно насколько возможно насколько возможно насколько возможно насколько возможно насколько возможно насколько возможно насколько возможно насколько возможно насколько возможно насколько возможно насколько возможно насколько возможно", "numeric_answer": null, "relative_error": null, "thinking_text": null, "has_tool_call": false, "tool_call": null, "usage": {"prompt_tokens": 233, "completion_tokens": 256, "total_tokens": 489, "token_count_source": "tokenizer"}, "decoding": {"temperature": 0.2, "top_p": null, "top_k": null, "max_tokens": 256, "seed": 42}, "prompt_tokens": 233, "completion_tokens": 256, "total_tokens": 489, "token_count_source": "tokenizer", "diffusion_steps": null, "flops_estimate": null, "flops_arch": null, "flops_model_params": null, "flops_active_params": null, "tokens_non_final": 252, "tokens_reasoning": 0, "tokens_response": 252, "elapsed_seconds": 18.64606547355652, "judgement": "Uncategorized"}
{"id": "discounts_000843", "topic": "discounts", "subtopic": "buy_n_get_m", "prompt": "Buy 4 get 2 free on items priced $5.03 each. You take 9 total. About how much do you pay?", "exact_value": 35.21, "model": "tiiuae/Falcon-H1-7B-Instruct", "provider": "transformers", "response": "альными расчетами согласно условия kompensируемыми путем округления процентов процентов процентов процентов процентов процентов процентов процентов процентов процентов процентов процентов процентов процентов процентов процентов процентов процентов процентов процентов процентов процентов процентов процентов процентов процентов процентов процентов процентов процентов процентов процентов процентов процентов процентов процентов процентов процентов процентов процентов процентов процентов процентов процентов процентов процентов процентов процентов процентов процентов процентов процентов процентов процентов процентов процентов процентов процентов процентов процентов процентов процентов процентов процентов процентов процентов процентов процентов процентов процентов процентов процентов процентов процентов процентов процентов процентов процентов процентов процентов процентов процентов процентов процентов процентов процентов процентов процентов процентов процентов процентов процентов процентов процентов процентов процентов процентов процентов процентов процентов процентов процентов процентов процентов процентов процентов процентов процентов процентов процентов процентов процентов процентов процентов процентов процентов процентов процентов процентов процентов процентов процентов процентов процентов процентов процентов процентов процентов процентов процентов процентов процентов процентов процентов процентов процентов процентов процентов процентов процентов процентов процентов процентов процентов процентов процентов процентов процентов процентов процентов процентов процентов процентов процентов процентов процентов процентов процентов процентов процентов процентов процентов процентов процентов процентов процентов процентов процентов процентов процентов процентов процентов процентов процентов процентов процентов процентов процентов процентов процентов процентов процентов процентов процентов процентов процентов процентов процентов процентов процентов процентов процентов процентов процентов процентов процентов процентов процентов процентов процентов процентов процентов процентов процентов процентов процентов процентов процентов процентов процентов процентов процентов процентов процентов процентов процентов процентов процентов процентов процентов процентов процентов процентов процентов процентов процентов процентов процентов процентов процентов процентов процентов процентов процентов процентов процентов процентов процентов процентов процентов процентов процентов процентов процентов процентов", "numeric_answer": null, "relative_error": null, "thinking_text": null, "has_tool_call": false, "tool_call": null, "usage": {"prompt_tokens": 192, "completion_tokens": 256, "total_tokens": 448, "token_count_source": "tokenizer"}, "decoding": {"temperature": 0.2, "top_p": null, "top_k": null, "max_tokens": 256, "seed": 42}, "prompt_tokens": 192, "completion_tokens": 256, "total_tokens": 448, "token_count_source": "tokenizer", "diffusion_steps": null, "flops_estimate": null, "flops_arch": null, "flops_model_params": null, "flops_active_params": null, "tokens_non_final": 252, "tokens_reasoning": 0, "tokens_response": 252, "elapsed_seconds": 18.676375150680542, "judgement": "Uncategorized"}
{"id": "discounts_000863", "topic": "discounts", "subtopic": "threshold", "prompt": "Threshold coupon applies: $10 off $25+ spend. Cart: $34.92, $8.51, $12.79. About how much do you pay?", "exact_value": 46.22, "model": "tiiuae/Falcon-H1-7B-Instruct", "provider": "transformers", "response": "альными расчетами согласно правилам насколько возможно приближенно получаются следующие значения процентов процентов процентов процентов процентов процентов процентов процентов процентов процентов процентов процентов процентов процентов процентов процентов процентов процентов процентов процентов процентов процентов процентов процентов процентов процентов процентов процентов процентов процентов процентов процентов процентов процентов процентов процентов процентов процентов процентов процентов процентов процентов процентов процентов процентов процентов процентов процентов процентов процентов процентов процентов процентов процентов процентов процентов процентов процентов процентов процентов процентов процентов процентов процентов процентов процентов процентов процентов процентов процентов процентов процентов процентов процентов процентов процентов процентов процентов процентов процентов процентов процентов процентов процентов процентов процентов процентов процентов процентов процентов процентов процентов процентов процентов процентов процентов процентов процентов процентов процентов процентов процентов процентов процентов процентов процентов процентов процентов процентов процентов процентов процентов процентов процентов процентов процентов процентов процентов процентов процентов процентов процентов процентов процентов процентов процентов процентов процентов процентов процентов процентов процентов процентов процентов процентов процентов процентов процентов процентов процентов процентов процентов процентов процентов процентов процентов процентов процентов процентов процентов процентов процентов процентов процентов процентов процентов процентов процентов процентов процентов процентов процентов процентов процентов процентов процентов процентов процентов процентов процентов процентов процентов процентов процентов процентов процентов процентов процентов процентов процентов процентов процентов процентов процентов процентов процентов процентов процентов процентов процентов процентов процентов процентов процентов процентов процентов процентов процентов процентов процентов процентов процентов процентов процентов процентов процентов процентов процентов процентов процентов процентов процентов процентов процентов процентов процентов процентов процентов процентов процентов процентов процентов процентов процентов процентов процентов процентов процентов процентов процентов процентов процентов процентов процентов процентов процентов процентов процентов процентов", "numeric_answer": null, "relative_error": null, "thinking_text": null, "has_tool_call": false, "tool_call": null, "usage": {"prompt_tokens": 209, "completion_tokens": 256, "total_tokens": 465, "token_count_source": "tokenizer"}, "decoding": {"temperature": 0.2, "top_p": null, "top_k": null, "max_tokens": 256, "seed": 42}, "prompt_tokens": 209, "completion_tokens": 256, "total_tokens": 465, "token_count_source": "tokenizer", "diffusion_steps": null, "flops_estimate": null, "flops_arch": null, "flops_model_params": null, "flops_active_params": null, "tokens_non_final": 249, "tokens_reasoning": 0, "tokens_response": 249, "elapsed_seconds": 19.0813729763031, "judgement": "Uncategorized"}
{"id": "discounts_000883", "topic": "discounts", "subtopic": "percent", "prompt": "Cart: $39.81, $20.15, $41.33, $23.55, $23.05. A 25% discount applies to everything. About how much do you pay?", "exact_value": 110.92, "model": "tiiuae/Falcon-H1-7B-Instruct", "provider": "transformers", "response": "альными ценами согласно условия kompensируют путем округления процентов процентов процентов процентов процентов процентов процентов процентов процентов процентов процентов процентов процентов процентов процентов процентов процентов процентов процентов процентов процентов процентов процентов процентов процентов процентов процентов процентов процентов процентов процентов процентов процентов процентов процентов процентов процентов процентов процентов процентов процентов процентов процентов процентов процентов процентов процентов процентов процентов процентов процентов процентов процентов процентов процентов процентов процентов процентов процентов процентов процентов процентов процентов процентов процентов процентов процентов процентов процентов процентов процентов процентов процентов процентов процентов процентов процентов процентов процентов процентов процентов процентов процентов процентов процентов процентов процентов процентов процентов процентов процентов процентов процентов процентов процентов процентов процентов процентов процентов процентов процентов процентов процентов процентов процентов процентов процентов процентов процентов процентов процентов процентов процентов процентов процентов процентов процентов процентов процентов процентов процентов процентов процентов процентов процентов процентов процентов процентов процентов процентов процентов процентов процентов процентов процентов процентов процентов процентов процентов процентов процентов процентов процентов процентов процентов процентов процентов процентов процентов процентов процентов процентов процентов процентов процентов процентов процентов процентов процентов процентов процентов процентов процентов процентов процентов процентов процентов процентов процентов процентов процентов процентов процентов процентов процентов процентов процентов процентов процентов процентов процентов процентов процентов процентов процентов процентов процентов процентов процентов процентов процентов процентов процентов процентов процентов процентов процентов процентов процентов процентов процентов процентов процентов процентов процентов процентов процентов процентов процентов процентов процентов процентов процентов процентов процентов процентов процентов процентов процентов процентов процентов процентов процентов процентов процентов процентов процентов процентов процентов процентов процентов процентов процентов процентов процентов процентов процентов процентов процентов процентов процентов процентов процентов процентов процентов процентов", "numeric_answer": null, "relative_error": null, "thinking_text": null, "has_tool_call": false, "tool_call": null, "usage": {"prompt_tokens": 220, "completion_tokens": 256, "total_tokens": 476, "token_count_source": "tokenizer"}, "decoding": {"temperature": 0.2, "top_p": null, "top_k": null, "max_tokens": 256, "seed": 42}, "prompt_tokens": 220, "completion_tokens": 256, "total_tokens": 476, "token_count_source": "tokenizer", "diffusion_steps": null, "flops_estimate": null, "flops_arch": null, "flops_model_params": null, "flops_active_params": null, "tokens_non_final": 253, "tokens_reasoning": 0, "tokens_response": 253, "elapsed_seconds": 18.564952611923218, "judgement": "Uncategorized"}
{"id": "discounts_000903", "topic": "discounts", "subtopic": "percent", "prompt": "Cart: $12.50, $16.62, $17.19. A 10% discount applies to everything. About how much do you pay?", "exact_value": 41.68, "model": "tiiuae/Falcon-H1-7B-Instruct", "provider": "transformers", "response": "альными расчетами получаются примерно следующие значения после применения с� процента скидированых процентов насколько могу примерно оценить насколько могу примерно оценить насколько могу примерно насколько могу насколько могу насколько могу насколько могу насколько могу насколько могу насколько могу насколько могу насколько могу насколько могу насколько могу насколько могу насколько могу насколько могу насколько могу насколько могу насколько могу насколько могу насколько могу насколько могу насколько могу насколько могу насколько могу насколько могу насколько могу насколько могу насколько могу насколько могу насколько могу насколько могу насколько могу насколько могу насколько могу насколько могу насколько могу насколько могу насколько могу насколько могу насколько могу насколько могу насколько могу насколько могу насколько могу насколько могу насколько могу насколько могу насколько могу насколько могу насколько могу насколько могу насколько могу насколько могу насколько могу насколько могу насколько могу насколько могу насколько могу насколько могу насколько могу насколько могу насколько могу насколько могу насколько могу насколько могу насколько могу насколько могу насколько могу насколько могу насколько могу насколько могу насколько могу насколько могу насколько могу насколько могу насколько могу насколько могу насколько могу насколько могу насколько могу насколько могу насколько могу насколько могу насколько могу насколько могу насколько могу насколько могу насколько могу насколько могу насколько могу насколько могу насколько могу насколько могу насколько могу насколько могу насколько могу насколько могу насколько могу насколько могу насколько могу насколько могу насколько могу насколько могу насколько могу насколько могу насколько могу насколько могу насколько могу насколько могу насколько могу насколько могу насколько могу насколько", "numeric_answer": null, "relative_error": null, "thinking_text": null, "has_tool_call": false, "tool_call": null, "usage": {"prompt_tokens": 204, "completion_tokens": 256, "total_tokens": 460, "token_count_source": "tokenizer"}, "decoding": {"temperature": 0.2, "top_p": null, "top_k": null, "max_tokens": 256, "seed": 42}, "prompt_tokens": 204, "completion_tokens": 256, "total_tokens": 460, "token_count_source": "tokenizer", "diffusion_steps": null, "flops_estimate": null, "flops_arch": null, "flops_model_params": null, "flops_active_params": null, "tokens_non_final": 246, "tokens_reasoning": 0, "tokens_response": 246, "elapsed_seconds": 18.58539128303528, "judgement": "Uncategorized"}
{"id": "discounts_000923", "topic": "discounts", "subtopic": "bogo", "prompt": "BOGO sale (buy one, get one free; free item is the cheaper one in each pair). Items: $10.61, $2.49. About how much do you pay?", "exact_value": 10.61, "model": "tiiuae/Falcon-H1-7B-Instruct", "provider": "transformers", "response": "�альное значение", "numeric_answer": null, "relative_error": null, "thinking_text": null, "has_tool_call": false, "tool_call": null, "usage": {"prompt_tokens": 207, "completion_tokens": 4, "total_tokens": 211, "token_count_source": "tokenizer"}, "decoding": {"temperature": 0.2, "top_p": null, "top_k": null, "max_tokens": 256, "seed": 42}, "prompt_tokens": 207, "completion_tokens": 4, "total_tokens": 211, "token_count_source": "tokenizer", "diffusion_steps": null, "flops_estimate": null, "flops_arch": null, "flops_model_params": null, "flops_active_params": null, "tokens_non_final": 2, "tokens_reasoning": 0, "tokens_response": 2, "elapsed_seconds": 0.32930779457092285, "judgement": "Uncategorized"}
{"id": "discounts_000943", "topic": "discounts", "subtopic": "stacked", "prompt": "Stacked deal: 20% off, then $5 coupon if you spend $50 or more. Cart: $22.54, $15.03, $37.69. About how much do you pay?", "exact_value": 55.21, "model": "tiiuae/Falcon-H1-7B-Instruct", "provider": "transformers", "response": "�альное значение", "numeric_answer": null, "relative_error": null, "thinking_text": null, "has_tool_call": false, "tool_call": null, "usage": {"prompt_tokens": 219, "completion_tokens": 4, "total_tokens": 223, "token_count_source": "tokenizer"}, "decoding": {"temperature": 0.2, "top_p": null, "top_k": null, "max_tokens": 256, "seed": 42}, "prompt_tokens": 219, "completion_tokens": 4, "total_tokens": 223, "token_count_source": "tokenizer", "diffusion_steps": null, "flops_estimate": null, "flops_arch": null, "flops_model_params": null, "flops_active_params": null, "tokens_non_final": 2, "tokens_reasoning": 0, "tokens_response": 2, "elapsed_seconds": 0.33731961250305176, "judgement": "Uncategorized"}
{"id": "discounts_000963", "topic": "discounts", "subtopic": "bogo", "prompt": "BOGO sale (buy one, get one free; free item is the cheaper one in each pair). Items: $23.00, $20.02, $17.46, $6.49, $2.60. About how much do you pay?", "exact_value": 43.06, "model": "tiiuae/Falcon-H1-7B-Instruct", "provider": "transformers", "response": "�альное решение путем быстрой оценки процентов процентов процентов процентов процентов процентов процентов процентов процентов процентов процентов процентов процентов процентов процентов процентов процентов процентов процентов процентов процентов процентов процентов процентов процентов процентов процентов процентов процентов процентов процентов процентов процентов процентов процентов процентов процентов процентов процентов процентов процентов процентов процентов процентов процентов процентов процентов процентов процентов процентов процентов процентов процентов процентов процентов процентов процентов процентов процентов процентов процентов процентов процентов процентов процентов процентов процентов процентов процентов процентов процентов процентов процентов процентов процентов процентов процентов процентов процентов процентов процентов процентов процентов процентов процентов процентов процентов процентов процентов процентов процентов процентов процентов процентов процентов процентов процентов процентов процентов процентов процентов процентов процентов процентов процентов процентов процентов процентов процентов процентов процентов процентов процентов процентов процентов процентов процентов процентов процентов процентов процентов процентов процентов процентов процентов процентов процентов процентов процентов процентов процентов процентов процентов процентов процентов процентов процентов процентов процентов процентов процентов процентов процентов процентов процентов процентов процентов процентов процентов процентов процентов процентов процентов процентов процентов процентов процентов процентов процентов процентов процентов процентов процентов процентов процентов процентов процентов процентов процентов процентов процентов процентов процентов процентов процентов процентов процентов процентов процентов процентов процентов процентов процентов процентов процентов процентов процентов процентов процентов процентов процентов процентов процентов процентов процентов процентов процентов процентов процентов процентов процентов процентов процентов процентов процентов процентов процентов процентов процентов процентов процентов процентов процентов процентов процентов процентов процентов процентов процентов процентов процентов процентов процентов процентов процентов процентов процентов процентов процентов процентов процентов процентов процентов процентов процентов процентов процентов процентов процентов процентов процентов процентов процентов процентов процентов процентов процентов процентов процентов", "numeric_answer": null, "relative_error": null, "thinking_text": null, "has_tool_call": false, "tool_call": null, "usage": {"prompt_tokens": 230, "completion_tokens": 256, "total_tokens": 486, "token_count_source": "tokenizer"}, "decoding": {"temperature": 0.2, "top_p": null, "top_k": null, "max_tokens": 256, "seed": 42}, "prompt_tokens": 230, "completion_tokens": 256, "total_tokens": 486, "token_count_source": "tokenizer", "diffusion_steps": null, "flops_estimate": null, "flops_arch": null, "flops_model_params": null, "flops_active_params": null, "tokens_non_final": 254, "tokens_reasoning": 0, "tokens_response": 254, "elapsed_seconds": 18.567664861679077, "judgement": "Uncategorized"}
{"id": "discounts_000983", "topic": "discounts", "subtopic": "bogo", "prompt": "BOGO sale (buy one, get one free; free item is the cheaper one in each pair). Items: $17.50, $15.22, $8.66. About how much do you pay?", "exact_value": 26.16, "model": "tiiuae/Falcon-H1-7B-Instruct", "provider": "transformers", "response": "альнымиальнымиальнымиальнымиальнымиальнымиальнымиальнымиальнымиальнымиальнымиальнымиальнымиальнымиальнымиальнымиальнымиальнымиальнымиальнымиальнымиальнымиальнымиальнымиальнымиальнымиальнымиальнымиальнымиальнымиальнымиальнымиальнымиальнымиальнымиальнымиальнымиальнымиальнымиальнымиальнымиальнымиальнымиальнымиальнымиальнымиальнымиальнымиальнымиальнымиальнымиальнымиальнымиальнымиальнымиальнымиальнымиальнымиальнымиальнымиальнымиальнымиальнымиальнымиальнымиальнымиальнымиальнымиальнымиальнымиальнымиальнымиальнымиальнымиальнымиальнымиальнымиальнымиальнымиальнымиальнымиальнымиальнымиальнымиальнымиальнымиальнымиальнымиальнымиальнымиальнымиальнымиальнымиальнымиальнымиальнымиальнымиальнымиальнымиальнымиальнымиальнымиальнымиальнымиальнымиальнымиальнымиальнымиальнымиальнымиальнымиальнымиальнымиальнымиальнымиальнымиальнымиальнымиальнымиальнымиальнымиальнымиальнымиальнымиальнымиальнымиальнымиальнымиальнымиальнымиальнымиальнымиальнымиальнымиальнымиальнымиальнымиальнымиальнымиальнымиальнымиальнымиальнымиальнымиальнымиальнымиальнымиальнымиальнымиальнымиальнымиальнымиальнымиальнымиальнымиальнымиальнымиальнымиальнымиальнымиальнымиальнымиальнымиальнымиальнымиальнымиальнымиальнымиальнымиальнымиальнымиальнымиальнымиальнымиальнымиальнымиальнымиальнымиальнымиальнымиальнымиальнымиальнымиальнымиальнымиальнымиальнымиальнымиальнымиальнымиальнымиальнымиальнымиальнымиальнымиальнымиальнымиальнымиальнымиальнымиальнымиальнымиальнымиальнымиальнымиальнымиальнымиальнымиальнымиальнымиальнымиальнымиальнымиальнымиальнымиальнымиальнымиальнымиальнымиальнымиальнымиальнымиальнымиальнымиальнымиальнымиальнымиальнымиальнымиальнымиальнымиальнымиальнымиальнымиальнымиальнымиальнымиальнымиальнымиальнымиальнымиальнымиальнымиальнымиальнымиальнымиальнымиальнымиальнымиальнымиальнымиальнымиальнымиальнымиальнымиальными", "numeric_answer": null, "relative_error": null, "thinking_text": null, "has_tool_call": false, "tool_call": null, "usage": {"prompt_tokens": 215, "completion_tokens": 256, "total_tokens": 471, "token_count_source": "tokenizer"}, "decoding": {"temperature": 0.2, "top_p": null, "top_k": null, "max_tokens": 256, "seed": 42}, "prompt_tokens": 215, "completion_tokens": 256, "total_tokens": 471, "token_count_source": "tokenizer", "diffusion_steps": null, "flops_estimate": null, "flops_arch": null, "flops_model_params": null, "flops_active_params": null, "tokens_non_final": 1, "tokens_reasoning": 0, "tokens_response": 1, "elapsed_seconds": 18.524816751480103, "judgement": "Uncategorized"}
{"id": "discounts_001003", "topic": "discounts", "subtopic": "bogo", "prompt": "BOGO sale (buy one, get one free; free item is the cheaper one in each pair). Items: $22.78, $21.06, $17.56, $9.49, $3.73, $1.89. About how much do you pay?", "exact_value": 44.07, "model": "tiiuae/Falcon-H1-7B-Instruct", "provider": "transformers", "response": "�альное решение путем быстрой оценки процентов процентов процентов процентов процентов процентов процентов процентов процентов процентов процентов процентов процентов процентов процентов процентов процентов процентов процентов процентов процентов процентов процентов процентов процентов процентов процентов процентов процентов процентов процентов процентов процентов процентов процентов процентов процентов процентов процентов процентов процентов процентов процентов процентов процентов процентов процентов процентов процентов процентов процентов процентов процентов процентов процентов процентов процентов процентов процентов процентов процентов процентов процентов процентов процентов процентов процентов процентов процентов процентов процентов процентов процентов процентов процентов процентов процентов процентов процентов процентов процентов процентов процентов процентов процентов процентов процентов процентов процентов процентов процентов процентов процентов процентов процентов процентов процентов процентов процентов процентов процентов процентов процентов процентов процентов процентов процентов процентов процентов процентов процентов процентов процентов процентов процентов процентов процентов процентов процентов процентов процентов процентов процентов процентов процентов процентов процентов процентов процентов процентов процентов процентов процентов процентов процентов процентов процентов процентов процентов процентов процентов процентов процентов процентов процентов процентов процентов процентов процентов процентов процентов процентов процентов процентов процентов процентов процентов процентов процентов процентов процентов процентов процентов процентов процентов процентов процентов процентов процентов процентов процентов процентов процентов процентов процентов процентов процентов процентов процентов процентов процентов процентов процентов процентов процентов процентов процентов процентов процентов процентов процентов процентов процентов процентов процентов процентов процентов процентов процентов процентов процентов процентов процентов процентов процентов процентов процентов процентов процентов процентов процентов процентов процентов процентов процентов процентов процентов процентов процентов процентов процентов процентов процентов процентов процентов процентов процентов процентов процентов процентов процентов процентов процентов процентов процентов процентов процентов процентов процентов процентов процентов процентов процентов процентов процентов процентов процентов процентов процентов", "numeric_answer": null, "relative_error": null, "thinking_text": null, "has_tool_call": false, "tool_call": null, "usage": {"prompt_tokens": 237, "completion_tokens": 256, "total_tokens": 493, "token_count_source": "tokenizer"}, "decoding": {"temperature": 0.2, "top_p": null, "top_k": null, "max_tokens": 256, "seed": 42}, "prompt_tokens": 237, "completion_tokens": 256, "total_tokens": 493, "token_count_source": "tokenizer", "diffusion_steps": null, "flops_estimate": null, "flops_arch": null, "flops_model_params": null, "flops_active_params": null, "tokens_non_final": 254, "tokens_reasoning": 0, "tokens_response": 254, "elapsed_seconds": 18.432730674743652, "judgement": "Uncategorized"}
{"id": "discounts_001023", "topic": "discounts", "subtopic": "buy_n_get_m", "prompt": "Buy 4 get 1 free on items priced $2.87 each. You take 8 total. About how much do you pay?", "exact_value": 20.09, "model": "tiiuae/Falcon-H1-7B-Instruct", "provider": "transformers", "response": "альными расчетами согласно условия kompensируемыми путем округления процентовируемыми путем округления процентовируемыми путем округления процентовируемыми путем процентовируемыми путем процентовируемыми путем процентовируемыми путем процентовируемыми путем процентовируемыми путем процентовируемыми путем процентовируемыми путем процентовируемыми путем процентовируемыми путем процентовируемыми путем процентовируемыми путем процентовируемыми путем процентовируемыми путем процентовируемыми путем процентовируемыми путем процентовируемыми путем процентовируемыми путем процентовируемыми путем процентовируемыми путем процентовируемыми путем процентовируемыми путем процентовируемыми путем процентовируемыми путем процентовируемыми путем процентовируемыми путем процентовируемыми путем процентовируемыми путем процентовируемыми путем процентовируемыми путем процентовируемыми путем процентовируемыми путем процентовируемыми путем процентовируемыми путем процентовируемыми путем процентовируемыми путем процентовируемыми путем процентовируемыми путем процентовируемыми путем процентовируемыми путем процентовируемыми путем процентовируемыми путем процентовируемыми путем процентовируемыми путем процентовируемыми путем процентовируемыми путем процентовируемыми путем процентовируемыми путем процентовируемыми путем процентовируемыми путем процентовируемыми путем процентовируемыми путем процентовируемыми путем процентовируемыми путем процентовируемыми путем процентовируемыми путем процентовируемыми путем процентовируемыми путем процентов", "numeric_answer": null, "relative_error": null, "thinking_text": null, "has_tool_call": false, "tool_call": null, "usage": {"prompt_tokens": 192, "completion_tokens": 256, "total_tokens": 448, "token_count_source": "tokenizer"}, "decoding": {"temperature": 0.2, "top_p": null, "top_k": null, "max_tokens": 256, "seed": 42}, "prompt_tokens": 192, "completion_tokens": 256, "total_tokens": 448, "token_count_source": "tokenizer", "diffusion_steps": null, "flops_estimate": null, "flops_arch": null, "flops_model_params": null, "flops_active_params": null, "tokens_non_final": 130, "tokens_reasoning": 0, "tokens_response": 130, "elapsed_seconds": 18.482096910476685, "judgement": "Uncategorized"}
{"id": "discounts_001043", "topic": "discounts", "subtopic": "threshold", "prompt": "Threshold coupon applies: $5 off $25+ spend. Cart: $35.97, $4.76, $38.83, $33.01. About how much do you pay?", "exact_value": 107.57, "model": "tiiuae/Falcon-H1-7B-Instruct", "provider": "transformers", "response": "ации согласно правилам примерно оценим итоговую стоимость корзины путем округления процентов процентов до более человеческих чисел согласно условия kompensирует процентов kompensирует процентов kompensирует процентов kompensирует процентов kompensирует процентов kompensирует процентов kompensирует процентов kompensирует процентов kompensирует процентов kompensирует процентов kompensирует процентов kompensирует процентов kompensирует процентов kompensирует процентов kompensирует процентов kompensирует процентов kompensирует процентов kompensирует процентов kompensирует процентов kompensирует процентов kompensирует процентов kompensирует процентов kompensирует процентов kompensирует процентов kompensирует процентов kompensирует процентов kompensирует процентов kompensирует процентов kompensирует процентов kompensирует процентов kompensирует процентов kompensирует процентов kompensирует процентов kompensирует процентов kompensирует процентов kompensирует процентов kompensирует процентов kompensирует процентов kompensирует процентов kompensирует процентов kompensирует процентов kompensирует процентов kompensирует процентов kompensирует процентов kompensирует процентов kompensирует процентов kompensирует процентов kompensирует процентов kompensирует процентов kompensирует процентов kompensирует процентов kompensирует процентов kompensирует процентов kompensирует процентов kompensирует процентов kompensирует процентов kompensирует процентов kompensирует процентов kompensирует процентов kompensирует процентов kompensирует процентов kompensирует процентов kompensирует процентов kompensирует процентов kompensирует процентов kompensирует процентов kompensирует процентов kompensирует процентов kompensирует процентов kompensирует процентов kompensирует процентов kompensирует процентов kompensирует процентов kompensирует процентов kompensирует процентов kompensирует процентов kompensирует", "numeric_answer": null, "relative_error": null, "thinking_text": null, "has_tool_call": false, "tool_call": null, "usage": {"prompt_tokens": 216, "completion_tokens": 256, "total_tokens": 472, "token_count_source": "tokenizer"}, "decoding": {"temperature": 0.2, "top_p": null, "top_k": null, "max_tokens": 256, "seed": 42}, "prompt_tokens": 216, "completion_tokens": 256, "total_tokens": 472, "token_count_source": "tokenizer", "diffusion_steps": null, "flops_estimate": null, "flops_arch": null, "flops_model_params": null, "flops_active_params": null, "tokens_non_final": 171, "tokens_reasoning": 0, "tokens_response": 171, "elapsed_seconds": 18.44675087928772, "judgement": "Uncategorized"}
{"id": "discounts_001063", "topic": "discounts", "subtopic": "stacked", "prompt": "Stacked deal: 10% off, then $5 coupon if you spend $30 or more. Cart: $3.36, $20.19, $25.37. About how much do you pay?", "exact_value": 39.03, "model": "tiiuae/Falcon-H1-7B-Instruct", "provider": "transformers", "response": "альными расчетами согласно правилам насколько возможно приближенно получаются следующие значения процентов процентов процентов процентов процентов процентов процентов процентов процентов процентов процентов процентов процентов процентов процентов процентов процентов процентов процентов процентов процентов процентов процентов процентов процентов процентов процентов процентов процентов процентов процентов процентов процентов процентов процентов процентов процентов процентов процентов процентов процентов процентов процентов процентов процентов процентов процентов процентов процентов процентов процентов процентов процентов процентов процентов процентов процентов процентов процентов процентов процентов процентов процентов процентов процентов процентов процентов процентов процентов процентов процентов процентов процентов процентов процентов процентов процентов процентов процентов процентов процентов процентов процентов процентов процентов процентов процентов процентов процентов процентов процентов процентов процентов процентов процентов процентов процентов процентов процентов процентов процентов процентов процентов процентов процентов процентов процентов процентов процентов процентов процентов процентов процентов процентов процентов процентов процентов процентов процентов процентов процентов процентов процентов процентов процентов процентов процентов процентов процентов процентов процентов процентов процентов процентов процентов процентов процентов процентов процентов процентов процентов процентов процентов процентов процентов процентов процентов процентов процентов процентов процентов процентов процентов процентов процентов процентов процентов процентов процентов процентов процентов процентов процентов процентов процентов процентов процентов процентов процентов процентов процентов процентов процентов процентов процентов процентов процентов процентов процентов процентов процентов процентов процентов процентов процентов процентов процентов процентов процентов процентов процентов процентов процентов процентов процентов процентов процентов процентов процентов процентов процентов процентов процентов процентов процентов процентов процентов процентов процентов процентов процентов процентов процентов процентов процентов процентов процентов процентов процентов процентов процентов процентов процентов процентов процентов процентов процентов процентов процентов процентов процентов процентов процентов процентов процентов процентов процентов процентов процентов", "numeric_answer": null, "relative_error": null, "thinking_text": null, "has_tool_call": false, "tool_call": null, "usage": {"prompt_tokens": 218, "completion_tokens": 256, "total_tokens": 474, "token_count_source": "tokenizer"}, "decoding": {"temperature": 0.2, "top_p": null, "top_k": null, "max_tokens": 256, "seed": 42}, "prompt_tokens": 218, "completion_tokens": 256, "total_tokens": 474, "token_count_source": "tokenizer", "diffusion_steps": null, "flops_estimate": null, "flops_arch": null, "flops_model_params": null, "flops_active_params": null, "tokens_non_final": 249, "tokens_reasoning": 0, "tokens_response": 249, "elapsed_seconds": 18.69866442680359, "judgement": "Uncategorized"}
{"id": "discounts_001083", "topic": "discounts", "subtopic": "stacked", "prompt": "Stacked deal: 10% off, then $10 coupon if you spend $40 or more. Cart: $21.15, $25.92, $23.98. About how much do you pay?", "exact_value": 53.95, "model": "tiiuae/Falcon-H1-7B-Instruct", "provider": "transformers", "response": "альными расчетами процентов и скидок насколько возможно быстро путем округления процентов процентовируем итоговую стоимость корзины согласно условия kompensирует процентов насколько возможно путем округления процентов процентовируем итоговуюацию согласно условия kompensирует процентов насколько возможно путем путем путем путем путем путем путем путем путем путем путем путем путем путем путем путем путем путем путем путем путем путем путем путем путем путем путем путем путем путем путем путем путем путем путем путем путем путем путем путем путем путем путем путем путем путем путем путем путем путем путем путем путем путем путем путем путем путем путем путем путем путем путем путем путем путем путем путем путем путем путем путем путем путем путем путем путем путем путем путем путем путем путем путем путем путем путем путем путем путем путем путем путем путем путем путем путем путем путем путем путем путем путем путем путем путем путем путем путем путем путем путем путем путем путем путем путем путем путем путем путем путем путем путем путем путем путем путем путем путем путем путем путем путем путем путем путем путем путем путем путем путем путем путем путем путем путем путем путем путем путем путем путем путем путем путем путем путем путем путем путем путем путем путем путем путем путем путем путем путем путем путем путем путем путем путем путем путем путем путем путем путем путем путем путем путем путем путем путем путем путем путем путем путем путем путем путем путем путем путем путем путем путем путем путем путем путем путем путем путем", "numeric_answer": null, "relative_error": null, "thinking_text": null, "has_tool_call": false, "tool_call": null, "usage": {"prompt_tokens": 220, "completion_tokens": 256, "total_tokens": 476, "token_count_source": "tokenizer"}, "decoding": {"temperature": 0.2, "top_p": null, "top_k": null, "max_tokens": 256, "seed": 42}, "prompt_tokens": 220, "completion_tokens": 256, "total_tokens": 476, "token_count_source": "tokenizer", "diffusion_steps": null, "flops_estimate": null, "flops_arch": null, "flops_model_params": null, "flops_active_params": null, "tokens_non_final": 242, "tokens_reasoning": 0, "tokens_response": 242, "elapsed_seconds": 18.477541208267212, "judgement": "Uncategorized"}
{"id": "discounts_001103", "topic": "discounts", "subtopic": "threshold", "prompt": "Threshold coupon applies: $10 off $40+ spend. Cart: $20.06, $17.49. About how much do you pay?", "exact_value": 37.55, "model": "tiiuae/Falcon-H1-7B-Instruct", "provider": "transformers", "response": "альными расчетами согласно правилам насколько могу насколько точно могу примерно оценить итоговую стоимость согласно условия kompensирует процентов процентов процентов процентов процентов процентов процентов процентов процентов процентов процентов процентов процентов процентов процентов процентов процентов процентов процентов процентов процентов процентов процентов процентов процентов процентов процентов процентов процентов процентов процентов процентов процентов процентов процентов процентов процентов процентов процентов процентов процентов процентов процентов процентов процентов процентов процентов процентов процентов процентов процентов процентов процентов процентов процентов процентов процентов процентов процентов процентов процентов процентов процентов процентов процентов процентов процентов процентов процентов процентов процентов процентов процентов процентов процентов процентов процентов процентов процентов процентов процентов процентов процентов процентов процентов процентов процентов процентов процентов процентов процентов процентов процентов процентов процентов процентов процентов процентов процентов процентов процентов процентов процентов процентов процентов процентов процентов процентов процентов процентов процентов процентов процентов процентов процентов процентов процентов процентов процентов процентов процентов процентов процентов процентов процентов процентов процентов процентов процентов процентов процентов процентов процентов процентов процентов процентов процентов процентов процентов процентов процентов процентов процентов процентов процентов процентов процентов процентов процентов процентов процентов процентов процентов процентов процентов процентов процентов процентов процентов процентов процентов процентов процентов процентов процентов процентов процентов процентов процентов процентов процентов процентов процентов процентов процентов процентов процентов процентов процентов процентов процентов процентов процентов процентов процентов процентов процентов процентов процентов процентов процентов процентов процентов процентов процентов процентов процентов процентов процентов процентов процентов процентов процентов процентов процентов процентов процентов процентов процентов процентов процентов процентов процентов процентов процентов процентов процентов процентов процентов процентов процентов процентов процентов процентов процентов процентов процентов процентов процентов процентов процентов процентов процентов процентов процентов", "numeric_answer": null, "relative_error": null, "thinking_text": null, "has_tool_call": false, "tool_call": null, "usage": {"prompt_tokens": 202, "completion_tokens": 256, "total_tokens": 458, "token_count_source": "tokenizer"}, "decoding": {"temperature": 0.2, "top_p": null, "top_k": null, "max_tokens": 256, "seed": 42}, "prompt_tokens": 202, "completion_tokens": 256, "total_tokens": 458, "token_count_source": "tokenizer", "diffusion_steps": null, "flops_estimate": null, "flops_arch": null, "flops_model_params": null, "flops_active_params": null, "tokens_non_final": 251, "tokens_reasoning": 0, "tokens_response": 251, "elapsed_seconds": 18.583043813705444, "judgement": "Uncategorized"}
{"id": "discounts_001123", "topic": "discounts", "subtopic": "threshold", "prompt": "Threshold coupon applies: $15 off $50+ spend. Cart: $18.18, $39.52, $22.33. About how much do you pay?", "exact_value": 65.03, "model": "tiiuae/Falcon-H1-7B-Instruct", "provider": "transformers", "response": "альными расчетами согласно правилам насколько возможно приближенно получаем итоговую сумму оплаты согласно условия kompensации процентов процентов путем применения промоционного купона насколько возможно насколько возможно насколько возможно насколько возможно насколько возможно насколько возможно насколько возможно насколько возможно насколько возможно насколько возможно насколько возможно насколько возможно насколько возможно насколько возможно насколько возможно насколько возможно насколько возможно насколько возможно насколько возможно насколько возможно насколько возможно насколько возможно насколько возможно насколько возможно насколько возможно насколько возможно насколько возможно насколько возможно насколько возможно насколько возможно насколько возможно насколько возможно насколько возможно насколько возможно насколько возможно насколько возможно насколько возможно насколько возможно насколько возможно насколько возможно насколько возможно насколько возможно насколько возможно насколько возможно насколько возможно насколько возможно насколько возможно насколько возможно насколько возможно насколько возможно насколько возможно насколько возможно насколько возможно насколько возможно насколько возможно насколько возможно насколько возможно насколько возможно насколько возможно насколько возможно насколько возможно насколько возможно насколько возможно насколько возможно насколько возможно насколько возможно насколько возможно насколько возможно насколько возможно насколько возможно насколько возможно насколько возможно насколько возможно насколько возможно насколько возможно насколько возможно насколько возможно насколько возможно насколько возможно насколько возможно насколько возможно насколько возможно насколько возможно насколько возможно насколько возможно насколько возможно насколько возможно насколько возможно насколько возможно насколько возможно насколько возможно насколько возможно насколько возможно насколько возможно насколько возможно насколько возможно насколько возможно насколько возможно насколько возможно насколько возможно насколько возможно насколько возможно насколько возможно насколько возможно насколько возможно насколько возможно насколько возможно насколько возможно насколько возможно насколько возможно насколько возможно насколько возможно", "numeric_answer": null, "relative_error": null, "thinking_text": null, "has_tool_call": false, "tool_call": null, "usage": {"prompt_tokens": 210, "completion_tokens": 256, "total_tokens": 466, "token_count_source": "tokenizer"}, "decoding": {"temperature": 0.2, "top_p": null, "top_k": null, "max_tokens": 256, "seed": 42}, "prompt_tokens": 210, "completion_tokens": 256, "total_tokens": 466, "token_count_source": "tokenizer", "diffusion_steps": null, "flops_estimate": null, "flops_arch": null, "flops_model_params": null, "flops_active_params": null, "tokens_non_final": 244, "tokens_reasoning": 0, "tokens_response": 244, "elapsed_seconds": 18.597034454345703, "judgement": "Uncategorized"}
{"id": "discounts_001143", "topic": "discounts", "subtopic": "threshold", "prompt": "Threshold coupon applies: $5 off $25+ spend. Cart: $6.88, $33.06. About how much do you pay?", "exact_value": 34.94, "model": "tiiuae/Falcon-H1-7B-Instruct", "provider": "transformers", "response": "альными расчетами согласно правилам насколько возможно приближенно получаются следующие значения процентов от общей суммы процентов процентов процентов процентов процентов процентов процентов процентов процентов процентов процентов процентов процентов процентов процентов процентов процентов процентов процентов процентов процентов процентов процентов процентов процентов процентов процентов процентов процентов процентов процентов процентов процентов процентов процентов процентов процентов процентов процентов процентов процентов процентов процентов процентов процентов процентов процентов процентов процентов процентов процентов процентов процентов процентов процентов процентов процентов процентов процентов процентов процентов процентов процентов процентов процентов процентов процентов процентов процентов процентов процентов процентов процентов процентов процентов процентов процентов процентов процентов процентов процентов процентов процентов процентов процентов процентов процентов процентов процентов процентов процентов процентов процентов процентов процентов процентов процентов процентов процентов процентов процентов процентов процентов процентов процентов процентов процентов процентов процентов процентов процентов процентов процентов процентов процентов процентов процентов процентов процентов процентов процентов процентов процентов процентов процентов процентов процентов процентов процентов процентов процентов процентов процентов процентов процентов процентов процентов процентов процентов процентов процентов процентов процентов процентов процентов процентов процентов процентов процентов процентов процентов процентов процентов процентов процентов процентов процентов процентов процентов процентов процентов процентов процентов процентов процентов процентов процентов процентов процентов процентов процентов процентов процентов процентов процентов процентов процентов процентов процентов процентов процентов процентов процентов процентов процентов процентов процентов процентов процентов процентов процентов процентов процентов процентов процентов процентов процентов процентов процентов процентов процентов процентов процентов процентов процентов процентов процентов процентов процентов процентов процентов процентов процентов процентов процентов процентов процентов процентов процентов процентов процентов процентов процентов процентов процентов процентов процентов процентов процентов процентов процентов процентов процентов процентов процентов", "numeric_answer": null, "relative_error": null, "thinking_text": null, "has_tool_call": false, "tool_call": null, "usage": {"prompt_tokens": 200, "completion_tokens": 256, "total_tokens": 456, "token_count_source": "tokenizer"}, "decoding": {"temperature": 0.2, "top_p": null, "top_k": null, "max_tokens": 256, "seed": 42}, "prompt_tokens": 200, "completion_tokens": 256, "total_tokens": 456, "token_count_source": "tokenizer", "diffusion_steps": null, "flops_estimate": null, "flops_arch": null, "flops_model_params": null, "flops_active_params": null, "tokens_non_final": 249, "tokens_reasoning": 0, "tokens_response": 249, "elapsed_seconds": 18.62917995452881, "judgement": "Uncategorized"}
{"id": "discounts_001163", "topic": "discounts", "subtopic": "buy_n_get_m", "prompt": "Buy 5 get 3 free on items priced $1.79 each. You take 12 total. About how much do you pay?", "exact_value": 16.11, "model": "tiiuae/Falcon-H1-7B-Instruct", "provider": "transformers", "response": "альными расчетами согласно правилам задачи получаем следующееösenwicklung согласно правилам задачи получаем следующееösenwicklung согласно правилальным расчетальным согласноальным расчетальным согласноальнымальнымальнымальнымальнымальнымальнымальнымальнымальнымальнымальнымальнымальнымальнымальнымальнымальнымальнымальнымальнымальнымальнымальнымальнымальнымальнымальнымальнымальнымальнымальнымальнымальнымальнымальнымальнымальнымальнымальнымальнымальнымальнымальнымальнымальнымальнымальнымальнымальнымальнымальнымальнымальнымальнымальнымальнымальнымальнымальнымальнымальнымальнымальнымальнымальнымальнымальнымальнымальнымальнымальнымальнымальнымальнымальнымальнымальнымальнымальнымальнымальнымальнымальнымальнымальнымальнымальнымальнымальнымальнымальнымальнымальнымальнымальнымальнымальнымальнымальнымальнымальнымальнымальнымальнымальнымальнымальнымальнымальнымальнымальнымальнымальнымальнымальнымальнымальнымальнымальнымальнымальнымальнымальнымальнымальнымальнымальнымальнымальнымальнымальнымальнымальнымальнымальнымальнымальнымальнымальнымальнымальнымальнымальнымальнымальнымальнымальнымальнымальнымальнымальнымальнымальнымальнымальнымальнымальнымальнымальнымальнымальнымальнымальнымальнымальнымальнымальнымальнымальнымальнымальнымальнымальнымальнымальнымальнымальнымальнымальнымальнымальнымальнымальнымальнымальнымальнымальнымальнымальнымальнымальнымальнымальнымальнымальнымальнымальнымальнымальнымальнымальнымальнымальнымальнымальнымальнымальнымальнымальнымальнымальнымальнымальнымальнымальнымальнымальнымальнымальнымальным", "numeric_answer": null, "relative_error": null, "thinking_text": null, "has_tool_call": false, "tool_call": null, "usage": {"prompt_tokens": 193, "completion_tokens": 256, "total_tokens": 449, "token_count_source": "tokenizer"}, "decoding": {"temperature": 0.2, "top_p": null, "top_k": null, "max_tokens": 256, "seed": 42}, "prompt_tokens": 193, "completion_tokens": 256, "total_tokens": 449, "token_count_source": "tokenizer", "diffusion_steps": null, "flops_estimate": null, "flops_arch": null, "flops_model_params": null, "flops_active_params": null, "tokens_non_final": 18, "tokens_reasoning": 0, "tokens_response": 18, "elapsed_seconds": 18.647817611694336, "judgement": "Uncategorized"}
{"id": "discounts_001183", "topic": "discounts", "subtopic": "threshold", "prompt": "Threshold coupon applies: $10 off $40+ spend. Cart: $17.79, $9.82, $10.21. About how much do you pay?", "exact_value": 37.82, "model": "tiiuae/Falcon-H1-7B-Instruct", "provider": "transformers", "response": "альными расчетами согласно правилам примерно получаются следующие суммы процентов процентов процентов процентов процентов процентов процентов процентов процентов процентов процентов процентов процентов процентов процентов процентов процентов процентов процентов процентов процентов процентов процентов процентов процентов процентов процентов процентов процентов процентов процентов процентов процентов процентов процентов процентов процентов процентов процентов процентов процентов процентов процентов процентов процентов процентов процентов процентов процентов процентов процентов процентов процентов процентов процентов процентов процентов процентов процентов процентов процентов процентов процентов процентов процентов процентов процентов процентов процентов процентов процентов процентов процентов процентов процентов процентов процентов процентов процентов процентов процентов процентов процентов процентов процентов процентов процентов процентов процентов процентов процентов процентов процентов процентов процентов процентов процентов процентов процентов процентов процентов процентов процентов процентов процентов процентов процентов процентов процентов процентов процентов процентов процентов процентов процентов процентов процентов процентов процентов процентов процентов процентов процентов процентов процентов процентов процентов процентов процентов процентов процентов процентов процентов процентов процентов процентов процентов процентов процентов процентов процентов процентов процентов процентов процентов процентов процентов процентов процентов процентов процентов процентов процентов процентов процентов процентов процентов процентов процентов процентов процентов процентов процентов процентов процентов процентов процентов процентов процентов процентов процентов процентов процентов процентов процентов процентов процентов процентов процентов процентов процентов процентов процентов процентов процентов процентов процентов процентов процентов процентов процентов процентов процентов процентов процентов процентов процентов процентов процентов процентов процентов процентов процентов процентов процентов процентов процентов процентов процентов процентов процентов процентов процентов процентов процентов процентов процентов процентов процентов процентов процентов процентов процентов процентов процентов процентов процентов процентов процентов процентов процентов процентов процентов процентов процентов процентов процентов процентов процентов процентов процентов процентов процентов", "numeric_answer": null, "relative_error": null, "thinking_text": null, "has_tool_call": false, "tool_call": null, "usage": {"prompt_tokens": 209, "completion_tokens": 256, "total_tokens": 465, "token_count_source": "tokenizer"}, "decoding": {"temperature": 0.2, "top_p": null, "top_k": null, "max_tokens": 256, "seed": 42}, "prompt_tokens": 209, "completion_tokens": 256, "total_tokens": 465, "token_count_source": "tokenizer", "diffusion_steps": null, "flops_estimate": null, "flops_arch": null, "flops_model_params": null, "flops_active_params": null, "tokens_non_final": 251, "tokens_reasoning": 0, "tokens_response": 251, "elapsed_seconds": 18.64845108985901, "judgement": "Uncategorized"}
{"id": "discounts_001203", "topic": "discounts", "subtopic": "threshold", "prompt": "Threshold coupon applies: $10 off $25+ spend. Cart: $21.83, $6.78, $19.19, $4.90. About how much do you pay?", "exact_value": 42.7, "model": "tiiuae/Falcon-H1-7B-Instruct", "provider": "transformers", "response": "альными расчетами согласно условия kompensieren lassen процентов процентов процентов процентов процентов процентов процентов процентов процентов процентов процентов процентов процентов процентов процентов процентов процентов процентов процентов процентов процентов процентов процентов процентов процентов процентов процентов процентов процентов процентов процентов процентов процентов процентов процентов процентов процентов процентов процентов процентов процентов процентов процентов процентов процентов процентов процентов процентов процентов процентов процентов процентов процентов процентов процентов процентов процентов процентов процентов процентов процентов процентов процентов процентов процентов процентов процентов процентов процентов процентов процентов процентов процентов процентов процентов процентов процентов процентов процентов процентов процентов процентов процентов процентов процентов процентов процентов процентов процентов процентов процентов процентов процентов процентов процентов процентов процентов процентов процентов процентов процентов процентов процентов процентов процентов процентов процентов процентов процентов процентов процентов процентов процентов процентов процентов процентов процентов процентов процентов процентов процентов процентов процентов процентов процентов процентов процентов процентов процентов процентов процентов процентов процентов процентов процентов процентов процентов процентов процентов процентов процентов процентов процентов процентов процентов процентов процентов процентов процентов процентов процентов процентов процентов процентов процентов процентов процентов процентов процентов процентов процентов процентов процентов процентов процентов процентов процентов процентов процентов процентов процентов процентов процентов процентов процентов процентов процентов процентов процентов процентов процентов процентов процентов процентов процентов процентов процентов процентов процентов процентов процентов процентов процентов процентов процентов процентов процентов процентов процентов процентов процентов процентов процентов процентов процентов процентов процентов процентов процентов процентов процентов процентов процентов процентов процентов процентов процентов процентов процентов процентов процентов процентов процентов процентов процентов процентов процентов процентов процентов процентов процентов процентов процентов процентов процентов процентов процентов процентов процентов процентов процентов процентов процентов процентов процентов процентов процентов процентов", "numeric_answer": null, "relative_error": null, "thinking_text": null, "has_tool_call": false, "tool_call": null, "usage": {"prompt_tokens": 216, "completion_tokens": 256, "total_tokens": 472, "token_count_source": "tokenizer"}, "decoding": {"temperature": 0.2, "top_p": null, "top_k": null, "max_tokens": 256, "seed": 42}, "prompt_tokens": 216, "completion_tokens": 256, "total_tokens": 472, "token_count_source": "tokenizer", "diffusion_steps": null, "flops_estimate": null, "flops_arch": null, "flops_model_params": null, "flops_active_params": null, "tokens_non_final": 254, "tokens_reasoning": 0, "tokens_response": 254, "elapsed_seconds": 18.66287875175476, "judgement": "Uncategorized"}
{"id": "discounts_001223", "topic": "discounts", "subtopic": "bogo", "prompt": "BOGO sale (buy one, get one free; free item is the cheaper one in each pair). Items: $9.89, $5.43, $1.64. About how much do you pay?", "exact_value": 11.53, "model": "tiiuae/Falcon-H1-7B-Instruct", "provider": "transformers", "response": "�альное решение путем быстрой оценки процентов процентов процентов процентов процентов процентов процентов процентов процентов процентов процентов процентов процентов процентов процентов процентов процентов процентов процентов процентов процентов процентов процентов процентов процентов процентов процентов процентов процентов процентов процентов процентов процентов процентов процентов процентов процентов процентов процентов процентов процентов процентов процентов процентов процентов процентов процентов процентов процентов процентов процентов процентов процентов процентов процентов процентов процентов процентов процентов процентов процентов процентов процентов процентов процентов процентов процентов процентов процентов процентов процентов процентов процентов процентов процентов процентов процентов процентов процентов процентов процентов процентов процентов процентов процентов процентов процентов процентов процентов процентов процентов процентов процентов процентов процентов процентов процентов процентов процентов процентов процентов процентов процентов процентов процентов процентов процентов процентов процентов процентов процентов процентов процентов процентов процентов процентов процентов процентов процентов процентов процентов процентов процентов процентов процентов процентов процентов процентов процентов процентов процентов процентов процентов процентов процентов процентов процентов процентов процентов процентов процентов процентов процентов процентов процентов процентов процентов процентов процентов процентов процентов процентов процентов процентов процентов процентов процентов процентов процентов процентов процентов процентов процентов процентов процентов процентов процентов процентов процентов процентов процентов процентов процентов процентов процентов процентов процентов процентов процентов процентов процентов процентов процентов процентов процентов процентов процентов процентов процентов процентов процентов процентов процентов процентов процентов процентов процентов процентов процентов процентов процентов процентов процентов процентов процентов процентов процентов процентов процентов процентов процентов процентов процентов процентов процентов процентов процентов процентов процентов процентов процентов процентов процентов процентов процентов процентов процентов процентов процентов процентов процентов процентов процентов процентов процентов процентов процентов процентов процентов процентов процентов процентов процентов процентов процентов процентов процентов процентов процентов", "numeric_answer": null, "relative_error": null, "thinking_text": null, "has_tool_call": false, "tool_call": null, "usage": {"prompt_tokens": 213, "completion_tokens": 256, "total_tokens": 469, "token_count_source": "tokenizer"}, "decoding": {"temperature": 0.2, "top_p": null, "top_k": null, "max_tokens": 256, "seed": 42}, "prompt_tokens": 213, "completion_tokens": 256, "total_tokens": 469, "token_count_source": "tokenizer", "diffusion_steps": null, "flops_estimate": null, "flops_arch": null, "flops_model_params": null, "flops_active_params": null, "tokens_non_final": 254, "tokens_reasoning": 0, "tokens_response": 254, "elapsed_seconds": 18.680149793624878, "judgement": "Uncategorized"}
{"id": "discounts_001243", "topic": "discounts", "subtopic": "bogo", "prompt": "BOGO sale (buy one, get one free; free item is the cheaper one in each pair). Items: $13.65, $11.87. About how much do you pay?", "exact_value": 13.65, "model": "tiiuae/Falcon-H1-7B-Instruct", "provider": "transformers", "response": "�альное решение вместо точного счета согласно условия kompensирует сложность путем упрощацией чисел согласно правилам округления насколько возможно насколько возможно насколько возможно насколько возможно насколько возможно насколько возможно насколько возможно насколько возможно насколько возможно насколько возможно насколько возможно насколько возможно насколько возможно насколько возможно насколько возможно насколько возможно насколько возможно насколько возможно насколько возможно насколько возможно насколько возможно насколько возможно насколько возможно насколько возможно насколько возможно насколько возможно насколько возможно насколько возможно насколько возможно насколько возможно насколько возможно насколько возможно насколько возможно насколько возможно насколько возможно насколько возможно насколько возможно насколько возможно насколько возможно насколько возможно насколько возможно насколько возможно насколько возможно насколько возможно насколько возможно насколько возможно насколько возможно насколько возможно насколько возможно насколько возможно насколько возможно насколько возможно насколько возможно насколько возможно насколько возможно насколько возможно насколько возможно насколько возможно насколько возможно насколько возможно насколько возможно насколько возможно насколько возможно насколько возможно насколько возможно насколько возможно насколько возможно насколько возможно насколько возможно насколько возможно насколько возможно насколько возможно насколько возможно насколько возможно насколько возможно насколько возможно насколько возможно насколько возможно насколько возможно насколько возможно насколько возможно насколько возможно насколько возможно насколько возможно насколько возможно насколько возможно насколько возможно насколько возможно насколько возможно насколько возможно насколько возможно насколько возможно насколько возможно насколько возможно насколько возможно насколько возможно насколько возможно насколько возможно насколько возможно насколько возможно насколько возможно насколько возможно насколько возможно насколько возможно насколько возможно насколько возможно насколько возможно насколько возможно насколько возможно насколько возможно насколько возможно насколько возможно насколько возможно насколько возможно насколько возможно", "numeric_answer": null, "relative_error": null, "thinking_text": null, "has_tool_call": false, "tool_call": null, "usage": {"prompt_tokens": 208, "completion_tokens": 256, "total_tokens": 464, "token_count_source": "tokenizer"}, "decoding": {"temperature": 0.2, "top_p": null, "top_k": null, "max_tokens": 256, "seed": 42}, "prompt_tokens": 208, "completion_tokens": 256, "total_tokens": 464, "token_count_source": "tokenizer", "diffusion_steps": null, "flops_estimate": null, "flops_arch": null, "flops_model_params": null, "flops_active_params": null, "tokens_non_final": 245, "tokens_reasoning": 0, "tokens_response": 245, "elapsed_seconds": 18.6416175365448, "judgement": "Uncategorized"}
{"id": "discounts_001263", "topic": "discounts", "subtopic": "stacked", "prompt": "Stacked deal: 20% off, then $10 coupon if you spend $30 or more. Cart: $7.97, $14.01, $20.15, $6.20. About how much do you pay?", "exact_value": 28.66, "model": "tiiuae/Falcon-H1-7B-Instruct", "provider": "transformers", "response": "остью избежишь сложений процентов процентов процентов процентов процентов процентов процентов процентов процентов процентов процентов процентов процентов процентов процентов процентов процентов процентов процентов процентов процентов процентов процентов процентов процентов процентов процентов процентов процентов процентов процентов процентов процентов процентов процентов процентов процентов процентов процентов процентов процентов процентов процентов процентов процентов процентов процентов процентов процентов процентов процентов процентов процентов процентов процентов процентов процентов процентов процентов процентов процентов процентов процентов процентов процентов процентов процентов процентов процентов процентов процентов процентов процентов процентов процентов процентов процентов процентов процентов процентов процентов процентов процентов процентов процентов процентов процентов процентов процентов процентов процентов процентов процентов процентов процентов процентов процентов процентов процентов процентов процентов процентов процентов процентов процентов процентов процентов процентов процентов процентов процентов процентов процентов процентов процентов процентов процентов процентов процентов процентов процентов процентов процентов процентов процентов процентов процентов процентов процентов процентов процентов процентов процентов процентов процентов процентов процентов процентов процентов процентов процентов процентов процентов процентов процентов процентов процентов процентов процентов процентов процентов процентов процентов процентов процентов процентов процентов процентов процентов процентов процентов процентов процентов процентов процентов процентов процентов процентов процентов процентов процентов процентов процентов процентов процентов процентов процентов процентов процентов процентов процентов процентов процентов процентов процентов процентов процентов процентов процентов процентов процентов процентов процентов процентов процентов процентов процентов процентов процентов процентов процентов процентов процентов процентов процентов процентов процентов процентов процентов процентов процентов процентов процентов процентов процентов процентов процентов процентов процентов процентов процентов процентов процентов процентов процентов процентов процентов процентов процентов процентов процентов процентов процентов процентов процентов процентов процентов процентов процентов процентов процентов процентов процентов процентов процентов процентов процентов процентов процентов процентов процентов", "numeric_answer": null, "relative_error": null, "thinking_text": null, "has_tool_call": false, "tool_call": null, "usage": {"prompt_tokens": 226, "completion_tokens": 256, "total_tokens": 482, "token_count_source": "tokenizer"}, "decoding": {"temperature": 0.2, "top_p": null, "top_k": null, "max_tokens": 256, "seed": 42}, "prompt_tokens": 226, "completion_tokens": 256, "total_tokens": 482, "token_count_source": "tokenizer", "diffusion_steps": null, "flops_estimate": null, "flops_arch": null, "flops_model_params": null, "flops_active_params": null, "tokens_non_final": 254, "tokens_reasoning": 0, "tokens_response": 254, "elapsed_seconds": 18.6305570602417, "judgement": "Uncategorized"}
{"id": "discounts_001283", "topic": "discounts", "subtopic": "bogo", "prompt": "BOGO sale (buy one, get one free; free item is the cheaper one in each pair). Items: $23.99, $18.08, $15.49, $11.69, $2.98, $1.77. About how much do you pay?", "exact_value": 42.46, "model": "tiiuae/Falcon-H1-7B-Instruct", "provider": "transformers", "response": "�альное решение путем быстрой оценки процентов процентов процентов процентов процентов процентов процентов процентов процентов процентов процентов процентов процентов процентов процентов процентов процентов процентов процентов процентов процентов процентов процентов процентов процентов процентов процентов процентов процентов процентов процентов процентов процентов процентов процентов процентов процентов процентов процентов процентов процентов процентов процентов процентов процентов процентов процентов процентов процентов процентов процентов процентов процентов процентов процентов процентов процентов процентов процентов процентов процентов процентов процентов процентов процентов процентов процентов процентов процентов процентов процентов процентов процентов процентов процентов процентов процентов процентов процентов процентов процентов процентов процентов процентов процентов процентов процентов процентов процентов процентов процентов процентов процентов процентов процентов процентов процентов процентов процентов процентов процентов процентов процентов процентов процентов процентов процентов процентов процентов процентов процентов процентов процентов процентов процентов процентов процентов процентов процентов процентов процентов процентов процентов процентов процентов процентов процентов процентов процентов процентов процентов процентов процентов процентов процентов процентов процентов процентов процентов процентов процентов процентов процентов процентов процентов процентов процентов процентов процентов процентов процентов процентов процентов процентов процентов процентов процентов процентов процентов процентов процентов процентов процентов процентов процентов процентов процентов процентов процентов процентов процентов процентов процентов процентов процентов процентов процентов процентов процентов процентов процентов процентов процентов процентов процентов процентов процентов процентов процентов процентов процентов процентов процентов процентов процентов процентов процентов процентов процентов процентов процентов процентов процентов процентов процентов процентов процентов процентов процентов процентов процентов процентов процентов процентов процентов процентов процентов процентов процентов процентов процентов процентов процентов процентов процентов процентов процентов процентов процентов процентов процентов процентов процентов процентов процентов процентов процентов процентов процентов процентов процентов процентов процентов процентов процентов процентов процентов процентов процентов", "numeric_answer": null, "relative_error": null, "thinking_text": null, "has_tool_call": false, "tool_call": null, "usage": {"prompt_tokens": 238, "completion_tokens": 256, "total_tokens": 494, "token_count_source": "tokenizer"}, "decoding": {"temperature": 0.2, "top_p": null, "top_k": null, "max_tokens": 256, "seed": 42}, "prompt_tokens": 238, "completion_tokens": 256, "total_tokens": 494, "token_count_source": "tokenizer", "diffusion_steps": null, "flops_estimate": null, "flops_arch": null, "flops_model_params": null, "flops_active_params": null, "tokens_non_final": 254, "tokens_reasoning": 0, "tokens_response": 254, "elapsed_seconds": 18.72821617126465, "judgement": "Uncategorized"}
{"id": "discounts_001303", "topic": "discounts", "subtopic": "buy_n_get_m", "prompt": "Buy 3 get 1 free on items priced $5.20 each. You take 7 total. About how much do you pay?", "exact_value": 31.2, "model": "tiiuae/Falcon-H1-7B-Instruct", "provider": "transformers", "response": "альными расчетами согласно условия kompensирует насколько возможно согласно приведенным правилальным расчетальным путем согласно приведенным правилальным путем согласно приведенным правилальным путем согласно приведенным правилальным путем согласно приведенным правилальным путем согласно приведенным правилальным путем согласно приведенным правилальным путем согласно приведенным правилальным путем согласно приведенным правилальным путем согласно приведенным правилальным путем согласно приведенным правилальным путем согласно приведенным правилальным путем согласно приведенным правилальным путем согласно приведенным правилальным путем согласно приведенным правилальным путем согласно приведенным правилальным путем согласно приведенным правилальным путем согласно приведенным правилальным путем согласно приведенным правилальным путем согласно приведенным правилальным путем согласно приведенным правилальным путем согласно приведенным правилальным путем согласно приведенным правилальным путем согласно приведенным правилальным путем согласно приведенным правилальным путем согласно приведенным правилальным путем согласно приведенным правилальным путем согласно приведенным правилальным путем согласно приведенным правилальным путем согласно приведенным правилальным путем согласно приведенным правилальным путем согласно приведенным правилальным путем согласно приведенным правилальным путем согласно приведенным правилальным путем согласно приведенным правилальным путем согласно приведенным правилальным путем согласно приведенным правилальным путем согласно приведенным правилальным путем согласно приведенным правилальным путем согласно приведенным правилальным путем согласно приведенным правилальным", "numeric_answer": null, "relative_error": null, "thinking_text": null, "has_tool_call": false, "tool_call": null, "usage": {"prompt_tokens": 192, "completion_tokens": 256, "total_tokens": 448, "token_count_source": "tokenizer"}, "decoding": {"temperature": 0.2, "top_p": null, "top_k": null, "max_tokens": 256, "seed": 42}, "prompt_tokens": 192, "completion_tokens": 256, "total_tokens": 448, "token_count_source": "tokenizer", "diffusion_steps": null, "flops_estimate": null, "flops_arch": null, "flops_model_params": null, "flops_active_params": null, "tokens_non_final": 171, "tokens_reasoning": 0, "tokens_response": 171, "elapsed_seconds": 18.701791048049927, "judgement": "Uncategorized"}
{"id": "discounts_001323", "topic": "discounts", "subtopic": "buy_n_get_m", "prompt": "Buy 5 get 2 free on items priced $6.90 each. You take 7 total. About how much do you pay?", "exact_value": 34.5, "model": "tiiuae/Falcon-H1-7B-Instruct", "provider": "transformers", "response": "альными расчетами согласно правилам насколько возможно приближенно получаются следующее значение насколько возможно приближенно согласно условия kompensирует скидку насколько возможно насколько возможно насколько возможно насколько насколько насколько насколько насколько насколько насколько насколько насколько насколько насколько насколько насколько насколько насколько насколько насколько насколько насколько насколько насколько насколько насколько насколько насколько насколько насколько насколько насколько насколько насколько насколько насколько насколько насколько насколько насколько насколько насколько насколько насколько насколько насколько насколько насколько насколько насколько насколько насколько насколько насколько насколько насколько насколько насколько насколько насколько насколько насколько насколько насколько насколько насколько насколько насколько насколько насколько насколько насколько насколько насколько насколько насколько насколько насколько насколько насколько насколько насколько насколько насколько насколько насколько насколько насколько насколько насколько насколько насколько насколько насколько насколько насколько насколько насколько насколько насколько насколько насколько насколько насколько насколько насколько насколько насколько насколько насколько насколько насколько насколько насколько насколько насколько насколько насколько насколько насколько насколько насколько насколько насколько насколько насколько насколько насколько насколько насколько насколько насколько насколько насколько насколько насколько насколько насколько насколько насколько насколько насколько насколько насколько насколько насколько насколько насколько насколько насколько насколько насколько насколько насколько насколько насколько насколько насколько насколько насколько насколько насколько насколько насколько насколько насколько насколько насколько насколько насколько насколько насколько насколько насколько насколько насколько насколько насколько насколько насколько насколько насколько насколько насколько насколько насколько насколько насколько насколько насколько насколько насколько насколько насколько насколько насколько насколько насколько насколько насколько насколько насколько насколько насколько насколько насколько насколько насколько насколько насколько насколько насколько насколько насколько насколько насколько насколько насколько насколько насколько насколько насколько насколько насколько", "numeric_answer": null, "relative_error": null, "thinking_text": null, "has_tool_call": false, "tool_call": null, "usage": {"prompt_tokens": 192, "completion_tokens": 256, "total_tokens": 448, "token_count_source": "tokenizer"}, "decoding": {"temperature": 0.2, "top_p": null, "top_k": null, "max_tokens": 256, "seed": 42}, "prompt_tokens": 192, "completion_tokens": 256, "total_tokens": 448, "token_count_source": "tokenizer", "diffusion_steps": null, "flops_estimate": null, "flops_arch": null, "flops_model_params": null, "flops_active_params": null, "tokens_non_final": 244, "tokens_reasoning": 0, "tokens_response": 244, "elapsed_seconds": 18.65373969078064, "judgement": "Uncategorized"}
{"id": "discounts_001343", "topic": "discounts", "subtopic": "threshold", "prompt": "Threshold coupon applies: $5 off $30+ spend. Cart: $14.20, $6.64, $17.41, $15.16, $33.39. About how much do you pay?", "exact_value": 81.8, "model": "tiiuae/Falcon-H1-7B-Instruct", "provider": "transformers", "response": "альными расчетами согласно правилам насколько возможно приближенно получаем итоговую стоимость заказа насколько возможно насколько возможно насколько возможно насколько возможно насколько возможно насколько возможно насколько возможно насколько возможно насколько возможно насколько возможно насколько возможно насколько возможно насколько возможно насколько возможно насколько возможно насколько возможно насколько возможно насколько возможно насколько возможно насколько возможно насколько возможно насколько возможно насколько возможно насколько возможно насколько возможно насколько возможно насколько возможно насколько возможно насколько возможно насколько возможно насколько возможно насколько возможно насколько возможно насколько возможно насколько возможно насколько возможно насколько возможно насколько возможно насколько возможно насколько возможно насколько возможно насколько возможно насколько возможно насколько возможно насколько возможно насколько возможно насколько возможно насколько возможно насколько возможно насколько возможно насколько возможно насколько возможно насколько возможно насколько возможно насколько возможно насколько возможно насколько возможно насколько возможно насколько возможно насколько возможно насколько возможно насколько возможно насколько возможно насколько возможно насколько возможно насколько возможно насколько возможно насколько возможно насколько возможно насколько возможно насколько возможно насколько возможно насколько возможно насколько возможно насколько возможно насколько возможно насколько возможно насколько возможно насколько возможно насколько возможно насколько возможно насколько возможно насколько возможно насколько возможно насколько возможно насколько возможно насколько возможно насколько возможно насколько возможно насколько возможно насколько возможно насколько возможно насколько возможно насколько возможно насколько возможно насколько возможно насколько возможно насколько возможно насколько возможно насколько возможно насколько возможно насколько возможно насколько возможно насколько возможно насколько возможно насколько возможно насколько возможно насколько возможно насколько возможно насколько возможно насколько возможно насколько возможно насколько возможно насколько возможно насколько возможно насколько возможно насколько возможно насколько возможно насколько", "numeric_answer": null, "relative_error": null, "thinking_text": null, "has_tool_call": false, "tool_call": null, "usage": {"prompt_tokens": 224, "completion_tokens": 256, "total_tokens": 480, "token_count_source": "tokenizer"}, "decoding": {"temperature": 0.2, "top_p": null, "top_k": null, "max_tokens": 256, "seed": 42}, "prompt_tokens": 224, "completion_tokens": 256, "total_tokens": 480, "token_count_source": "tokenizer", "diffusion_steps": null, "flops_estimate": null, "flops_arch": null, "flops_model_params": null, "flops_active_params": null, "tokens_non_final": 248, "tokens_reasoning": 0, "tokens_response": 248, "elapsed_seconds": 18.664032220840454, "judgement": "Uncategorized"}
{"id": "discounts_001363", "topic": "discounts", "subtopic": "percent", "prompt": "Cart: $17.94, $48.32, $33.85. A 25% discount applies to everything. About how much do you pay?", "exact_value": 75.08, "model": "tiiuae/Falcon-H1-7B-Instruct", "provider": "transformers", "response": "альными расчетами получаются примерно следующие значения после применения с� процента скидированых процентов процентов процентов процентов процентов процентов процентов процентов процентов процентов процентов процентов процентов процентов процентов процентов процентов процентов процентов процентов процентов процентов процентов процентов процентов процентов процентов процентов процентов процентов процентов процентов процентов процентов процентов процентов процентов процентов процентов процентов процентов процентов процентов процентов процентов процентов процентов процентов процентов процентов процентов процентов процентов процентов процентов процентов процентов процентов процентов процентов процентов процентов процентов процентов процентов процентов процентов процентов процентов процентов процентов процентов процентов процентов процентов процентов процентов процентов процентов процентов процентов процентов процентов процентов процентов процентов процентов процентов процентов процентов процентов процентов процентов процентов процентов процентов процентов процентов процентов процентов процентов процентов процентов процентов процентов процентов процентов процентов процентов процентов процентов процентов процентов процентов процентов процентов процентов процентов процентов процентов процентов процентов процентов процентов процентов процентов процентов процентов процентов процентов процентов процентов процентов процентов процентов процентов процентов процентов процентов процентов процентов процентов процентов процентов процентов процентов процентов процентов процентов процентов процентов процентов процентов процентов процентов процентов процентов процентов процентов процентов процентов процентов процентов процентов процентов процентов процентов процентов процентов процентов процентов процентов процентов процентов процентов процентов процентов процентов процентов процентов процентов процентов процентов процентов процентов процентов процентов процентов процентов процентов процентов процентов процентов процентов процентов процентов процентов процентов процентов процентов процентов процентов процентов процентов процентов процентов процентов процентов процентов процентов процентов процентов процентов процентов процентов процентов процентов процентов процентов процентов процентов процентов процентов процентов процентов процентов процентов процентов процентов процентов процентов процентов процентов процентов процентов процентов процентов", "numeric_answer": null, "relative_error": null, "thinking_text": null, "has_tool_call": false, "tool_call": null, "usage": {"prompt_tokens": 204, "completion_tokens": 256, "total_tokens": 460, "token_count_source": "tokenizer"}, "decoding": {"temperature": 0.2, "top_p": null, "top_k": null, "max_tokens": 256, "seed": 42}, "prompt_tokens": 204, "completion_tokens": 256, "total_tokens": 460, "token_count_source": "tokenizer", "diffusion_steps": null, "flops_estimate": null, "flops_arch": null, "flops_model_params": null, "flops_active_params": null, "tokens_non_final": 248, "tokens_reasoning": 0, "tokens_response": 248, "elapsed_seconds": 18.471946239471436, "judgement": "Uncategorized"}
{"id": "discounts_001383", "topic": "discounts", "subtopic": "buy_n_get_m", "prompt": "Buy 5 get 2 free on items priced $2.51 each. You take 8 total. About how much do you pay?", "exact_value": 15.06, "model": "tiiuae/Falcon-H1-7B-Instruct", "provider": "transformers", "response": "альными расчетами согласно правилам насколько возможно приблизительно определяем итоговую стоимость согласно условия kompensируетаются путем получения двух kompensируетаются путем kompensируетаются kompensируетаются kompensируетаются kompensируетаются kompensируетаются kompensируетаются kompensируетаются kompensируетаются kompensируетаются kompensируетаются kompensируетаются kompensируетаются kompensируетаются kompensируетаются kompensируетаются kompensируетаются kompensируетаются kompensируетаются kompensируетаются kompensируетаются kompensируетаются kompensируетаются kompensируетаются kompensируетаются kompensируетаются kompensируетаются kompensируетаются kompensируетаются kompensируетаются kompensируетаются kompensируетаются kompensируетаются kompensируетаются kompensируетаются kompensируетаются kompensируетаются kompensируетаются kompensируетаются kompensируетаются kompensируетаются kompensируетаются kompensируетаются kompensируетаются kompensируетаются kompensируетаются kompensируетаются kompensируетаются kompensируетаются kompensируетаются kompensируетаются kompensируетаются kompensируетаются kompensируетаются kompensируетаются kompensируетаются kompensируетаются kompensируетаются kompensируетаются kompensируетаются kompensируетаются kompensируетаются kompensируетаются kompensируетаются kompensируетаются kompensируетаются kompensируетаются kompensируетаются kompensируетаются kompensируетаются kompensируетаются kompensируетаются kompensируетаются kompensируетаются kompensируетаются kompensируетаются kompensируетаются", "numeric_answer": null, "relative_error": null, "thinking_text": null, "has_tool_call": false, "tool_call": null, "usage": {"prompt_tokens": 192, "completion_tokens": 256, "total_tokens": 448, "token_count_source": "tokenizer"}, "decoding": {"temperature": 0.2, "top_p": null, "top_k": null, "max_tokens": 256, "seed": 42}, "prompt_tokens": 192, "completion_tokens": 256, "total_tokens": 448, "token_count_source": "tokenizer", "diffusion_steps": null, "flops_estimate": null, "flops_arch": null, "flops_model_params": null, "flops_active_params": null, "tokens_non_final": 94, "tokens_reasoning": 0, "tokens_response": 94, "elapsed_seconds": 18.513460397720337, "judgement": "Uncategorized"}
{"id": "discounts_001403", "topic": "discounts", "subtopic": "percent", "prompt": "Cart: $49.45, $5.75. A 15% discount applies to everything. About how much do you pay?", "exact_value": 46.92, "model": "tiiuae/Falcon-H1-7B-Instruct", "provider": "transformers", "response": "альными расчетами получаются примерно следующие значения процентов процентов процентов процентов процентов процентов процентов процентов процентов процентов процентов процентов процентов процентов процентов процентов процентов процентов процентов процентов процентов процентов процентов процентов процентов процентов процентов процентов процентов процентов процентов процентов процентов процентов процентов процентов процентов процентов процентов процентов процентов процентов процентов процентов процентов процентов процентов процентов процентов процентов процентов процентов процентов процентов процентов процентов процентов процентов процентов процентов процентов процентов процентов процентов процентов процентов процентов процентов процентов процентов процентов процентов процентов процентов процентов процентов процентов процентов процентов процентов процентов процентов процентов процентов процентов процентов процентов процентов процентов процентов процентов процентов процентов процентов процентов процентов процентов процентов процентов процентов процентов процентов процентов процентов процентов процентов процентов процентов процентов процентов процентов процентов процентов процентов процентов процентов процентов процентов процентов процентов процентов процентов процентов процентов процентов процентов процентов процентов процентов процентов процентов процентов процентов процентов процентов процентов процентов процентов процентов процентов процентов процентов процентов процентов процентов процентов процентов процентов процентов процентов процентов процентов процентов процентов процентов процентов процентов процентов процентов процентов процентов процентов процентов процентов процентов процентов процентов процентов процентов процентов процентов процентов процентов процентов процентов процентов процентов процентов процентов процентов процентов процентов процентов процентов процентов процентов процентов процентов процентов процентов процентов процентов процентов процентов процентов процентов процентов процентов процентов процентов процентов процентов процентов процентов процентов процентов процентов процентов процентов процентов процентов процентов процентов процентов процентов процентов процентов процентов процентов процентов процентов процентов процентов процентов процентов процентов процентов процентов процентов процентов процентов процентов процентов процентов процентов процентов процентов процентов процентов процентов процентов процентов процентов процентов процентов процентов", "numeric_answer": null, "relative_error": null, "thinking_text": null, "has_tool_call": false, "tool_call": null, "usage": {"prompt_tokens": 195, "completion_tokens": 256, "total_tokens": 451, "token_count_source": "tokenizer"}, "decoding": {"temperature": 0.2, "top_p": null, "top_k": null, "max_tokens": 256, "seed": 42}, "prompt_tokens": 195, "completion_tokens": 256, "total_tokens": 451, "token_count_source": "tokenizer", "diffusion_steps": null, "flops_estimate": null, "flops_arch": null, "flops_model_params": null, "flops_active_params": null, "tokens_non_final": 252, "tokens_reasoning": 0, "tokens_response": 252, "elapsed_seconds": 18.72739028930664, "judgement": "Uncategorized"}
{"id": "discounts_001423", "topic": "discounts", "subtopic": "stacked", "prompt": "Stacked deal: 15% off, then $5 coupon if you spend $30 or more. Cart: $19.07, $30.50, $14.10, $29.57, $24.48, $18.89. About how much do you pay?", "exact_value": 111.12, "model": "tiiuae/Falcon-H1-7B-Instruct", "provider": "transformers", "response": "�альное значение", "numeric_answer": null, "relative_error": null, "thinking_text": null, "has_tool_call": false, "tool_call": null, "usage": {"prompt_tokens": 243, "completion_tokens": 4, "total_tokens": 247, "token_count_source": "tokenizer"}, "decoding": {"temperature": 0.2, "top_p": null, "top_k": null, "max_tokens": 256, "seed": 42}, "prompt_tokens": 243, "completion_tokens": 4, "total_tokens": 247, "token_count_source": "tokenizer", "diffusion_steps": null, "flops_estimate": null, "flops_arch": null, "flops_model_params": null, "flops_active_params": null, "tokens_non_final": 2, "tokens_reasoning": 0, "tokens_response": 2, "elapsed_seconds": 0.32837820053100586, "judgement": "Uncategorized"}
{"id": "discounts_001443", "topic": "discounts", "subtopic": "threshold", "prompt": "Threshold coupon applies: $5 off $40+ spend. Cart: $30.27, $5.01, $32.89, $4.11. About how much do you pay?", "exact_value": 67.28, "model": "tiiuae/Falcon-H1-7B-Instruct", "provider": "transformers", "response": "альными расчетами согласно правилам насколько возможно приближенно получаются следующие значения процентов процентов процентов процентов процентов процентов процентов процентов процентов процентов процентов процентов процентов процентов процентов процентов процентов процентов процентов процентов процентов процентов процентов процентов процентов процентов процентов процентов процентов процентов процентов процентов процентов процентов процентов процентов процентов процентов процентов процентов процентов процентов процентов процентов процентов процентов процентов процентов процентов процентов процентов процентов процентов процентов процентов процентов процентов процентов процентов процентов процентов процентов процентов процентов процентов процентов процентов процентов процентов процентов процентов процентов процентов процентов процентов процентов процентов процентов процентов процентов процентов процентов процентов процентов процентов процентов процентов процентов процентов процентов процентов процентов процентов процентов процентов процентов процентов процентов процентов процентов процентов процентов процентов процентов процентов процентов процентов процентов процентов процентов процентов процентов процентов процентов процентов процентов процентов процентов процентов процентов процентов процентов процентов процентов процентов процентов процентов процентов процентов процентов процентов процентов процентов процентов процентов процентов процентов процентов процентов процентов процентов процентов процентов процентов процентов процентов процентов процентов процентов процентов процентов процентов процентов процентов процентов процентов процентов процентов процентов процентов процентов процентов процентов процентов процентов процентов процентов процентов процентов процентов процентов процентов процентов процентов процентов процентов процентов процентов процентов процентов процентов процентов процентов процентов процентов процентов процентов процентов процентов процентов процентов процентов процентов процентов процентов процентов процентов процентов процентов процентов процентов процентов процентов процентов процентов процентов процентов процентов процентов процентов процентов процентов процентов процентов процентов процентов процентов процентов процентов процентов процентов процентов процентов процентов процентов процентов процентов процентов процентов процентов процентов процентов процентов процентов процентов процентов процентов процентов процентов", "numeric_answer": null, "relative_error": null, "thinking_text": null, "has_tool_call": false, "tool_call": null, "usage": {"prompt_tokens": 215, "completion_tokens": 256, "total_tokens": 471, "token_count_source": "tokenizer"}, "decoding": {"temperature": 0.2, "top_p": null, "top_k": null, "max_tokens": 256, "seed": 42}, "prompt_tokens": 215, "completion_tokens": 256, "total_tokens": 471, "token_count_source": "tokenizer", "diffusion_steps": null, "flops_estimate": null, "flops_arch": null, "flops_model_params": null, "flops_active_params": null, "tokens_non_final": 249, "tokens_reasoning": 0, "tokens_response": 249, "elapsed_seconds": 18.61796259880066, "judgement": "Uncategorized"}
{"id": "discounts_001463", "topic": "discounts", "subtopic": "stacked", "prompt": "Stacked deal: 20% off, then $10 coupon if you spend $50 or more. Cart: $17.21, $5.84, $30.05. About how much do you pay?", "exact_value": 42.48, "model": "tiiuae/Falcon-H1-7B-Instruct", "provider": "transformers", "response": "остью избежишь сложений процентов насколько возможно насколько возможно насколько возможно насколько возможно насколько возможно насколько возможно насколько возможно насколько возможно насколько возможно насколько возможно насколько возможно насколько возможно насколько возможно насколько возможно насколько возможно насколько возможно насколько возможно насколько возможно насколько возможно насколько возможно насколько возможно насколько возможно насколько возможно насколько возможно насколько возможно насколько возможно насколько возможно насколько возможно насколько возможно насколько возможно насколько возможно насколько возможно насколько возможно насколько возможно насколько возможно насколько возможно насколько возможно насколько возможно насколько возможно насколько возможно насколько возможно насколько возможно насколько возможно насколько возможно насколько возможно насколько возможно насколько возможно насколько возможно насколько возможно насколько возможно насколько возможно насколько возможно насколько возможно насколько возможно насколько возможно насколько возможно насколько возможно насколько возможно насколько возможно насколько возможно насколько возможно насколько возможно насколько возможно насколько возможно насколько возможно насколько возможно насколько возможно насколько возможно насколько возможно насколько возможно насколько возможно насколько возможно насколько возможно насколько возможно насколько возможно насколько возможно насколько возможно насколько возможно насколько возможно насколько возможно насколько возможно насколько возможно насколько возможно насколько возможно насколько возможно насколько возможно насколько возможно насколько возможно насколько возможно насколько возможно насколько возможно насколько возможно насколько возможно насколько возможно насколько возможно насколько возможно насколько возможно насколько возможно насколько возможно насколько возможно насколько возможно насколько возможно насколько возможно насколько возможно насколько возможно насколько возможно насколько возможно насколько возможно насколько возможно насколько возможно насколько возможно насколько возможно насколько возможно насколько возможно насколько возможно насколько возможно насколько возможно насколько возможно насколько возможно насколько возможно насколько возможно насколько возможно насколько возможно насколько возможно насколько возможно", "numeric_answer": null, "relative_error": null, "thinking_text": null, "has_tool_call": false, "tool_call": null, "usage": {"prompt_tokens": 219, "completion_tokens": 256, "total_tokens": 475, "token_count_source": "tokenizer"}, "decoding": {"temperature": 0.2, "top_p": null, "top_k": null, "max_tokens": 256, "seed": 42}, "prompt_tokens": 219, "completion_tokens": 256, "total_tokens": 475, "token_count_source": "tokenizer", "diffusion_steps": null, "flops_estimate": null, "flops_arch": null, "flops_model_params": null, "flops_active_params": null, "tokens_non_final": 254, "tokens_reasoning": 0, "tokens_response": 254, "elapsed_seconds": 18.508514404296875, "judgement": "Uncategorized"}
{"id": "discounts_001483", "topic": "discounts", "subtopic": "stacked", "prompt": "Stacked deal: 20% off, then $5 coupon if you spend $40 or more. Cart: $7.98, $13.08, $39.62, $23.53, $7.04, $16.41. About how much do you pay?", "exact_value": 81.13, "model": "tiiuae/Falcon-H1-7B-Instruct", "provider": "transformers", "response": "остью насколько возможно насколько возможно насколько насколько насколько насколько насколько насколько насколько насколько насколько насколько насколько насколько насколько насколько насколько насколько насколько насколько насколько насколько насколько насколько насколько насколько насколько насколько насколько насколько насколько насколько насколько насколько насколько насколько насколько насколько насколько насколько насколько насколько насколько насколько насколько насколько насколько насколько насколько насколько насколько насколько насколько насколько насколько насколько насколько насколько насколько насколько насколько насколько насколько насколько насколько насколько насколько насколько насколько насколько насколько насколько насколько насколько насколько насколько насколько насколько насколько насколько насколько насколько насколько насколько насколько насколько насколько насколько насколько насколько насколько насколько насколько насколько насколько насколько насколько насколько насколько насколько насколько насколько насколько насколько насколько насколько насколько насколько насколько насколько насколько насколько насколько насколько насколько насколько насколько насколько насколько насколько насколько насколько насколько насколько насколько насколько насколько насколько насколько насколько насколько насколько насколько насколько насколько насколько насколько насколько насколько насколько насколько насколько насколько насколько насколько насколько насколько насколько насколько насколько насколько насколько насколько насколько насколько насколько насколько насколько насколько насколько насколько насколько насколько насколько насколько насколько насколько насколько насколько насколько насколько насколько насколько насколько насколько насколько насколько насколько насколько насколько насколько насколько насколько насколько насколько насколько насколько насколько насколько насколько насколько насколько насколько насколько насколько насколько насколько насколько насколько насколько насколько насколько насколько насколько насколько насколько насколько насколько насколько насколько насколько насколько насколько насколько насколько насколько насколько насколько насколько насколько насколько насколько насколько насколько насколько насколько насколько насколько насколько насколько насколько насколько насколько насколько насколько насколько насколько насколько насколько насколько насколько насколько насколько насколько насколько насколько насколько насколько насколько насколько насколько насколько насколько", "numeric_answer": null, "relative_error": null, "thinking_text": null, "has_tool_call": false, "tool_call": null, "usage": {"prompt_tokens": 241, "completion_tokens": 256, "total_tokens": 497, "token_count_source": "tokenizer"}, "decoding": {"temperature": 0.2, "top_p": null, "top_k": null, "max_tokens": 256, "seed": 42}, "prompt_tokens": 241, "completion_tokens": 256, "total_tokens": 497, "token_count_source": "tokenizer", "diffusion_steps": null, "flops_estimate": null, "flops_arch": null, "flops_model_params": null, "flops_active_params": null, "tokens_non_final": 256, "tokens_reasoning": 0, "tokens_response": 256, "elapsed_seconds": 18.435879707336426, "judgement": "Uncategorized"}
{"id": "discounts_001503", "topic": "discounts", "subtopic": "stacked", "prompt": "Stacked deal: 15% off, then $10 coupon if you spend $30 or more. Cart: $5.05, $35.87, $13.37, $20.23, $19.52, $14.94. About how much do you pay?", "exact_value": 82.63, "model": "tiiuae/Falcon-H1-7B-Instruct", "provider": "transformers", "response": "�альное решение путем приближенной оценки согласно правилам", "numeric_answer": null, "relative_error": null, "thinking_text": null, "has_tool_call": false, "tool_call": null, "usage": {"prompt_tokens": 243, "completion_tokens": 12, "total_tokens": 255, "token_count_source": "tokenizer"}, "decoding": {"temperature": 0.2, "top_p": null, "top_k": null, "max_tokens": 256, "seed": 42}, "prompt_tokens": 243, "completion_tokens": 12, "total_tokens": 255, "token_count_source": "tokenizer", "diffusion_steps": null, "flops_estimate": null, "flops_arch": null, "flops_model_params": null, "flops_active_params": null, "tokens_non_final": 7, "tokens_reasoning": 0, "tokens_response": 7, "elapsed_seconds": 0.9035522937774658, "judgement": "Uncategorized"}
{"id": "discounts_001523", "topic": "discounts", "subtopic": "percent", "prompt": "Cart: $17.62, $17.49. A 25% discount applies to everything. About how much do you pay?", "exact_value": 26.33, "model": "tiiuae/Falcon-H1-7B-Instruct", "provider": "transformers", "response": "альными расчетами путем округления процентов до процентов процентов процентов процентов процентов процентов процентов процентов процентов процентов процентов процентов процентов процентов процентов процентов процентов процентов процентов процентов процентов процентов процентов процентов процентов процентов процентов процентов процентов процентов процентов процентов процентов процентов процентов процентов процентов процентов процентов процентов процентов процентов процентов процентов процентов процентов процентов процентов процентов процентов процентов процентов процентов процентов процентов процентов процентов процентов процентов процентов процентов процентов процентов процентов процентов процентов процентов процентов процентов процентов процентов процентов процентов процентов процентов процентов процентов процентов процентов процентов процентов процентов процентов процентов процентов процентов процентов процентов процентов процентов процентов процентов процентов процентов процентов процентов процентов процентов процентов процентов процентов процентов процентов процентов процентов процентов процентов процентов процентов процентов процентов процентов процентов процентов процентов процентов процентов процентов процентов процентов процентов процентов процентов процентов процентов процентов процентов процентов процентов процентов процентов процентов процентов процентов процентов процентов процентов процентов процентов процентов процентов процентов процентов процентов процентов процентов процентов процентов процентов процентов процентов процентов процентов процентов процентов процентов процентов процентов процентов процентов процентов процентов процентов процентов процентов процентов процентов процентов процентов процентов процентов процентов процентов процентов процентов процентов процентов процентов процентов процентов процентов процентов процентов процентов процентов процентов процентов процентов процентов процентов процентов процентов процентов процентов процентов процентов процентов процентов процентов процентов процентов процентов процентов процентов процентов процентов процентов процентов процентов процентов процентов процентов процентов процентов процентов процентов процентов процентов процентов процентов процентов процентов процентов процентов процентов процентов процентов процентов процентов процентов процентов процентов процентов процентов процентов процентов процентов процентов процентов процентов процентов процентов процентов процентов процентов процентов процентов процентов", "numeric_answer": null, "relative_error": null, "thinking_text": null, "has_tool_call": false, "tool_call": null, "usage": {"prompt_tokens": 196, "completion_tokens": 256, "total_tokens": 452, "token_count_source": "tokenizer"}, "decoding": {"temperature": 0.2, "top_p": null, "top_k": null, "max_tokens": 256, "seed": 42}, "prompt_tokens": 196, "completion_tokens": 256, "total_tokens": 452, "token_count_source": "tokenizer", "diffusion_steps": null, "flops_estimate": null, "flops_arch": null, "flops_model_params": null, "flops_active_params": null, "tokens_non_final": 254, "tokens_reasoning": 0, "tokens_response": 254, "elapsed_seconds": 18.49004340171814, "judgement": "Uncategorized"}
{"id": "discounts_001543", "topic": "discounts", "subtopic": "percent", "prompt": "Cart: $41.40, $12.55, $25.87, $24.13. A 10% discount applies to everything. About how much do you pay?", "exact_value": 93.56, "model": "tiiuae/Falcon-H1-7B-Instruct", "provider": "transformers", "response": "альными числами процентов процентов процентов процентов процентов процентов процентов процентов процентов процентов процентов процентов процентов процентов процентов процентов процентов процентов процентов процентов процентов процентов процентов процентов процентов процентов процентов процентов процентов процентов процентов процентов процентов процентов процентов процентов процентов процентов процентов процентов процентов процентов процентов процентов процентов процентов процентов процентов процентов процентов процентов процентов процентов процентов процентов процентов процентов процентов процентов процентов процентов процентов процентов процентов процентов процентов процентов процентов процентов процентов процентов процентов процентов процентов процентов процентов процентов процентов процентов процентов процентов процентов процентов процентов процентов процентов процентов процентов процентов процентов процентов процентов процентов процентов процентов процентов процентов процентов процентов процентов процентов процентов процентов процентов процентов процентов процентов процентов процентов процентов процентов процентов процентов процентов процентов процентов процентов процентов процентов процентов процентов процентов процентов процентов процентов процентов процентов процентов процентов процентов процентов процентов процентов процентов процентов процентов процентов процентов процентов процентов процентов процентов процентов процентов процентов процентов процентов процентов процентов процентов процентов процентов процентов процентов процентов процентов процентов процентов процентов процентов процентов процентов процентов процентов процентов процентов процентов процентов процентов процентов процентов процентов процентов процентов процентов процентов процентов процентов процентов процентов процентов процентов процентов процентов процентов процентов процентов процентов процентов процентов процентов процентов процентов процентов процентов процентов процентов процентов процентов процентов процентов процентов процентов процентов процентов процентов процентов процентов процентов процентов процентов процентов процентов процентов процентов процентов процентов процентов процентов процентов процентов процентов процентов процентов процентов процентов процентов процентов процентов процентов процентов процентов процентов процентов процентов процентов процентов процентов процентов процентов процентов процентов процентов процентов процентов процентов процентов процентов процентов процентов процентов процентов процентов", "numeric_answer": null, "relative_error": null, "thinking_text": null, "has_tool_call": false, "tool_call": null, "usage": {"prompt_tokens": 212, "completion_tokens": 256, "total_tokens": 468, "token_count_source": "tokenizer"}, "decoding": {"temperature": 0.2, "top_p": null, "top_k": null, "max_tokens": 256, "seed": 42}, "prompt_tokens": 212, "completion_tokens": 256, "total_tokens": 468, "token_count_source": "tokenizer", "diffusion_steps": null, "flops_estimate": null, "flops_arch": null, "flops_model_params": null, "flops_active_params": null, "tokens_non_final": 255, "tokens_reasoning": 0, "tokens_response": 255, "elapsed_seconds": 18.596656560897827, "judgement": "Uncategorized"}
{"id": "discounts_001563", "topic": "discounts", "subtopic": "buy_n_get_m", "prompt": "Buy 5 get 2 free on items priced $6.56 each. You take 13 total. About how much do you pay?", "exact_value": 65.6, "model": "tiiuae/Falcon-H1-7B-Instruct", "provider": "transformers", "response": "альными расчетами согласно условия kompensирует скидку путем округления процентов процентов процентов процентов процентов процентов процентов процентов процентов процентов процентов процентов процентов процентов процентов процентов процентов процентов процентов процентов процентов процентов процентов процентов процентов процентов процентов процентов процентов процентов процентов процентов процентов процентов процентов процентов процентов процентов процентов процентов процентов процентов процентов процентов процентов процентов процентов процентов процентов процентов процентов процентов процентов процентов процентов процентов процентов процентов процентов процентов процентов процентов процентов процентов процентов процентов процентов процентов процентов процентов процентов процентов процентов процентов процентов процентов процентов процентов процентов процентов процентов процентов процентов процентов процентов процентов процентов процентов процентов процентов процентов процентов процентов процентов процентов процентов процентов процентов процентов процентов процентов процентов процентов процентов процентов процентов процентов процентов процентов процентов процентов процентов процентов процентов процентов процентов процентов процентов процентов процентов процентов процентов процентов процентов процентов процентов процентов процентов процентов процентов процентов процентов процентов процентов процентов процентов процентов процентов процентов процентов процентов процентов процентов процентов процентов процентов процентов процентов процентов процентов процентов процентов процентов процентов процентов процентов процентов процентов процентов процентов процентов процентов процентов процентов процентов процентов процентов процентов процентов процентов процентов процентов процентов процентов процентов процентов процентов процентов процентов процентов процентов процентов процентов процентов процентов процентов процентов процентов процентов процентов процентов процентов процентов процентов процентов процентов процентов процентов процентов процентов процентов процентов процентов процентов процентов процентов процентов процентов процентов процентов процентов процентов процентов процентов процентов процентов процентов процентов процентов процентов процентов процентов процентов процентов процентов процентов процентов процентов процентов процентов процентов процентов процентов процентов процентов процентов процентов процентов процентов процентов процентов процентов процентов", "numeric_answer": null, "relative_error": null, "thinking_text": null, "has_tool_call": false, "tool_call": null, "usage": {"prompt_tokens": 193, "completion_tokens": 256, "total_tokens": 449, "token_count_source": "tokenizer"}, "decoding": {"temperature": 0.2, "top_p": null, "top_k": null, "max_tokens": 256, "seed": 42}, "prompt_tokens": 193, "completion_tokens": 256, "total_tokens": 449, "token_count_source": "tokenizer", "diffusion_steps": null, "flops_estimate": null, "flops_arch": null, "flops_model_params": null, "flops_active_params": null, "tokens_non_final": 251, "tokens_reasoning": 0, "tokens_response": 251, "elapsed_seconds": 18.86651849746704, "judgement": "Uncategorized"}
{"id": "discounts_001583", "topic": "discounts", "subtopic": "percent", "prompt": "Cart: $16.59, $10.20. A 25% discount applies to everything. About how much do you pay?", "exact_value": 20.09, "model": "tiiuae/Falcon-H1-7B-Instruct", "provider": "transformers", "response": "альными расчетами процентов процентов процентов процентов процентов процентов процентов процентов процентов процентов процентов процентов процентов процентов процентов процентов процентов процентов процентов процентов процентов процентов процентов процентов процентов процентов процентов процентов процентов процентов процентов процентов процентов процентов процентов процентов процентов процентов процентов процентов процентов процентов процентов процентов процентов процентов процентов процентов процентов процентов процентов процентов процентов процентов процентов процентов процентов процентов процентов процентов процентов процентов процентов процентов процентов процентов процентов процентов процентов процентов процентов процентов процентов процентов процентов процентов процентов процентов процентов процентов процентов процентов процентов процентов процентов процентов процентов процентов процентов процентов процентов процентов процентов процентов процентов процентов процентов процентов процентов процентов процентов процентов процентов процентов процентов процентов процентов процентов процентов процентов процентов процентов процентов процентов процентов процентов процентов процентов процентов процентов процентов процентов процентов процентов процентов процентов процентов процентов процентов процентов процентов процентов процентов процентов процентов процентов процентов процентов процентов процентов процентов процентов процентов процентов процентов процентов процентов процентов процентов процентов процентов процентов процентов процентов процентов процентов процентов процентов процентов процентов процентов процентов процентов процентов процентов процентов процентов процентов процентов процентов процентов процентов процентов процентов процентов процентов процентов процентов процентов процентов процентов процентов процентов процентов процентов процентов процентов процентов процентов процентов процентов процентов процентов процентов процентов процентов процентов процентов процентов процентов процентов процентов процентов процентов процентов процентов процентов процентов процентов процентов процентов процентов процентов процентов процентов процентов процентов процентов процентов процентов процентов процентов процентов процентов процентов процентов процентов процентов процентов процентов процентов процентов процентов процентов процентов процентов процентов процентов процентов процентов процентов процентов процентов процентов процентов процентов процентов процентов процентов процентов процентов процентов процентов", "numeric_answer": null, "relative_error": null, "thinking_text": null, "has_tool_call": false, "tool_call": null, "usage": {"prompt_tokens": 196, "completion_tokens": 256, "total_tokens": 452, "token_count_source": "tokenizer"}, "decoding": {"temperature": 0.2, "top_p": null, "top_k": null, "max_tokens": 256, "seed": 42}, "prompt_tokens": 196, "completion_tokens": 256, "total_tokens": 452, "token_count_source": "tokenizer", "diffusion_steps": null, "flops_estimate": null, "flops_arch": null, "flops_model_params": null, "flops_active_params": null, "tokens_non_final": 255, "tokens_reasoning": 0, "tokens_response": 255, "elapsed_seconds": 18.768441200256348, "judgement": "Uncategorized"}
{"id": "discounts_001603", "topic": "discounts", "subtopic": "stacked", "prompt": "Stacked deal: 15% off, then $5 coupon if you spend $40 or more. Cart: $30.66, $8.69, $10.48, $36.69, $30.92. About how much do you pay?", "exact_value": 94.82, "model": "tiiuae/Falcon-H1-7B-Instruct", "provider": "transformers", "response": "альными расчетами согласно правилам насколько возможно насколько возможно насколько возможно насколько возможно насколько возможно насколько возможно насколько возможно насколько возможно насколько возможно насколько возможно насколько возможно насколько возможно насколько возможно насколько возможно насколько возможно насколько возможно насколько возможно насколько возможно насколько возможно насколько возможно насколько возможно насколько возможно насколько возможно насколько возможно насколько возможно насколько возможно насколько возможно насколько возможно насколько возможно насколько возможно насколько возможно насколько возможно насколько возможно насколько возможно насколько возможно насколько возможно насколько возможно насколько возможно насколько возможно насколько возможно насколько возможно насколько возможно насколько возможно насколько возможно насколько возможно насколько возможно насколько возможно насколько возможно насколько возможно насколько возможно насколько возможно насколько возможно насколько возможно насколько возможно насколько возможно насколько возможно насколько возможно насколько возможно насколько возможно насколько возможно насколько возможно насколько возможно насколько возможно насколько возможно насколько возможно насколько возможно насколько возможно насколько возможно насколько возможно насколько возможно насколько возможно насколько возможно насколько возможно насколько возможно насколько возможно насколько возможно насколько возможно насколько возможно насколько возможно насколько возможно насколько возможно насколько возможно насколько возможно насколько возможно насколько возможно насколько возможно насколько возможно насколько возможно насколько возможно насколько возможно насколько возможно насколько возможно насколько возможно насколько возможно насколько возможно насколько возможно насколько возможно насколько возможно насколько возможно насколько возможно насколько возможно насколько возможно насколько возможно насколько возможно насколько возможно насколько возможно насколько возможно насколько возможно насколько возможно насколько возможно насколько возможно насколько возможно насколько возможно насколько возможно насколько возможно насколько возможно насколько возможно насколько возможно насколько возможно насколько возможно насколько возможно насколько возможно насколько возможно насколько возможно насколько возможно", "numeric_answer": null, "relative_error": null, "thinking_text": null, "has_tool_call": false, "tool_call": null, "usage": {"prompt_tokens": 234, "completion_tokens": 256, "total_tokens": 490, "token_count_source": "tokenizer"}, "decoding": {"temperature": 0.2, "top_p": null, "top_k": null, "max_tokens": 256, "seed": 42}, "prompt_tokens": 234, "completion_tokens": 256, "total_tokens": 490, "token_count_source": "tokenizer", "diffusion_steps": null, "flops_estimate": null, "flops_arch": null, "flops_model_params": null, "flops_active_params": null, "tokens_non_final": 254, "tokens_reasoning": 0, "tokens_response": 254, "elapsed_seconds": 18.714812994003296, "judgement": "Uncategorized"}
{"id": "discounts_001623", "topic": "discounts", "subtopic": "threshold", "prompt": "Threshold coupon applies: $15 off $25+ spend. Cart: $27.63, $11.37, $28.67, $23.20, $7.60. About how much do you pay?", "exact_value": 83.47, "model": "tiiuae/Falcon-H1-7B-Instruct", "provider": "transformers", "response": "альными расчетами согласно правилам насколько возможно приблизительно определяем итоговую сумму оплаты согласно условия kompensации процентов путем применения промоционного купона согласно приведенным данным о содержании корзины путем приближенной суммы процентов kompensации процентов путем применения промоционного kompensации процентов путем применения kompensации процентов kompensации процентов kompensации kompensации kompensации kompensации kompensации kompensации kompensации kompensации kompensации kompensации kompensации kompensации kompensации kompensации kompensации kompensации kompensации kompensации kompensации kompensации kompensации kompensации kompensации kompensации kompensации kompensации kompensации kompensации kompensации kompensации kompensации kompensации kompensации kompensации kompensации kompensации kompensации kompensации kompensации kompensации kompensации kompensации kompensации kompensации kompensации kompensации kompensации kompensации kompensации kompensации kompensации kompensации kompensации kompensации kompensации kompensации kompensации kompensации kompensации kompensации kompensации kompensации kompensации kompensации kompensации kompensации kompensации kompensации kompensации kompensации kompensации kompensации kompensации kompensации kompensации kompensации kompensации kompensации kompensации kompensации kompensации kompensации kompensации kompensации kompensации kompensации kompensации kompensации kompensации kompensации kompensации kompensации kompensации kompensации kompensации kompens", "numeric_answer": null, "relative_error": null, "thinking_text": null, "has_tool_call": false, "tool_call": null, "usage": {"prompt_tokens": 225, "completion_tokens": 256, "total_tokens": 481, "token_count_source": "tokenizer"}, "decoding": {"temperature": 0.2, "top_p": null, "top_k": null, "max_tokens": 256, "seed": 42}, "prompt_tokens": 225, "completion_tokens": 256, "total_tokens": 481, "token_count_source": "tokenizer", "diffusion_steps": null, "flops_estimate": null, "flops_arch": null, "flops_model_params": null, "flops_active_params": null, "tokens_non_final": 138, "tokens_reasoning": 0, "tokens_response": 138, "elapsed_seconds": 18.775426149368286, "judgement": "Uncategorized"}
{"id": "discounts_001643", "topic": "discounts", "subtopic": "percent", "prompt": "Cart: $6.86, $18.76, $18.57. A 25% discount applies to everything. About how much do you pay?", "exact_value": 33.14, "model": "tiiuae/Falcon-H1-7B-Instruct", "provider": "transformers", "response": "альными расчетами согласно правилам насколько возможно насколько возможно насколько возможно насколько возможно насколько возможно насколько возможно насколько возможно насколько возможно насколько возможно насколько возможно насколько возможно насколько возможно насколько возможно насколько возможно насколько возможно насколько возможно насколько возможно насколько возможно насколько возможно насколько возможно насколько возможно насколько возможно насколько возможно насколько возможно насколько возможно насколько возможно насколько возможно насколько возможно насколько возможно насколько возможно насколько возможно насколько возможно насколько возможно насколько возможно насколько возможно насколько возможно насколько возможно насколько возможно насколько возможно насколько возможно насколько возможно насколько возможно насколько возможно насколько возможно насколько возможно насколько возможно насколько возможно насколько возможно насколько возможно насколько возможно насколько возможно насколько возможно насколько возможно насколько возможно насколько возможно насколько возможно насколько возможно насколько возможно насколько возможно насколько возможно насколько возможно насколько возможно насколько возможно насколько возможно насколько возможно насколько возможно насколько возможно насколько возможно насколько возможно насколько возможно насколько возможно насколько возможно насколько возможно насколько возможно насколько возможно насколько возможно насколько возможно насколько возможно насколько возможно насколько возможно насколько возможно насколько возможно насколько возможно насколько возможно насколько возможно насколько возможно насколько возможно насколько возможно насколько возможно насколько возможно насколько возможно насколько возможно насколько возможно насколько возможно насколько возможно насколько возможно насколько возможно насколько возможно насколько возможно насколько возможно насколько возможно насколько возможно насколько возможно насколько возможно насколько возможно насколько возможно насколько возможно насколько возможно насколько возможно насколько возможно насколько возможно насколько возможно насколько возможно насколько возможно насколько возможно насколько возможно насколько возможно насколько возможно насколько возможно насколько возможно насколько возможно насколько возможно насколько возможно насколько возможно насколько возможно", "numeric_answer": null, "relative_error": null, "thinking_text": null, "has_tool_call": false, "tool_call": null, "usage": {"prompt_tokens": 203, "completion_tokens": 256, "total_tokens": 459, "token_count_source": "tokenizer"}, "decoding": {"temperature": 0.2, "top_p": null, "top_k": null, "max_tokens": 256, "seed": 42}, "prompt_tokens": 203, "completion_tokens": 256, "total_tokens": 459, "token_count_source": "tokenizer", "diffusion_steps": null, "flops_estimate": null, "flops_arch": null, "flops_model_params": null, "flops_active_params": null, "tokens_non_final": 254, "tokens_reasoning": 0, "tokens_response": 254, "elapsed_seconds": 18.696847438812256, "judgement": "Uncategorized"}
{"id": "discounts_001663", "topic": "discounts", "subtopic": "percent", "prompt": "Cart: $12.12, $48.45, $47.34, $46.59. A 15% discount applies to everything. About how much do you pay?", "exact_value": 131.33, "model": "tiiuae/Falcon-H1-7B-Instruct", "provider": "transformers", "response": "альными ценами соответственноаются примерно насколько процентов процентов процентов процентов процентов процентов процентов процентов процентов процентов процентов процентов процентов процентов процентов процентов процентов процентов процентов процентов процентов процентов процентов процентов процентов процентов процентов процентов процентов процентов процентов процентов процентов процентов процентов процентов процентов процентов процентов процентов процентов процентов процентов процентов процентов процентов процентов процентов процентов процентов процентов процентов процентов процентов процентов процентов процентов процентов процентов процентов процентов процентов процентов процентов процентов процентов процентов процентов процентов процентов процентов процентов процентов процентов процентов процентов процентов процентов процентов процентов процентов процентов процентов процентов процентов процентов процентов процентов процентов процентов процентов процентов процентов процентов процентов процентов процентов процентов процентов процентов процентов процентов процентов процентов процентов процентов процентов процентов процентов процентов процентов процентов процентов процентов процентов процентов процентов процентов процентов процентов процентов процентов процентов процентов процентов процентов процентов процентов процентов процентов процентов процентов процентов процентов процентов процентов процентов процентов процентов процентов процентов процентов процентов процентов процентов процентов процентов процентов процентов процентов процентов процентов процентов процентов процентов процентов процентов процентов процентов процентов процентов процентов процентов процентов процентов процентов процентов процентов процентов процентов процентов процентов процентов процентов процентов процентов процентов процентов процентов процентов процентов процентов процентов процентов процентов процентов процентов процентов процентов процентов процентов процентов процентов процентов процентов процентов процентов процентов процентов процентов процентов процентов процентов процентов процентов процентов процентов процентов процентов процентов процентов процентов процентов процентов процентов процентов процентов процентов процентов процентов процентов процентов процентов процентов процентов процентов процентов процентов процентов процентов процентов процентов процентов процентов процентов процентов процентов процентов процентов процентов процентов процентов процентов процентов процентов процентов процентов процентов процентов", "numeric_answer": null, "relative_error": null, "thinking_text": null, "has_tool_call": false, "tool_call": null, "usage": {"prompt_tokens": 212, "completion_tokens": 256, "total_tokens": 468, "token_count_source": "tokenizer"}, "decoding": {"temperature": 0.2, "top_p": null, "top_k": null, "max_tokens": 256, "seed": 42}, "prompt_tokens": 212, "completion_tokens": 256, "total_tokens": 468, "token_count_source": "tokenizer", "diffusion_steps": null, "flops_estimate": null, "flops_arch": null, "flops_model_params": null, "flops_active_params": null, "tokens_non_final": 254, "tokens_reasoning": 0, "tokens_response": 254, "elapsed_seconds": 18.46389126777649, "judgement": "Uncategorized"}
{"id": "discounts_001683", "topic": "discounts", "subtopic": "threshold", "prompt": "Threshold coupon applies: $10 off $50+ spend. Cart: $26.16, $9.78, $26.05, $18.31, $13.69. About how much do you pay?", "exact_value": 83.99, "model": "tiiuae/Falcon-H1-7B-Instruct", "provider": "transformers", "response": "альными расчетами согласно правилам примерно получаются следующие суммы после округленияposten kompensieren würdenациюposten kompensieren würden согласно условия kompensieren würden согласно kompensieren würden kompensieren würden kompensieren kompensieren würden kompensieren kompensieren würden kompensieren kompensieren würden kompensieren kompensieren würden kompensieren kompensieren würden kompensieren kompensieren würden kompensieren kompensieren würden kompensieren kompensieren würden kompensieren kompensieren würden kompensieren kompensieren würden kompensieren kompensieren würden kompensieren kompensieren würden kompensieren kompensieren würden kompensieren kompensieren würden kompensieren kompensieren würden kompensieren kompensieren würden kompensieren kompensieren würden kompensieren kompensieren würden kompensieren kompensieren würden kompensieren kompensieren würden kompensieren kompensieren würden kompensieren kompensieren würden kompensieren kompensieren würden kompensieren kompensieren würden kompensieren kompensieren würden kompensieren kompensieren würden kompensieren kompensieren würden kompensieren kompensieren würden kompensieren kompensieren würden kompensieren kompensieren würden kompensieren kompensieren würden kompensieren kompensieren würden kompensieren kompensieren würden kompensieren kompensieren würden kompensieren kompensieren würden kompensieren kompensieren würden kompensieren kompensieren würden kompensieren kompensieren würden kompensieren kompensieren würden kompensieren kompensieren würden kompensieren kompensieren würden kompensieren kompensieren würden kompensieren kompensieren würden kompensieren kompensieren", "numeric_answer": null, "relative_error": null, "thinking_text": null, "has_tool_call": false, "tool_call": null, "usage": {"prompt_tokens": 225, "completion_tokens": 256, "total_tokens": 481, "token_count_source": "tokenizer"}, "decoding": {"temperature": 0.2, "top_p": null, "top_k": null, "max_tokens": 256, "seed": 42}, "prompt_tokens": 225, "completion_tokens": 256, "total_tokens": 481, "token_count_source": "tokenizer", "diffusion_steps": null, "flops_estimate": null, "flops_arch": null, "flops_model_params": null, "flops_active_params": null, "tokens_non_final": 154, "tokens_reasoning": 0, "tokens_response": 154, "elapsed_seconds": 18.431886911392212, "judgement": "Uncategorized"}
{"id": "discounts_001703", "topic": "discounts", "subtopic": "percent", "prompt": "Cart: $19.62, $31.18, $3.11, $24.12. A 30% discount applies to everything. About how much do you pay?", "exact_value": 54.62, "model": "tiiuae/Falcon-H1-7B-Instruct", "provider": "transformers", "response": "�альное решение вместо точного счета согласно правилам задачи приведено ниже насколько это возможноальноально насколькоальноальноальноальноальноальноальноальноальноальноальноальноальноальноальноальноальноальноальноальноальноальноальноальноальноальноальноальноальноальноальноальноальноальноальноальноальноальноальноальноальноальноальноальноальноальноальноальноальноальноальноальноальноальноальноальноальноальноальноальноальноальноальноальноальноальноальноальноальноальноальноальноальноальноальноальноальноальноальноальноальноальноальноальноальноальноальноальноальноальноальноальноальноальноальноальноальноальноальноальноальноальноальноальноальноальноальноальноальноальноальноальноальноальноальноальноальноальноальноальноальноальноальноальноальноальноальноальноальноальноальноальноальноальноальноальноальноальноальноальноальноальноальноальноальноальноальноальноальноальноальноальноальноальноальноальноальноальноальноальноальноальноальноальноальноальноальноальноальноальноальноальноальноальноальноальноальноальноальноальноальноальноальноальноальноальноальноальноальноальноальноальноальноальноальноальноальноальноальноальноальноальноальноальноальноальноальноальноальноальноальноальноальноальноальноальноальноальноальноальноальноальноальноальноальноальноальноальноальноальноальноальноальноальноально", "numeric_answer": null, "relative_error": null, "thinking_text": null, "has_tool_call": false, "tool_call": null, "usage": {"prompt_tokens": 211, "completion_tokens": 256, "total_tokens": 467, "token_count_source": "tokenizer"}, "decoding": {"temperature": 0.2, "top_p": null, "top_k": null, "max_tokens": 256, "seed": 42}, "prompt_tokens": 211, "completion_tokens": 256, "total_tokens": 467, "token_count_source": "tokenizer", "diffusion_steps": null, "flops_estimate": null, "flops_arch": null, "flops_model_params": null, "flops_active_params": null, "tokens_non_final": 14, "tokens_reasoning": 0, "tokens_response": 14, "elapsed_seconds": 18.394665479660034, "judgement": "Uncategorized"}
{"id": "discounts_001723", "topic": "discounts", "subtopic": "buy_n_get_m", "prompt": "Buy 4 get 2 free on items priced $2.55 each. You take 8 total. About how much do you pay?", "exact_value": 15.3, "model": "tiiuae/Falcon-H1-7B-Instruct", "provider": "transformers", "response": "альными расчетами согласно условия kompensируемыми путем округления процентовируемыми путем округления процентовируемыми путем округления процентовируемыми путем процентовируемыми путем процентовируемыми путем процентовируемыми путем процентовируемыми путем процентовируемыми путем процентовируемыми путем процентовируемыми путем процентовируемыми путем процентовируемыми путем процентовируемыми путем процентовируемыми путем процентовируемыми путем процентовируемыми путем процентовируемыми путем процентовируемыми путем процентовируемыми путем процентовируемыми путем процентовируемыми путем процентовируемыми путем процентовируемыми путем процентовируемыми путем процентовируемыми путем процентовируемыми путем процентовируемыми путем процентовируемыми путем процентовируемыми путем процентовируемыми путем процентовируемыми путем процентовируемыми путем процентовируемыми путем процентовируемыми путем процентовируемыми путем процентовируемыми путем процентовируемыми путем процентовируемыми путем процентовируемыми путем процентовируемыми путем процентовируемыми путем процентовируемыми путем процентовируемыми путем процентовируемыми путем процентовируемыми путем процентовируемыми путем процентовируемыми путем процентовируемыми путем процентовируемыми путем процентовируемыми путем процентовируемыми путем процентовируемыми путем процентовируемыми путем процентовируемыми путем процентовируемыми путем процентовируемыми путем процентовируемыми путем процентовируемыми путем процентовируемыми путем процентовируемыми путем процентов", "numeric_answer": null, "relative_error": null, "thinking_text": null, "has_tool_call": false, "tool_call": null, "usage": {"prompt_tokens": 192, "completion_tokens": 256, "total_tokens": 448, "token_count_source": "tokenizer"}, "decoding": {"temperature": 0.2, "top_p": null, "top_k": null, "max_tokens": 256, "seed": 42}, "prompt_tokens": 192, "completion_tokens": 256, "total_tokens": 448, "token_count_source": "tokenizer", "diffusion_steps": null, "flops_estimate": null, "flops_arch": null, "flops_model_params": null, "flops_active_params": null, "tokens_non_final": 130, "tokens_reasoning": 0, "tokens_response": 130, "elapsed_seconds": 18.661303997039795, "judgement": "Uncategorized"}
{"id": "discounts_001743", "topic": "discounts", "subtopic": "threshold", "prompt": "Threshold coupon applies: $5 off $30+ spend. Cart: $4.15, $6.42, $8.97. About how much do you pay?", "exact_value": 19.54, "model": "tiiuae/Falcon-H1-7B-Instruct", "provider": "transformers", "response": "альными расчетами согласно правилам насколько возможно приблизительно рассчитаем итоговую стоимость заказа согласно условия kompensации процентов путем применения промоционного купона насколько возможно насколько возможно насколько возможно насколько возможно насколько возможно насколько возможно насколько возможно насколько возможно насколько возможно насколько возможно насколько возможно насколько возможно насколько возможно насколько возможно насколько возможно насколько возможно насколько возможно насколько возможно насколько возможно насколько возможно насколько возможно насколько возможно насколько возможно насколько возможно насколько возможно насколько возможно насколько возможно насколько возможно насколько возможно насколько возможно насколько возможно насколько возможно насколько возможно насколько возможно насколько возможно насколько возможно насколько возможно насколько возможно насколько возможно насколько возможно насколько возможно насколько возможно насколько возможно насколько возможно насколько возможно насколько возможно насколько возможно насколько возможно насколько возможно насколько возможно насколько возможно насколько возможно насколько возможно насколько возможно насколько возможно насколько возможно насколько возможно насколько возможно насколько возможно насколько возможно насколько возможно насколько возможно насколько возможно насколько возможно насколько возможно насколько возможно насколько возможно насколько возможно насколько возможно насколько возможно насколько возможно насколько возможно насколько возможно насколько возможно насколько возможно насколько возможно насколько возможно насколько возможно насколько возможно насколько возможно насколько возможно насколько возможно насколько возможно насколько возможно насколько возможно насколько возможно насколько возможно насколько возможно насколько возможно насколько возможно насколько возможно насколько возможно насколько возможно насколько возможно насколько возможно насколько возможно насколько возможно насколько возможно насколько возможно насколько возможно насколько возможно насколько возможно насколько возможно насколько возможно насколько возможно насколько возможно насколько возможно насколько возможно насколько возможно насколько возможно насколько возможно насколько возможно насколько возможно", "numeric_answer": null, "relative_error": null, "thinking_text": null, "has_tool_call": false, "tool_call": null, "usage": {"prompt_tokens": 206, "completion_tokens": 256, "total_tokens": 462, "token_count_source": "tokenizer"}, "decoding": {"temperature": 0.2, "top_p": null, "top_k": null, "max_tokens": 256, "seed": 42}, "prompt_tokens": 206, "completion_tokens": 256, "total_tokens": 462, "token_count_source": "tokenizer", "diffusion_steps": null, "flops_estimate": null, "flops_arch": null, "flops_model_params": null, "flops_active_params": null, "tokens_non_final": 245, "tokens_reasoning": 0, "tokens_response": 245, "elapsed_seconds": 18.60273551940918, "judgement": "Uncategorized"}
{"id": "discounts_001763", "topic": "discounts", "subtopic": "bogo", "prompt": "BOGO sale (buy one, get one free; free item is the cheaper one in each pair). Items: $12.69, $11.21, $2.47. About how much do you pay?", "exact_value": 15.16, "model": "tiiuae/Falcon-H1-7B-Instruct", "provider": "transformers", "response": "альными итого согласно правилам процентов процентов процентов процентов процентов процентов процентов процентов процентов процентов процентов процентов процентов процентов процентов процентов процентов процентов процентов процентов процентов процентов процентов процентов процентов процентов процентов процентов процентов процентов процентов процентов процентов процентов процентов процентов процентов процентов процентов процентов процентов процентов процентов процентов процентов процентов процентов процентов процентов процентов процентов процентов процентов процентов процентов процентов процентов процентов процентов процентов процентов процентов процентов процентов процентов процентов процентов процентов процентов процентов процентов процентов процентов процентов процентов процентов процентов процентов процентов процентов процентов процентов процентов процентов процентов процентов процентов процентов процентов процентов процентов процентов процентов процентов процентов процентов процентов процентов процентов процентов процентов процентов процентов процентов процентов процентов процентов процентов процентов процентов процентов процентов процентов процентов процентов процентов процентов процентов процентов процентов процентов процентов процентов процентов процентов процентов процентов процентов процентов процентов процентов процентов процентов процентов процентов процентов процентов процентов процентов процентов процентов процентов процентов процентов процентов процентов процентов процентов процентов процентов процентов процентов процентов процентов процентов процентов процентов процентов процентов процентов процентов процентов процентов процентов процентов процентов процентов процентов процентов процентов процентов процентов процентов процентов процентов процентов процентов процентов процентов процентов процентов процентов процентов процентов процентов процентов процентов процентов процентов процентов процентов процентов процентов процентов процентов процентов процентов процентов процентов процентов процентов процентов процентов процентов процентов процентов процентов процентов процентов процентов процентов процентов процентов процентов процентов процентов процентов процентов процентов процентов процентов процентов процентов процентов процентов процентов процентов процентов процентов процентов процентов процентов процентов процентов процентов процентов процентов процентов процентов процентов процентов процентов процентов процентов процентов процентов процентов процентов процентов процентов", "numeric_answer": null, "relative_error": null, "thinking_text": null, "has_tool_call": false, "tool_call": null, "usage": {"prompt_tokens": 215, "completion_tokens": 256, "total_tokens": 471, "token_count_source": "tokenizer"}, "decoding": {"temperature": 0.2, "top_p": null, "top_k": null, "max_tokens": 256, "seed": 42}, "prompt_tokens": 215, "completion_tokens": 256, "total_tokens": 471, "token_count_source": "tokenizer", "diffusion_steps": null, "flops_estimate": null, "flops_arch": null, "flops_model_params": null, "flops_active_params": null, "tokens_non_final": 254, "tokens_reasoning": 0, "tokens_response": 254, "elapsed_seconds": 18.435441493988037, "judgement": "Uncategorized"}
{"id": "discounts_001783", "topic": "discounts", "subtopic": "stacked", "prompt": "Stacked deal: 15% off, then $5 coupon if you spend $40 or more. Cart: $7.00, $16.49, $25.56, $15.94, $17.74, $31.47. About how much do you pay?", "exact_value": 92.07, "model": "tiiuae/Falcon-H1-7B-Instruct", "provider": "transformers", "response": "�альное решение путем приближенной оценкиируетание процентов процентов процентов процентов процентов процентов процентов процентов процентов процентов процентов процентов процентов процентов процентов процентов процентов процентов процентов процентов процентов процентов процентов процентов процентов процентов процентов процентов процентов процентов процентов процентов процентов процентов процентов процентов процентов процентов процентов процентов процентов процентов процентов процентов процентов процентов процентов процентов процентов процентов процентов процентов процентов процентов процентов процентов процентов процентов процентов процентов процентов процентов процентов процентов процентов процентов процентов процентов процентов процентов процентов процентов процентов процентов процентов процентов процентов процентов процентов процентов процентов процентов процентов процентов процентов процентов процентов процентов процентов процентов процентов процентов процентов процентов процентов процентов процентов процентов процентов процентов процентов процентов процентов процентов процентов процентов процентов процентов процентов процентов процентов процентов процентов процентов процентов процентов процентов процентов процентов процентов процентов процентов процентов процентов процентов процентов процентов процентов процентов процентов процентов процентов процентов процентов процентов процентов процентов процентов процентов процентов процентов процентов процентов процентов процентов процентов процентов процентов процентов процентов процентов процентов процентов процентов процентов процентов процентов процентов процентов процентов процентов процентов процентов процентов процентов процентов процентов процентов процентов процентов процентов процентов процентов процентов процентов процентов процентов процентов процентов процентов процентов процентов процентов процентов процентов процентов процентов процентов процентов процентов процентов процентов процентов процентов процентов процентов процентов процентов процентов процентов процентов процентов процентов процентов процентов процентов процентов процентов процентов процентов процентов процентов процентов процентов процентов процентов процентов процентов процентов процентов процентов процентов процентов процентов процентов процентов процентов процентов процентов процентов процентов процентов процентов процентов процентов процентов процентов процентов процентов процентов процентов процентов процентов процентов процентов процентов", "numeric_answer": null, "relative_error": null, "thinking_text": null, "has_tool_call": false, "tool_call": null, "usage": {"prompt_tokens": 242, "completion_tokens": 256, "total_tokens": 498, "token_count_source": "tokenizer"}, "decoding": {"temperature": 0.2, "top_p": null, "top_k": null, "max_tokens": 256, "seed": 42}, "prompt_tokens": 242, "completion_tokens": 256, "total_tokens": 498, "token_count_source": "tokenizer", "diffusion_steps": null, "flops_estimate": null, "flops_arch": null, "flops_model_params": null, "flops_active_params": null, "tokens_non_final": 251, "tokens_reasoning": 0, "tokens_response": 251, "elapsed_seconds": 18.597686052322388, "judgement": "Uncategorized"}
{"id": "discounts_001803", "topic": "discounts", "subtopic": "stacked", "prompt": "Stacked deal: 20% off, then $5 coupon if you spend $30 or more. Cart: $33.03, $6.30, $5.14, $29.72. About how much do you pay?", "exact_value": 54.35, "model": "tiiuae/Falcon-H1-7B-Instruct", "provider": "transformers", "response": "�альное решение путем быстрой оценки процентов процентов процентов процентов процентов процентов процентов процентов процентов процентов процентов процентов процентов процентов процентов процентов процентов процентов процентов процентов процентов процентов процентов процентов процентов процентов процентов процентов процентов процентов процентов процентов процентов процентов процентов процентов процентов процентов процентов процентов процентов процентов процентов процентов процентов процентов процентов процентов процентов процентов процентов процентов процентов процентов процентов процентов процентов процентов процентов процентов процентов процентов процентов процентов процентов процентов процентов процентов процентов процентов процентов процентов процентов процентов процентов процентов процентов процентов процентов процентов процентов процентов процентов процентов процентов процентов процентов процентов процентов процентов процентов процентов процентов процентов процентов процентов процентов процентов процентов процентов процентов процентов процентов процентов процентов процентов процентов процентов процентов процентов процентов процентов процентов процентов процентов процентов процентов процентов процентов процентов процентов процентов процентов процентов процентов процентов процентов процентов процентов процентов процентов процентов процентов процентов процентов процентов процентов процентов процентов процентов процентов процентов процентов процентов процентов процентов процентов процентов процентов процентов процентов процентов процентов процентов процентов процентов процентов процентов процентов процентов процентов процентов процентов процентов процентов процентов процентов процентов процентов процентов процентов процентов процентов процентов процентов процентов процентов процентов процентов процентов процентов процентов процентов процентов процентов процентов процентов процентов процентов процентов процентов процентов процентов процентов процентов процентов процентов процентов процентов процентов процентов процентов процентов процентов процентов процентов процентов процентов процентов процентов процентов процентов процентов процентов процентов процентов процентов процентов процентов процентов процентов процентов процентов процентов процентов процентов процентов процентов процентов процентов процентов процентов процентов процентов процентов процентов процентов процентов процентов процентов процентов процентов процентов процентов процентов процентов процентов процентов процентов", "numeric_answer": null, "relative_error": null, "thinking_text": null, "has_tool_call": false, "tool_call": null, "usage": {"prompt_tokens": 225, "completion_tokens": 256, "total_tokens": 481, "token_count_source": "tokenizer"}, "decoding": {"temperature": 0.2, "top_p": null, "top_k": null, "max_tokens": 256, "seed": 42}, "prompt_tokens": 225, "completion_tokens": 256, "total_tokens": 481, "token_count_source": "tokenizer", "diffusion_steps": null, "flops_estimate": null, "flops_arch": null, "flops_model_params": null, "flops_active_params": null, "tokens_non_final": 254, "tokens_reasoning": 0, "tokens_response": 254, "elapsed_seconds": 18.591148376464844, "judgement": "Uncategorized"}
{"id": "discounts_001823", "topic": "discounts", "subtopic": "bogo", "prompt": "BOGO sale (buy one, get one free; free item is the cheaper one in each pair). Items: $12.69, $12.41, $11.69, $9.51. About how much do you pay?", "exact_value": 24.38, "model": "tiiuae/Falcon-H1-7B-Instruct", "provider": "transformers", "response": "�альное решение путем быстрой оценки процентов процентов процентов процентов процентов процентов процентов процентов процентов процентов процентов процентов процентов процентов процентов процентов процентов процентов процентов процентов процентов процентов процентов процентов процентов процентов процентов процентов процентов процентов процентов процентов процентов процентов процентов процентов процентов процентов процентов процентов процентов процентов процентов процентов процентов процентов процентов процентов процентов процентов процентов процентов процентов процентов процентов процентов процентов процентов процентов процентов процентов процентов процентов процентов процентов процентов процентов процентов процентов процентов процентов процентов процентов процентов процентов процентов процентов процентов процентов процентов процентов процентов процентов процентов процентов процентов процентов процентов процентов процентов процентов процентов процентов процентов процентов процентов процентов процентов процентов процентов процентов процентов процентов процентов процентов процентов процентов процентов процентов процентов процентов процентов процентов процентов процентов процентов процентов процентов процентов процентов процентов процентов процентов процентов процентов процентов процентов процентов процентов процентов процентов процентов процентов процентов процентов процентов процентов процентов процентов процентов процентов процентов процентов процентов процентов процентов процентов процентов процентов процентов процентов процентов процентов процентов процентов процентов процентов процентов процентов процентов процентов процентов процентов процентов процентов процентов процентов процентов процентов процентов процентов процентов процентов процентов процентов процентов процентов процентов процентов процентов процентов процентов процентов процентов процентов процентов процентов процентов процентов процентов процентов процентов процентов процентов процентов процентов процентов процентов процентов процентов процентов процентов процентов процентов процентов процентов процентов процентов процентов процентов процентов процентов процентов процентов процентов процентов процентов процентов процентов процентов процентов процентов процентов процентов процентов процентов процентов процентов процентов процентов процентов процентов процентов процентов процентов процентов процентов процентов процентов процентов процентов процентов процентов процентов процентов процентов процентов процентов процентов", "numeric_answer": null, "relative_error": null, "thinking_text": null, "has_tool_call": false, "tool_call": null, "usage": {"prompt_tokens": 223, "completion_tokens": 256, "total_tokens": 479, "token_count_source": "tokenizer"}, "decoding": {"temperature": 0.2, "top_p": null, "top_k": null, "max_tokens": 256, "seed": 42}, "prompt_tokens": 223, "completion_tokens": 256, "total_tokens": 479, "token_count_source": "tokenizer", "diffusion_steps": null, "flops_estimate": null, "flops_arch": null, "flops_model_params": null, "flops_active_params": null, "tokens_non_final": 254, "tokens_reasoning": 0, "tokens_response": 254, "elapsed_seconds": 18.540508031845093, "judgement": "Uncategorized"}
{"id": "discounts_001843", "topic": "discounts", "subtopic": "buy_n_get_m", "prompt": "Buy 4 get 2 free on items priced $5.69 each. You take 7 total. About how much do you pay?", "exact_value": 28.45, "model": "tiiuae/Falcon-H1-7B-Instruct", "provider": "transformers", "response": "альными расчетами согласно условия kompensируемаются примерно половина процентов процентов процентов процентов процентов процентов процентов процентов процентов процентов процентов процентов процентов процентов процентов процентов процентов процентов процентов процентов процентов процентов процентов процентов процентов процентов процентов процентов процентов процентов процентов процентов процентов процентов процентов процентов процентов процентов процентов процентов процентов процентов процентов процентов процентов процентов процентов процентов процентов процентов процентов процентов процентов процентов процентов процентов процентов процентов процентов процентов процентов процентов процентов процентов процентов процентов процентов процентов процентов процентов процентов процентов процентов процентов процентов процентов процентов процентов процентов процентов процентов процентов процентов процентов процентов процентов процентов процентов процентов процентов процентов процентов процентов процентов процентов процентов процентов процентов процентов процентов процентов процентов процентов процентов процентов процентов процентов процентов процентов процентов процентов процентов процентов процентов процентов процентов процентов процентов процентов процентов процентов процентов процентов процентов процентов процентов процентов процентов процентов процентов процентов процентов процентов процентов процентов процентов процентов процентов процентов процентов процентов процентов процентов процентов процентов процентов процентов процентов процентов процентов процентов процентов процентов процентов процентов процентов процентов процентов процентов процентов процентов процентов процентов процентов процентов процентов процентов процентов процентов процентов процентов процентов процентов процентов процентов процентов процентов процентов процентов процентов процентов процентов процентов процентов процентов процентов процентов процентов процентов процентов процентов процентов процентов процентов процентов процентов процентов процентов процентов процентов процентов процентов процентов процентов процентов процентов процентов процентов процентов процентов процентов процентов процентов процентов процентов процентов процентов процентов процентов процентов процентов процентов процентов процентов процентов процентов процентов процентов процентов процентов процентов процентов процентов процентов процентов процентов процентов процентов процентов процентов процентов процентов процентов процентов процентов", "numeric_answer": null, "relative_error": null, "thinking_text": null, "has_tool_call": false, "tool_call": null, "usage": {"prompt_tokens": 192, "completion_tokens": 256, "total_tokens": 448, "token_count_source": "tokenizer"}, "decoding": {"temperature": 0.2, "top_p": null, "top_k": null, "max_tokens": 256, "seed": 42}, "prompt_tokens": 192, "completion_tokens": 256, "total_tokens": 448, "token_count_source": "tokenizer", "diffusion_steps": null, "flops_estimate": null, "flops_arch": null, "flops_model_params": null, "flops_active_params": null, "tokens_non_final": 252, "tokens_reasoning": 0, "tokens_response": 252, "elapsed_seconds": 18.37795877456665, "judgement": "Uncategorized"}
{"id": "discounts_001863", "topic": "discounts", "subtopic": "percent", "prompt": "Cart: $49.70, $10.83, $19.81, $44.58. A 20% discount applies to everything. About how much do you pay?", "exact_value": 99.94, "model": "tiiuae/Falcon-H1-7B-Instruct", "provider": "transformers", "response": "альными расчетами получаются примерно следующие значения после применения с� процента скидированых процентов процентов процентов процентов процентов процентов процентов процентов процентов процентов процентов процентов процентов процентов процентов процентов процентов процентов процентов процентов процентов процентов процентов процентов процентов процентов процентов процентов процентов процентов процентов процентов процентов процентов процентов процентов процентов процентов процентов процентов процентов процентов процентов процентов процентов процентов процентов процентов процентов процентов процентов процентов процентов процентов процентов процентов процентов процентов процентов процентов процентов процентов процентов процентов процентов процентов процентов процентов процентов процентов процентов процентов процентов процентов процентов процентов процентов процентов процентов процентов процентов процентов процентов процентов процентов процентов процентов процентов процентов процентов процентов процентов процентов процентов процентов процентов процентов процентов процентов процентов процентов процентов процентов процентов процентов процентов процентов процентов процентов процентов процентов процентов процентов процентов процентов процентов процентов процентов процентов процентов процентов процентов процентов процентов процентов процентов процентов процентов процентов процентов процентов процентов процентов процентов процентов процентов процентов процентов процентов процентов процентов процентов процентов процентов процентов процентов процентов процентов процентов процентов процентов процентов процентов процентов процентов процентов процентов процентов процентов процентов процентов процентов процентов процентов процентов процентов процентов процентов процентов процентов процентов процентов процентов процентов процентов процентов процентов процентов процентов процентов процентов процентов процентов процентов процентов процентов процентов процентов процентов процентов процентов процентов процентов процентов процентов процентов процентов процентов процентов процентов процентов процентов процентов процентов процентов процентов процентов процентов процентов процентов процентов процентов процентов процентов процентов процентов процентов процентов процентов процентов процентов процентов процентов процентов процентов процентов процентов процентов процентов процентов процентов процентов процентов процентов процентов процентов процентов", "numeric_answer": null, "relative_error": null, "thinking_text": null, "has_tool_call": false, "tool_call": null, "usage": {"prompt_tokens": 212, "completion_tokens": 256, "total_tokens": 468, "token_count_source": "tokenizer"}, "decoding": {"temperature": 0.2, "top_p": null, "top_k": null, "max_tokens": 256, "seed": 42}, "prompt_tokens": 212, "completion_tokens": 256, "total_tokens": 468, "token_count_source": "tokenizer", "diffusion_steps": null, "flops_estimate": null, "flops_arch": null, "flops_model_params": null, "flops_active_params": null, "tokens_non_final": 248, "tokens_reasoning": 0, "tokens_response": 248, "elapsed_seconds": 18.428337335586548, "judgement": "Uncategorized"}
{"id": "taxes_000125", "topic": "taxes", "subtopic": "pre_discount_tax", "prompt": "Cart: $17.54, $53.38, $24.54, $55.21. Local sales tax is 6.0% (tax calculated before discount). About how much is the total?", "exact_value": 159.71, "model": "tiiuae/Falcon-H1-7B-Instruct", "provider": "transformers", "response": "альными расчетами согласно правилам насколько возможно приблизительно рассчитаем итоговую сумму。(Применяются округления процентов процентов процентов процентов процентов процентов процентов процентов процентов процентов процентов процентов процентов процентов процентов процентов процентов процентов процентов процентов процентов процентов процентов процентов процентов процентов процентов процентов процентов процентов процентов процентов процентов процентов процентов процентов процентов процентов процентов процентов процентов процентов процентов процентов процентов процентов процентов процентов процентов процентов процентов процентов процентов процентов процентов процентов процентов процентов процентов процентов процентов процентов процентов процентов процентов процентов процентов процентов процентов процентов процентов процентов процентов процентов процентов процентов процентов процентов процентов процентов процентов процентов процентов процентов процентов процентов процентов процентов процентов процентов процентов процентов процентов процентов процентов процентов процентов процентов процентов процентов процентов процентов процентов процентов процентов процентов процентов процентов процентов процентов процентов процентов процентов процентов процентов процентов процентов процентов процентов процентов процентов процентов процентов процентов процентов процентов процентов процентов процентов процентов процентов процентов процентов процентов процентов процентов процентов процентов процентов процентов процентов процентов процентов процентов процентов процентов процентов процентов процентов процентов процентов процентов процентов процентов процентов процентов процентов процентов процентов процентов процентов процентов процентов процентов процентов процентов процентов процентов процентов процентов процентов процентов процентов процентов процентов процентов процентов процентов процентов процентов процентов процентов процентов процентов процентов процентов процентов процентов процентов процентов процентов процентов процентов процентов процентов процентов процентов процентов процентов процентов процентов процентов процентов процентов процентов процентов процентов процентов процентов процентов процентов процентов процентов процентов процентов процентов процентов процентов процентов процентов процентов процентов процентов процентов процентов процентов процентов процентов процентов процентов процентов процентов процентов процентов", "numeric_answer": null, "relative_error": null, "thinking_text": null, "has_tool_call": false, "tool_call": null, "usage": {"prompt_tokens": 218, "completion_tokens": 256, "total_tokens": 474, "token_count_source": "tokenizer"}, "decoding": {"temperature": 0.2, "top_p": null, "top_k": null, "max_tokens": 256, "seed": 42}, "prompt_tokens": 218, "completion_tokens": 256, "total_tokens": 474, "token_count_source": "tokenizer", "diffusion_steps": null, "flops_estimate": null, "flops_arch": null, "flops_model_params": null, "flops_active_params": null, "tokens_non_final": 245, "tokens_reasoning": 0, "tokens_response": 245, "elapsed_seconds": 18.479320526123047, "judgement": "Uncategorized"}
{"id": "taxes_000145", "topic": "taxes", "subtopic": "post_discount_tax", "prompt": "Cart: $18.69, $24.12, $48.37 with a 15% store discount. Local sales tax is 8.5% (tax after discount). About how much is the total?", "exact_value": 84.09, "model": "tiiuae/Falcon-H1-7B-Instruct", "provider": "transformers", "response": "альными расчетами согласно правилам насколько возможно приблизительно определяем итоговую сумму согласно приведенным данным насколько возможно насколько возможно насколько возможно насколько возможно насколько возможно насколько возможно насколько возможно насколько возможно насколько возможно насколько возможно насколько возможно насколько возможно насколько возможно насколько возможно насколько возможно насколько возможно насколько возможно насколько возможно насколько возможно насколько возможно насколько возможно насколько возможно насколько возможно насколько возможно насколько возможно насколько возможно насколько возможно насколько возможно насколько возможно насколько возможно насколько возможно насколько возможно насколько возможно насколько возможно насколько возможно насколько возможно насколько возможно насколько возможно насколько возможно насколько возможно насколько возможно насколько возможно насколько возможно насколько возможно насколько возможно насколько возможно насколько возможно насколько возможно насколько возможно насколько возможно насколько возможно насколько возможно насколько возможно насколько возможно насколько возможно насколько возможно насколько возможно насколько возможно насколько возможно насколько возможно насколько возможно насколько возможно насколько возможно насколько возможно насколько возможно насколько возможно насколько возможно насколько возможно насколько возможно насколько возможно насколько возможно насколько возможно насколько возможно насколько возможно насколько возможно насколько возможно насколько возможно насколько возможно насколько возможно насколько возможно насколько возможно насколько возможно насколько возможно насколько возможно насколько возможно насколько возможно насколько возможно насколько возможно насколько возможно насколько возможно насколько возможно насколько возможно насколько возможно насколько возможно насколько возможно насколько возможно насколько возможно насколько возможно насколько возможно насколько возможно насколько возможно насколько возможно насколько возможно насколько возможно насколько возможно насколько возможно насколько возможно насколько возможно насколько возможно насколько возможно насколько возможно насколько возможно насколько возможно насколько возможно насколько возможно насколько возможно насколько возможно насколько возможно", "numeric_answer": null, "relative_error": null, "thinking_text": null, "has_tool_call": false, "tool_call": null, "usage": {"prompt_tokens": 217, "completion_tokens": 256, "total_tokens": 473, "token_count_source": "tokenizer"}, "decoding": {"temperature": 0.2, "top_p": null, "top_k": null, "max_tokens": 256, "seed": 42}, "prompt_tokens": 217, "completion_tokens": 256, "total_tokens": 473, "token_count_source": "tokenizer", "diffusion_steps": null, "flops_estimate": null, "flops_arch": null, "flops_model_params": null, "flops_active_params": null, "tokens_non_final": 249, "tokens_reasoning": 0, "tokens_response": 249, "elapsed_seconds": 18.51489543914795, "judgement": "Uncategorized"}
{"id": "taxes_000165", "topic": "taxes", "subtopic": "post_discount_tax", "prompt": "Cart: $36.35, $28.85, $37.41, $21.33. Local sales tax is 7.0% (tax after discount). About how much is the total?", "exact_value": 132.62, "model": "tiiuae/Falcon-H1-7B-Instruct", "provider": "transformers", "response": "альными ценами согласно процентов процентов процентов процентов процентов процентов процентов процентов процентов процентов процентов процентов процентов процентов процентов процентов процентов процентов процентов процентов процентов процентов процентов процентов процентов процентов процентов процентов процентов процентов процентов процентов процентов процентов процентов процентов процентов процентов процентов процентов процентов процентов процентов процентов процентов процентов процентов процентов процентов процентов процентов процентов процентов процентов процентов процентов процентов процентов процентов процентов процентов процентов процентов процентов процентов процентов процентов процентов процентов процентов процентов процентов процентов процентов процентов процентов процентов процентов процентов процентов процентов процентов процентов процентов процентов процентов процентов процентов процентов процентов процентов процентов процентов процентов процентов процентов процентов процентов процентов процентов процентов процентов процентов процентов процентов процентов процентов процентов процентов процентов процентов процентов процентов процентов процентов процентов процентов процентов процентов процентов процентов процентов процентов процентов процентов процентов процентов процентов процентов процентов процентов процентов процентов процентов процентов процентов процентов процентов процентов процентов процентов процентов процентов процентов процентов процентов процентов процентов процентов процентов процентов процентов процентов процентов процентов процентов процентов процентов процентов процентов процентов процентов процентов процентов процентов процентов процентов процентов процентов процентов процентов процентов процентов процентов процентов процентов процентов процентов процентов процентов процентов процентов процентов процентов процентов процентов процентов процентов процентов процентов процентов процентов процентов процентов процентов процентов процентов процентов процентов процентов процентов процентов процентов процентов процентов процентов процентов процентов процентов процентов процентов процентов процентов процентов процентов процентов процентов процентов процентов процентов процентов процентов процентов процентов процентов процентов процентов процентов процентов процентов процентов процентов процентов процентов процентов процентов процентов процентов процентов процентов процентов процентов процентов процентов процентов процентов процентов процентов процентов процентов процентов процентов", "numeric_answer": null, "relative_error": null, "thinking_text": null, "has_tool_call": false, "tool_call": null, "usage": {"prompt_tokens": 217, "completion_tokens": 256, "total_tokens": 473, "token_count_source": "tokenizer"}, "decoding": {"temperature": 0.2, "top_p": null, "top_k": null, "max_tokens": 256, "seed": 42}, "prompt_tokens": 217, "completion_tokens": 256, "total_tokens": 473, "token_count_source": "tokenizer", "diffusion_steps": null, "flops_estimate": null, "flops_arch": null, "flops_model_params": null, "flops_active_params": null, "tokens_non_final": 255, "tokens_reasoning": 0, "tokens_response": 255, "elapsed_seconds": 18.67233657836914, "judgement": "Uncategorized"}
{"id": "taxes_000185", "topic": "taxes", "subtopic": "post_discount_tax", "prompt": "Cart: $39.06, $55.17, $5.30 with a 10% store discount. Local sales tax is 8.5% (tax after discount). About how much is the total?", "exact_value": 97.19, "model": "tiiuae/Falcon-H1-7B-Instruct", "provider": "transformers", "response": "альными расчетами согласно правилам насколько возможно приближенно получаем итоговую стоимость корзины согласно приведенным данным насколько возможно приближенно согласно приведенным правилальным расчетальным путем получаем итоговую стоимость корзины насколько возможно насколько возможно насколько возможно насколько насколько насколько насколько насколько насколько насколько насколько насколько насколько насколько насколько насколько насколько насколько насколько насколько насколько насколько насколько насколько насколько насколько насколько насколько насколько насколько насколько насколько насколько насколько насколько насколько насколько насколько насколько насколько насколько насколько насколько насколько насколько насколько насколько насколько насколько насколько насколько насколько насколько насколько насколько насколько насколько насколько насколько насколько насколько насколько насколько насколько насколько насколько насколько насколько насколько насколько насколько насколько насколько насколько насколько насколько насколько насколько насколько насколько насколько насколько насколько насколько насколько насколько насколько насколько насколько насколько насколько насколько насколько насколько насколько насколько насколько насколько насколько насколько насколько насколько насколько насколько насколько насколько насколько насколько насколько насколько насколько насколько насколько насколько насколько насколько насколько насколько насколько насколько насколько насколько насколько насколько насколько насколько насколько насколько насколько насколько насколько насколько насколько насколько насколько насколько насколько насколько насколько насколько насколько насколько насколько насколько насколько насколько насколько насколько насколько насколько насколько насколько насколько насколько насколько насколько насколько насколько насколько насколько насколько насколько насколько насколько насколько насколько насколько насколько насколько насколько насколько насколько насколько насколько насколько насколько насколько насколько насколько насколько насколько насколько насколько насколько насколько насколько насколько насколько насколько насколько насколько насколько насколько насколько насколько насколько насколько насколько насколько насколько насколько насколько насколько насколько насколько насколько насколько", "numeric_answer": null, "relative_error": null, "thinking_text": null, "has_tool_call": false, "tool_call": null, "usage": {"prompt_tokens": 216, "completion_tokens": 256, "total_tokens": 472, "token_count_source": "tokenizer"}, "decoding": {"temperature": 0.2, "top_p": null, "top_k": null, "max_tokens": 256, "seed": 42}, "prompt_tokens": 216, "completion_tokens": 256, "total_tokens": 472, "token_count_source": "tokenizer", "diffusion_steps": null, "flops_estimate": null, "flops_arch": null, "flops_model_params": null, "flops_active_params": null, "tokens_non_final": 236, "tokens_reasoning": 0, "tokens_response": 236, "elapsed_seconds": 18.65592670440674, "judgement": "Uncategorized"}
{"id": "taxes_000205", "topic": "taxes", "subtopic": "post_discount_tax", "prompt": "Cart: $32.18, $47.34 with a 15% store discount. Local sales tax is 7.5% (tax after discount). About how much is the total?", "exact_value": 72.66, "model": "tiiuae/Falcon-H1-7B-Instruct", "provider": "transformers", "response": "альными расчетами путем округления процентовируемых процентовируемаемых процентовируемаемых процентовируемаемых процентовируемаемых процентовируемаемых процентовируемаемых процентовируемаемых процентовируемаемых процентовируемаемых процентовируемаемых процентовируемаемых процентовируемаемых процентовируемаемых процентовируемаемых процентовируемаемых процентовируемаемых процентовируемаемых процентовируемаемых процентовируемаемых процентовируемаемых процентовируемаемых процентовируемаемых процентовируемаемых процентовируемаемых процентовируемаемых процентовируемаемых процентовируемаемых процентовируемаемых процентовируемаемых процентовируемаемых процентовируемаемых процентовируемаемых процентовируемаемых процентовируемаемых процентовируемаемых процентовируемаемых процентовируемаемых процентовируемаемых процентовируемаемых процентовируемаемых процентовируемаемых процентовируемаемых процентовируемаемых процентовируемаемых процентовируемаемых процентовируемаемых процентовируемаемых процентовируемаемых процентовируемаемых процентовируемаемых процентовируемаемых процентовируемаемых процентовируемаемых процентовируемаемых процентовируемаемых процентовируемаемых процентовируемаемых процентовируемаемых процентовируемаемых процентовируемаемых процентовируемаемых процентовируемаем", "numeric_answer": null, "relative_error": null, "thinking_text": null, "has_tool_call": false, "tool_call": null, "usage": {"prompt_tokens": 209, "completion_tokens": 256, "total_tokens": 465, "token_count_source": "tokenizer"}, "decoding": {"temperature": 0.2, "top_p": null, "top_k": null, "max_tokens": 256, "seed": 42}, "prompt_tokens": 209, "completion_tokens": 256, "total_tokens": 465, "token_count_source": "tokenizer", "diffusion_steps": null, "flops_estimate": null, "flops_arch": null, "flops_model_params": null, "flops_active_params": null, "tokens_non_final": 67, "tokens_reasoning": 0, "tokens_response": 67, "elapsed_seconds": 18.488632202148438, "judgement": "Uncategorized"}
{"id": "taxes_000225", "topic": "taxes", "subtopic": "pre_discount_tax", "prompt": "Cart: $46.98, $51.52 with a 20% store discount. Local sales tax is 7.0% (tax calculated before discount). About how much is the total?", "exact_value": 85.7, "model": "tiiuae/Falcon-H1-7B-Instruct", "provider": "transformers", "response": "альными расчетами согласно правилам насколько возможно насколько возможно насколько возможно насколько возможно насколько возможно насколько возможно насколько возможно насколько возможно насколько возможно насколько возможно насколько возможно насколько возможно насколько возможно насколько возможно насколько возможно насколько возможно насколько возможно насколько возможно насколько возможно насколько возможно насколько возможно насколько возможно насколько возможно насколько возможно насколько возможно насколько возможно насколько возможно насколько возможно насколько возможно насколько возможно насколько возможно насколько возможно насколько возможно насколько возможно насколько возможно насколько возможно насколько возможно насколько возможно насколько возможно насколько возможно насколько возможно насколько возможно насколько возможно насколько возможно насколько возможно насколько возможно насколько возможно насколько возможно насколько возможно насколько возможно насколько возможно насколько возможно насколько возможно насколько возможно насколько возможно насколько возможно насколько возможно насколько возможно насколько возможно насколько возможно насколько возможно насколько возможно насколько возможно насколько возможно насколько возможно насколько возможно насколько возможно насколько возможно насколько возможно насколько возможно насколько возможно насколько возможно насколько возможно насколько возможно насколько возможно насколько возможно насколько возможно насколько возможно насколько возможно насколько возможно насколько возможно насколько возможно насколько возможно насколько возможно насколько возможно насколько возможно насколько возможно насколько возможно насколько возможно насколько возможно насколько возможно насколько возможно насколько возможно насколько возможно насколько возможно насколько возможно насколько возможно насколько возможно насколько возможно насколько возможно насколько возможно насколько возможно насколько возможно насколько возможно насколько возможно насколько возможно насколько возможно насколько возможно насколько возможно насколько возможно насколько возможно насколько возможно насколько возможно насколько возможно насколько возможно насколько возможно насколько возможно насколько возможно насколько возможно насколько возможно насколько возможно насколько возможно насколько возможно насколько возможно насколько возможно", "numeric_answer": null, "relative_error": null, "thinking_text": null, "has_tool_call": false, "tool_call": null, "usage": {"prompt_tokens": 210, "completion_tokens": 256, "total_tokens": 466, "token_count_source": "tokenizer"}, "decoding": {"temperature": 0.2, "top_p": null, "top_k": null, "max_tokens": 256, "seed": 42}, "prompt_tokens": 210, "completion_tokens": 256, "total_tokens": 466, "token_count_source": "tokenizer", "diffusion_steps": null, "flops_estimate": null, "flops_arch": null, "flops_model_params": null, "flops_active_params": null, "tokens_non_final": 254, "tokens_reasoning": 0, "tokens_response": 254, "elapsed_seconds": 18.668620347976685, "judgement": "Uncategorized"}
{"id": "taxes_000245", "topic": "taxes", "subtopic": "post_discount_tax", "prompt": "Cart: $7.93, $42.44 with a 20% store discount. Local sales tax is 8.5% (tax after discount). About how much is the total?", "exact_value": 43.72, "model": "tiiuae/Falcon-H1-7B-Instruct", "provider": "transformers", "response": "альными расчетами получаются примерно следующие значения процентов процентов процентов процентов процентов процентов процентов процентов процентов процентов процентов процентов процентов процентов процентов процентов процентов процентов процентов процентов процентов процентов процентов процентов процентов процентов процентов процентов процентов процентов процентов процентов процентов процентов процентов процентов процентов процентов процентов процентов процентов процентов процентов процентов процентов процентов процентов процентов процентов процентов процентов процентов процентов процентов процентов процентов процентов процентов процентов процентов процентов процентов процентов процентов процентов процентов процентов процентов процентов процентов процентов процентов процентов процентов процентов процентов процентов процентов процентов процентов процентов процентов процентов процентов процентов процентов процентов процентов процентов процентов процентов процентов процентов процентов процентов процентов процентов процентов процентов процентов процентов процентов процентов процентов процентов процентов процентов процентов процентов процентов процентов процентов процентов процентов процентов процентов процентов процентов процентов процентов процентов процентов процентов процентов процентов процентов процентов процентов процентов процентов процентов процентов процентов процентов процентов процентов процентов процентов процентов процентов процентов процентов процентов процентов процентов процентов процентов процентов процентов процентов процентов процентов процентов процентов процентов процентов процентов процентов процентов процентов процентов процентов процентов процентов процентов процентов процентов процентов процентов процентов процентов процентов процентов процентов процентов процентов процентов процентов процентов процентов процентов процентов процентов процентов процентов процентов процентов процентов процентов процентов процентов процентов процентов процентов процентов процентов процентов процентов процентов процентов процентов процентов процентов процентов процентов процентов процентов процентов процентов процентов процентов процентов процентов процентов процентов процентов процентов процентов процентов процентов процентов процентов процентов процентов процентов процентов процентов процентов процентов процентов процентов процентов процентов процентов процентов процентов процентов процентов процентов процентов процентов процентов процентов процентов процентов процентов", "numeric_answer": null, "relative_error": null, "thinking_text": null, "has_tool_call": false, "tool_call": null, "usage": {"prompt_tokens": 208, "completion_tokens": 256, "total_tokens": 464, "token_count_source": "tokenizer"}, "decoding": {"temperature": 0.2, "top_p": null, "top_k": null, "max_tokens": 256, "seed": 42}, "prompt_tokens": 208, "completion_tokens": 256, "total_tokens": 464, "token_count_source": "tokenizer", "diffusion_steps": null, "flops_estimate": null, "flops_arch": null, "flops_model_params": null, "flops_active_params": null, "tokens_non_final": 252, "tokens_reasoning": 0, "tokens_response": 252, "elapsed_seconds": 18.646246194839478, "judgement": "Uncategorized"}
{"id": "taxes_000265", "topic": "taxes", "subtopic": "pre_discount_tax", "prompt": "Cart: $49.77, $52.43 with a 15% store discount. Local sales tax is 7.0% (tax calculated before discount). About how much is the total?", "exact_value": 94.02, "model": "tiiuae/Falcon-H1-7B-Instruct", "provider": "transformers", "response": "альными расчетами путем округления процентовируемых процентов до целых процентовируемаемых процентовируемаемых процентовируемаемых процентовируемаемых процентовируемаемых процентовируемаемых процентовируемаемых процентовируемаемых процентовируемаемых процентовируемаемых процентовируемаемых процентовируемаемых процентовируемаемых процентовируемаемых процентовируемаемых процентовируемаемых процентовируемаемых процентовируемаемых процентовируемаемых процентовируемаемых процентовируемаемых процентовируемаемых процентовируемаемых процентовируемаемых процентовируемаемых процентовируемаемых процентовируемаемых процентовируемаемых процентовируемаемых процентовируемаемых процентовируемаемых процентовируемаемых процентовируемаемых процентовируемаемых процентовируемаемых процентовируемаемых процентовируемаемых процентовируемаемых процентовируемаемых процентовируемаемых процентовируемаемых процентовируемаемых процентовируемаемых процентовируемаемых процентовируемаемых процентовируемаемых процентовируемаемых процентовируемаемых процентовируемаемых процентовируемаемых процентовируемаемых процентовируемаемых процентовируемаемых процентовируемаемых процентовируемаемых процентовируемаемых процентовируемаемых процентовируемаемых процентовируемаемых процентовируемаемых процентовируемаем", "numeric_answer": null, "relative_error": null, "thinking_text": null, "has_tool_call": false, "tool_call": null, "usage": {"prompt_tokens": 210, "completion_tokens": 256, "total_tokens": 466, "token_count_source": "tokenizer"}, "decoding": {"temperature": 0.2, "top_p": null, "top_k": null, "max_tokens": 256, "seed": 42}, "prompt_tokens": 210, "completion_tokens": 256, "total_tokens": 466, "token_count_source": "tokenizer", "diffusion_steps": null, "flops_estimate": null, "flops_arch": null, "flops_model_params": null, "flops_active_params": null, "tokens_non_final": 69, "tokens_reasoning": 0, "tokens_response": 69, "elapsed_seconds": 18.52944779396057, "judgement": "Uncategorized"}
{"id": "taxes_000285", "topic": "taxes", "subtopic": "pre_discount_tax", "prompt": "Cart: $55.10, $57.04, $26.06. Local sales tax is 8.0% (tax calculated before discount). About how much is the total?", "exact_value": 149.26, "model": "tiiuae/Falcon-H1-7B-Instruct", "provider": "transformers", "response": "альными расчетами согласно правилам насколько возможно приблизительно рассчитаем итоговую сумму。(Применяются округления согласно правилам насколько возможно насколько приближенно согласно процентов процентов процентов процентов процентов процентов процентов процентов процентов процентов процентов процентов процентов процентов процентов процентов процентов процентов процентов процентов процентов процентов процентов процентов процентов процентов процентов процентов процентов процентов процентов процентов процентов процентов процентов процентов процентов процентов процентов процентов процентов процентов процентов процентов процентов процентов процентов процентов процентов процентов процентов процентов процентов процентов процентов процентов процентов процентов процентов процентов процентов процентов процентов процентов процентов процентов процентов процентов процентов процентов процентов процентов процентов процентов процентов процентов процентов процентов процентов процентов процентов процентов процентов процентов процентов процентов процентов процентов процентов процентов процентов процентов процентов процентов процентов процентов процентов процентов процентов процентов процентов процентов процентов процентов процентов процентов процентов процентов процентов процентов процентов процентов процентов процентов процентов процентов процентов процентов процентов процентов процентов процентов процентов процентов процентов процентов процентов процентов процентов процентов процентов процентов процентов процентов процентов процентов процентов процентов процентов процентов процентов процентов процентов процентов процентов процентов процентов процентов процентов процентов процентов процентов процентов процентов процентов процентов процентов процентов процентов процентов процентов процентов процентов процентов процентов процентов процентов процентов процентов процентов процентов процентов процентов процентов процентов процентов процентов процентов процентов процентов процентов процентов процентов процентов процентов процентов процентов процентов процентов процентов процентов процентов процентов процентов процентов процентов процентов процентов процентов процентов процентов процентов процентов процентов процентов процентов процентов процентов процентов процентов процентов процентов процентов процентов процентов процентов процентов процентов процентов процентов процентов процентов процентов процентов", "numeric_answer": null, "relative_error": null, "thinking_text": null, "has_tool_call": false, "tool_call": null, "usage": {"prompt_tokens": 210, "completion_tokens": 256, "total_tokens": 466, "token_count_source": "tokenizer"}, "decoding": {"temperature": 0.2, "top_p": null, "top_k": null, "max_tokens": 256, "seed": 42}, "prompt_tokens": 210, "completion_tokens": 256, "total_tokens": 466, "token_count_source": "tokenizer", "diffusion_steps": null, "flops_estimate": null, "flops_arch": null, "flops_model_params": null, "flops_active_params": null, "tokens_non_final": 242, "tokens_reasoning": 0, "tokens_response": 242, "elapsed_seconds": 18.583964586257935, "judgement": "Uncategorized"}
{"id": "taxes_000305", "topic": "taxes", "subtopic": "post_discount_tax", "prompt": "Cart: $11.77, $16.54, $39.43, $8.08 with a 15% store discount. Local sales tax is 8.0% (tax after discount). About how much is the total?", "exact_value": 69.6, "model": "tiiuae/Falcon-H1-7B-Instruct", "provider": "transformers", "response": "альными расчетами согласно правилам насколько возможно приближенно получаем итоговую стоимость корзины согласно приведенным данным насколько возможно приближенно согласно приведенным правилам насколько возможно приближенно получаем итоговую стоимость корзины согласно приведеннымальным путем насколько возможно приближенно получаем итоговую стоимость корзины согласно приведеннымальным путем насколько возможно приближенно получаем итоговую стоимость корзины согласно приведеннымальным путем насколько возможно приближенно получаем итоговую стоимость корзины согласно приведеннымальным путем насколько возможно приближенно получаем итоговую стоимость корации согласно приведеннымальным путем насколько возможно приближенно получаем итоговую стоимость корации согласно приведеннымальным путем насколько возможно приближенно получаем итоговую стоимость корации согласно приведеннымальным путем насколько возможно приближенно получаем итоговую стоимость корации согласно приведеннымальным путем насколько возможно приближенно получаем итоговую стоимость корации согласно приведеннымальным путем насколько возможно приближенно получаем итоговую стоимость корации согласно приведеннымальным путем насколько возможно приближенно получаем итоговую стоимость корации согласно приведеннымальным путем насколько возможно приближенно получаем итоговую стоимость корации согласно приведеннымальным путем насколько возможно", "numeric_answer": null, "relative_error": null, "thinking_text": null, "has_tool_call": false, "tool_call": null, "usage": {"prompt_tokens": 224, "completion_tokens": 256, "total_tokens": 480, "token_count_source": "tokenizer"}, "decoding": {"temperature": 0.2, "top_p": null, "top_k": null, "max_tokens": 256, "seed": 42}, "prompt_tokens": 224, "completion_tokens": 256, "total_tokens": 480, "token_count_source": "tokenizer", "diffusion_steps": null, "flops_estimate": null, "flops_arch": null, "flops_model_params": null, "flops_active_params": null, "tokens_non_final": 142, "tokens_reasoning": 0, "tokens_response": 142, "elapsed_seconds": 18.867743730545044, "judgement": "Uncategorized"}
{"id": "taxes_000325", "topic": "taxes", "subtopic": "post_discount_tax", "prompt": "Cart: $39.73, $18.58, $45.77, $3.63, $35.20 with a 20% store discount. Local sales tax is 6.0% (tax after discount). About how much is the total?", "exact_value": 121.19, "model": "tiiuae/Falcon-H1-7B-Instruct", "provider": "transformers", "response": "альными расчетами процентов процентов процентов процентов процентов процентов процентов процентов процентов процентов процентов процентов процентов процентов процентов процентов процентов процентов процентов процентов процентов процентов процентов процентов процентов процентов процентов процентов процентов процентов процентов процентов процентов процентов процентов процентов процентов процентов процентов процентов процентов процентов процентов процентов процентов процентов процентов процентов процентов процентов процентов процентов процентов процентов процентов процентов процентов процентов процентов процентов процентов процентов процентов процентов процентов процентов процентов процентов процентов процентов процентов процентов процентов процентов процентов процентов процентов процентов процентов процентов процентов процентов процентов процентов процентов процентов процентов процентов процентов процентов процентов процентов процентов процентов процентов процентов процентов процентов процентов процентов процентов процентов процентов процентов процентов процентов процентов процентов процентов процентов процентов процентов процентов процентов процентов процентов процентов процентов процентов процентов процентов процентов процентов процентов процентов процентов процентов процентов процентов процентов процентов процентов процентов процентов процентов процентов процентов процентов процентов процентов процентов процентов процентов процентов процентов процентов процентов процентов процентов процентов процентов процентов процентов процентов процентов процентов процентов процентов процентов процентов процентов процентов процентов процентов процентов процентов процентов процентов процентов процентов процентов процентов процентов процентов процентов процентов процентов процентов процентов процентов процентов процентов процентов процентов процентов процентов процентов процентов процентов процентов процентов процентов процентов процентов процентов процентов процентов процентов процентов процентов процентов процентов процентов процентов процентов процентов процентов процентов процентов процентов процентов процентов процентов процентов процентов процентов процентов процентов процентов процентов процентов процентов процентов процентов процентов процентов процентов процентов процентов процентов процентов процентов процентов процентов процентов процентов процентов процентов процентов процентов процентов процентов процентов процентов процентов процентов процентов процентов процентов процентов процентов процентов процентов", "numeric_answer": null, "relative_error": null, "thinking_text": null, "has_tool_call": false, "tool_call": null, "usage": {"prompt_tokens": 232, "completion_tokens": 256, "total_tokens": 488, "token_count_source": "tokenizer"}, "decoding": {"temperature": 0.2, "top_p": null, "top_k": null, "max_tokens": 256, "seed": 42}, "prompt_tokens": 232, "completion_tokens": 256, "total_tokens": 488, "token_count_source": "tokenizer", "diffusion_steps": null, "flops_estimate": null, "flops_arch": null, "flops_model_params": null, "flops_active_params": null, "tokens_non_final": 255, "tokens_reasoning": 0, "tokens_response": 255, "elapsed_seconds": 18.749810934066772, "judgement": "Uncategorized"}
{"id": "taxes_000345", "topic": "taxes", "subtopic": "post_discount_tax", "prompt": "Cart: $24.56, $46.80, $5.58, $29.56 with a 20% store discount. Local sales tax is 7.0% (tax after discount). About how much is the total?", "exact_value": 91.16, "model": "tiiuae/Falcon-H1-7B-Instruct", "provider": "transformers", "response": "альными расчетами путем округления процентовируем суммы согласно условия kompensierte mengen kompensierte mengen kompensierte mengen kompensierte mengen kompensierte mengen kompensierte mengen kompensierte mengen kompensierte mengen kompensierte mengen kompensierte mengen kompensierte mengen kompensierte mengen kompensierte mengen kompensierte mengen kompensierte mengen kompensierte mengen kompensierte mengen kompensierte mengen kompensierte mengen kompensierte mengen kompensierte mengen kompensierte mengen kompensierte mengen kompensierte mengen kompensierte mengen kompensierte mengen kompensierte mengen kompensierte mengen kompensierte mengen kompensierte mengen kompensierte mengen kompensierte mengen kompensierte mengen kompensierte mengen kompensierte mengen kompensierte mengen kompensierte mengen kompensierte mengen kompensierte mengen kompensierte mengen kompensierte mengen kompensierte mengen kompensierte mengen kompensierte mengen kompensierte mengen kompensierte mengen kompensierte mengen kompensierte mengen kompensierte mengen kompensierte mengen kompensierte mengen kompensierte mengen kompensierte mengen kompensierte mengen kompensierte mengen kompensierte mengen kompensierte mengen kompensierte mengen kompensierte mengen kompensierte mengen kompensierte mengen kompensierte mengen kompensierte mengen kompensierte mengen kompensierte mengen kompensierte mengen kompensierte mengen kompensierte mengen kompensierte mengen kompensierte mengen kompensierte mengen kompensierte mengen kompensierte mengen kompensierte mengen kompensierte mengen kompensierte mengen kompensierte mengen kompensierte mengen kompensierte mengen kompensierte mengen kompensierte mengen kompensierte", "numeric_answer": null, "relative_error": null, "thinking_text": null, "has_tool_call": false, "tool_call": null, "usage": {"prompt_tokens": 224, "completion_tokens": 256, "total_tokens": 480, "token_count_source": "tokenizer"}, "decoding": {"temperature": 0.2, "top_p": null, "top_k": null, "max_tokens": 256, "seed": 42}, "prompt_tokens": 224, "completion_tokens": 256, "total_tokens": 480, "token_count_source": "tokenizer", "diffusion_steps": null, "flops_estimate": null, "flops_arch": null, "flops_model_params": null, "flops_active_params": null, "tokens_non_final": 171, "tokens_reasoning": 0, "tokens_response": 171, "elapsed_seconds": 18.726934671401978, "judgement": "Uncategorized"}
{"id": "taxes_000365", "topic": "taxes", "subtopic": "pre_discount_tax", "prompt": "Cart: $25.08, $28.92, $32.37 with a 15% store discount. Local sales tax is 6.0% (tax calculated before discount). About how much is the total?", "exact_value": 78.6, "model": "tiiuae/Falcon-H1-7B-Instruct", "provider": "transformers", "response": "альными расчетами путем округления процентовируем итоговую сумму согласно условия kompensierte kompensierte kompensierte kompensierte kompensierte kompensierte kompensierte kompensierte kompensierte kompensierte kompensierte kompensierte kompensierte kompensierte kompensierte kompensierte kompensierte kompensierte kompensierte kompensierte kompensierte kompensierte kompensierte kompensierte kompensierte kompensierte kompensierte kompensierte kompensierte kompensierte kompensierte kompensierte kompensierte kompensierte kompensierte kompensierte kompensierte kompensierte kompensierte kompensierte kompensierte kompensierte kompensierte kompensierte kompensierte kompensierte kompensierte kompensierte kompensierte kompensierte kompensierte kompensierte kompensierte kompensierte kompensierte kompensierte kompensierte kompensierte kompensierte kompensierte kompensierte kompensierte kompensierte kompensierte kompensierte kompensierte kompensierte kompensierte kompensierte kompensierte kompensierte kompensierte kompensierte kompensierte kompensierte kompensierte kompensierte kompensierte kompensierte kompensierte kompensierte kompensierte kompensierte kompensierte kompensierte kompensierte kompensierte kompensierte kompensierte kompensierte kompensierte kompensierte kompensierte kompensierte kompensierte kompensierte kompensierte kompensierte kompensierte kompensierte kompensierte kompensierte kompensierte kompensierte kompensierte kompensierte kompensierte kompensierte kompensierte kompensierte kompensierte kompensierte kompensierte kompensierte kompensierte kompensierte kompensierte kompensierte kompensierte kompensierte kompensierte kompens", "numeric_answer": null, "relative_error": null, "thinking_text": null, "has_tool_call": false, "tool_call": null, "usage": {"prompt_tokens": 218, "completion_tokens": 256, "total_tokens": 474, "token_count_source": "tokenizer"}, "decoding": {"temperature": 0.2, "top_p": null, "top_k": null, "max_tokens": 256, "seed": 42}, "prompt_tokens": 218, "completion_tokens": 256, "total_tokens": 474, "token_count_source": "tokenizer", "diffusion_steps": null, "flops_estimate": null, "flops_arch": null, "flops_model_params": null, "flops_active_params": null, "tokens_non_final": 131, "tokens_reasoning": 0, "tokens_response": 131, "elapsed_seconds": 18.842055082321167, "judgement": "Uncategorized"}
{"id": "taxes_000385", "topic": "taxes", "subtopic": "pre_discount_tax", "prompt": "Cart: $51.59, $30.61, $22.59, $17.83 with a 10% store discount. Local sales tax is 8.5% (tax calculated before discount). About how much is the total?", "exact_value": 120.78, "model": "tiiuae/Falcon-H1-7B-Instruct", "provider": "transformers", "response": "альными расчетами согласно правилам насколько возможно приблизительно оценим итоговую стоимость корзины согласно приведенным данным насколько возможно приблизительно согласно приведенным данным насколько возможно приблизительно согласно приведеннымальным путем насколько возможно приблизительно согласно приведеннымальным путем насколько возможно приблизительно согласно приведеннымальным путем насколько возможно приблизительно согласно приведеннымальным путем насколько возможно приблизительно согласно приведеннымальным путем насколько возможно приблизительно согласно приведеннымальным путем насколько возможно приблизительно согласно приведеннымальным путем насколько возможно приблизительно согласно приведеннымальным путем насколько возможно приблизительно согласно приведеннымальным путем насколько возможно приблизительно согласно приведеннымальным путем насколько возможно приблизительно согласно приведеннымальным путем насколько возможно приблизительно согласно приведеннымальным путем насколько возможно приблизительно согласно приведеннымальным путем насколько возможно приблизительно согласно приведеннымальным путем насколько возможно приблизительно согласно приведеннымальным путем насколько возможно приблизительно согласно приведеннымальным путем насколько возможно приблизительно согласно приведеннымальным путем насколько возможно приблизительно согласно приведеннымальным путем насколько возможно приблизительно согласно приведеннымальным путем насколько возможно приблизительно согласно приведеннымальным путем насколько возможно приблизительно согласно приведеннымальным путем насколько возможно приблизительно согласно приведеннымальным путем насколько возможно приблиз", "numeric_answer": null, "relative_error": null, "thinking_text": null, "has_tool_call": false, "tool_call": null, "usage": {"prompt_tokens": 226, "completion_tokens": 256, "total_tokens": 482, "token_count_source": "tokenizer"}, "decoding": {"temperature": 0.2, "top_p": null, "top_k": null, "max_tokens": 256, "seed": 42}, "prompt_tokens": 226, "completion_tokens": 256, "total_tokens": 482, "token_count_source": "tokenizer", "diffusion_steps": null, "flops_estimate": null, "flops_arch": null, "flops_model_params": null, "flops_active_params": null, "tokens_non_final": 155, "tokens_reasoning": 0, "tokens_response": 155, "elapsed_seconds": 18.532894611358643, "judgement": "Uncategorized"}
{"id": "taxes_000405", "topic": "taxes", "subtopic": "pre_discount_tax", "prompt": "Cart: $53.39, $53.80, $28.30, $24.65, $5.80 with a 20% store discount. Local sales tax is 7.0% (tax calculated before discount). About how much is the total?", "exact_value": 144.37, "model": "tiiuae/Falcon-H1-7B-Instruct", "provider": "transformers", "response": "�альное решение вместо точного расчета согласно правилам задачиируя исходя из процентов скидок и налоговируемости согласно приведенной информацииируем примерно насколько процентов процентов процентов процентов процентов процентов процентов процентов процентов процентов процентов процентов процентов процентов процентов процентов процентов процентов процентов процентов процентов процентов процентов процентов процентов процентов процентов процентов процентов процентов процентов процентов процентов процентов процентов процентов процентов процентов процентов процентов процентов процентов процентов процентов процентов процентов процентов процентов процентов процентов процентов процентов процентов процентов процентов процентов процентов процентов процентов процентов процентов процентов процентов процентов процентов процентов процентов процентов процентов процентов процентов процентов процентов процентов процентов процентов процентов процентов процентов процентов процентов процентов процентов процентов процентов процентов процентов процентов процентов процентов процентов процентов процентов процентов процентов процентов процентов процентов процентов процентов процентов процентов процентов процентов процентов процентов процентов процентов процентов процентов процентов процентов процентов процентов процентов процентов процентов процентов процентов процентов процентов процентов процентов процентов процентов процентов процентов процентов процентов процентов процентов процентов процентов процентов процентов процентов процентов процентов процентов процентов процентов процентов процентов процентов процентов процентов процентов процентов процентов процентов процентов процентов процентов процентов процентов процентов процентов процентов процентов процентов процентов процентов процентов процентов процентов процентов процентов процентов процентов процентов процентов процентов процентов процентов процентов процентов процентов процентов процентов процентов процентов процентов процентов процентов процентов процентов процентов процентов процентов процентов процентов процентов процентов процентов процентов процентов процентов процентов процентов процентов процентов процентов процентов процентов процентов процентов процентов процентов процентов процентов процентов процентов процентов процентов процентов процентов процентов процентов процентов процентов процентов процентов процентов процентов процентов", "numeric_answer": null, "relative_error": null, "thinking_text": null, "has_tool_call": false, "tool_call": null, "usage": {"prompt_tokens": 233, "completion_tokens": 256, "total_tokens": 489, "token_count_source": "tokenizer"}, "decoding": {"temperature": 0.2, "top_p": null, "top_k": null, "max_tokens": 256, "seed": 42}, "prompt_tokens": 233, "completion_tokens": 256, "total_tokens": 489, "token_count_source": "tokenizer", "diffusion_steps": null, "flops_estimate": null, "flops_arch": null, "flops_model_params": null, "flops_active_params": null, "tokens_non_final": 244, "tokens_reasoning": 0, "tokens_response": 244, "elapsed_seconds": 18.331456899642944, "judgement": "Uncategorized"}
{"id": "taxes_000425", "topic": "taxes", "subtopic": "post_discount_tax", "prompt": "Cart: $22.61, $7.97, $56.54, $11.80. Local sales tax is 7.0% (tax after discount). About how much is the total?", "exact_value": 105.84, "model": "tiiuae/Falcon-H1-7B-Instruct", "provider": "transformers", "response": "альными расчетами процентов процентов процентов процентов процентов процентов процентов процентов процентов процентов процентов процентов процентов процентов процентов процентов процентов процентов процентов процентов процентов процентов процентов процентов процентов процентов процентов процентов процентов процентов процентов процентов процентов процентов процентов процентов процентов процентов процентов процентов процентов процентов процентов процентов процентов процентов процентов процентов процентов процентов процентов процентов процентов процентов процентов процентов процентов процентов процентов процентов процентов процентов процентов процентов процентов процентов процентов процентов процентов процентов процентов процентов процентов процентов процентов процентов процентов процентов процентов процентов процентов процентов процентов процентов процентов процентов процентов процентов процентов процентов процентов процентов процентов процентов процентов процентов процентов процентов процентов процентов процентов процентов процентов процентов процентов процентов процентов процентов процентов процентов процентов процентов процентов процентов процентов процентов процентов процентов процентов процентов процентов процентов процентов процентов процентов процентов процентов процентов процентов процентов процентов процентов процентов процентов процентов процентов процентов процентов процентов процентов процентов процентов процентов процентов процентов процентов процентов процентов процентов процентов процентов процентов процентов процентов процентов процентов процентов процентов процентов процентов процентов процентов процентов процентов процентов процентов процентов процентов процентов процентов процентов процентов процентов процентов процентов процентов процентов процентов процентов процентов процентов процентов процентов процентов процентов процентов процентов процентов процентов процентов процентов процентов процентов процентов процентов процентов процентов процентов процентов процентов процентов процентов процентов процентов процентов процентов процентов процентов процентов процентов процентов процентов процентов процентов процентов процентов процентов процентов процентов процентов процентов процентов процентов процентов процентов процентов процентов процентов процентов процентов процентов процентов процентов процентов процентов процентов процентов процентов процентов процентов процентов процентов процентов процентов процентов процентов процентов процентов процентов процентов процентов процентов процентов", "numeric_answer": null, "relative_error": null, "thinking_text": null, "has_tool_call": false, "tool_call": null, "usage": {"prompt_tokens": 216, "completion_tokens": 256, "total_tokens": 472, "token_count_source": "tokenizer"}, "decoding": {"temperature": 0.2, "top_p": null, "top_k": null, "max_tokens": 256, "seed": 42}, "prompt_tokens": 216, "completion_tokens": 256, "total_tokens": 472, "token_count_source": "tokenizer", "diffusion_steps": null, "flops_estimate": null, "flops_arch": null, "flops_model_params": null, "flops_active_params": null, "tokens_non_final": 255, "tokens_reasoning": 0, "tokens_response": 255, "elapsed_seconds": 18.369604349136353, "judgement": "Uncategorized"}
{"id": "taxes_000445", "topic": "taxes", "subtopic": "pre_discount_tax", "prompt": "Cart: $46.59, $16.28. Local sales tax is 8.5% (tax calculated before discount). About how much is the total?", "exact_value": 68.21, "model": "tiiuae/Falcon-H1-7B-Instruct", "provider": "transformers", "response": "альными расчетами путем округления процентов процентов до процентов процентов процентов процентов процентов процентов процентов процентов процентов процентов процентов процентов процентов процентов процентов процентов процентов процентов процентов процентов процентов процентов процентов процентов процентов процентов процентов процентов процентов процентов процентов процентов процентов процентов процентов процентов процентов процентов процентов процентов процентов процентов процентов процентов процентов процентов процентов процентов процентов процентов процентов процентов процентов процентов процентов процентов процентов процентов процентов процентов процентов процентов процентов процентов процентов процентов процентов процентов процентов процентов процентов процентов процентов процентов процентов процентов процентов процентов процентов процентов процентов процентов процентов процентов процентов процентов процентов процентов процентов процентов процентов процентов процентов процентов процентов процентов процентов процентов процентов процентов процентов процентов процентов процентов процентов процентов процентов процентов процентов процентов процентов процентов процентов процентов процентов процентов процентов процентов процентов процентов процентов процентов процентов процентов процентов процентов процентов процентов процентов процентов процентов процентов процентов процентов процентов процентов процентов процентов процентов процентов процентов процентов процентов процентов процентов процентов процентов процентов процентов процентов процентов процентов процентов процентов процентов процентов процентов процентов процентов процентов процентов процентов процентов процентов процентов процентов процентов процентов процентов процентов процентов процентов процентов процентов процентов процентов процентов процентов процентов процентов процентов процентов процентов процентов процентов процентов процентов процентов процентов процентов процентов процентов процентов процентов процентов процентов процентов процентов процентов процентов процентов процентов процентов процентов процентов процентов процентов процентов процентов процентов процентов процентов процентов процентов процентов процентов процентов процентов процентов процентов процентов процентов процентов процентов процентов процентов процентов процентов процентов процентов процентов процентов процентов процентов процентов процентов процентов процентов процентов процентов процентов процентов процентов процентов процентов процентов процентов", "numeric_answer": null, "relative_error": null, "thinking_text": null, "has_tool_call": false, "tool_call": null, "usage": {"prompt_tokens": 202, "completion_tokens": 256, "total_tokens": 458, "token_count_source": "tokenizer"}, "decoding": {"temperature": 0.2, "top_p": null, "top_k": null, "max_tokens": 256, "seed": 42}, "prompt_tokens": 202, "completion_tokens": 256, "total_tokens": 458, "token_count_source": "tokenizer", "diffusion_steps": null, "flops_estimate": null, "flops_arch": null, "flops_model_params": null, "flops_active_params": null, "tokens_non_final": 254, "tokens_reasoning": 0, "tokens_response": 254, "elapsed_seconds": 18.408629417419434, "judgement": "Uncategorized"}
{"id": "taxes_000465", "topic": "taxes", "subtopic": "pre_discount_tax", "prompt": "Cart: $4.60, $30.69, $19.15 with a 10% store discount. Local sales tax is 7.0% (tax calculated before discount). About how much is the total?", "exact_value": 52.81, "model": "tiiuae/Falcon-H1-7B-Instruct", "provider": "transformers", "response": "альными расчетами путем округления цен до человеческих чисел насколько возможно насколько возможно насколько возможно насколько возможно насколько возможно насколько возможно насколько возможно насколько возможно насколько возможно насколько возможно насколько возможно насколько возможно насколько возможно насколько возможно насколько возможно насколько возможно насколько возможно насколько возможно насколько возможно насколько возможно насколько возможно насколько возможно насколько возможно насколько возможно насколько возможно насколько возможно насколько возможно насколько возможно насколько возможно насколько возможно насколько возможно насколько возможно насколько возможно насколько возможно насколько возможно насколько возможно насколько возможно насколько возможно насколько возможно насколько возможно насколько возможно насколько возможно насколько возможно насколько возможно насколько возможно насколько возможно насколько возможно насколько возможно насколько возможно насколько возможно насколько возможно насколько возможно насколько возможно насколько возможно насколько возможно насколько возможно насколько возможно насколько возможно насколько возможно насколько возможно насколько возможно насколько возможно насколько возможно насколько возможно насколько возможно насколько возможно насколько возможно насколько возможно насколько возможно насколько возможно насколько возможно насколько возможно насколько возможно насколько возможно насколько возможно насколько возможно насколько возможно насколько возможно насколько возможно насколько возможно насколько возможно насколько возможно насколько возможно насколько возможно насколько возможно насколько возможно насколько возможно насколько возможно насколько возможно насколько возможно насколько возможно насколько возможно насколько возможно насколько возможно насколько возможно насколько возможно насколько возможно насколько возможно насколько возможно насколько возможно насколько возможно насколько возможно насколько возможно насколько возможно насколько возможно насколько возможно насколько возможно насколько возможно насколько возможно насколько возможно насколько возможно насколько возможно насколько возможно насколько возможно насколько возможно насколько возможно насколько возможно насколько возможно насколько возможно насколько возможно насколько возможно насколько возможно", "numeric_answer": null, "relative_error": null, "thinking_text": null, "has_tool_call": false, "tool_call": null, "usage": {"prompt_tokens": 217, "completion_tokens": 256, "total_tokens": 473, "token_count_source": "tokenizer"}, "decoding": {"temperature": 0.2, "top_p": null, "top_k": null, "max_tokens": 256, "seed": 42}, "prompt_tokens": 217, "completion_tokens": 256, "total_tokens": 473, "token_count_source": "tokenizer", "diffusion_steps": null, "flops_estimate": null, "flops_arch": null, "flops_model_params": null, "flops_active_params": null, "tokens_non_final": 252, "tokens_reasoning": 0, "tokens_response": 252, "elapsed_seconds": 18.513941764831543, "judgement": "Uncategorized"}
{"id": "taxes_000485", "topic": "taxes", "subtopic": "post_discount_tax", "prompt": "Cart: $34.84, $9.92, $58.12 with a 15% store discount. Local sales tax is 8.0% (tax after discount). About how much is the total?", "exact_value": 94.44, "model": "tiiuae/Falcon-H1-7B-Instruct", "provider": "transformers", "response": "альными расчетами согласно правилам насколько возможно приблизительно оценим итоговую стоимость корзины согласно приведенным данным насколько возможно приблизительно согласно приведенным данным насколько возможно приблизительно согласно приведеннымальным расчет насколько возможно насколько насколько насколько насколько насколько насколько насколько насколько насколько насколько насколько насколько насколько насколько насколько насколько насколько насколько насколько насколько насколько насколько насколько насколько насколько насколько насколько насколько насколько насколько насколько насколько насколько насколько насколько насколько насколько насколько насколько насколько насколько насколько насколько насколько насколько насколько насколько насколько насколько насколько насколько насколько насколько насколько насколько насколько насколько насколько насколько насколько насколько насколько насколько насколько насколько насколько насколько насколько насколько насколько насколько насколько насколько насколько насколько насколько насколько насколько насколько насколько насколько насколько насколько насколько насколько насколько насколько насколько насколько насколько насколько насколько насколько насколько насколько насколько насколько насколько насколько насколько насколько насколько насколько насколько насколько насколько насколько насколько насколько насколько насколько насколько насколько насколько насколько насколько насколько насколько насколько насколько насколько насколько насколько насколько насколько насколько насколько насколько насколько насколько насколько насколько насколько насколько насколько насколько насколько насколько насколько насколько насколько насколько насколько насколько насколько насколько насколько насколько насколько насколько насколько насколько насколько насколько насколько насколько насколько насколько насколько насколько насколько насколько насколько насколько насколько насколько насколько насколько насколько насколько насколько насколько насколько насколько насколько насколько насколько насколько насколько насколько насколько насколько насколько насколько насколько насколько насколько насколько насколько насколько насколько насколько насколько насколько насколько насколько насколько насколько насколько насколько насколько насколько насколько насколько насколько насколько насколько насколько насколько насколько насколько насколько", "numeric_answer": null, "relative_error": null, "thinking_text": null, "has_tool_call": false, "tool_call": null, "usage": {"prompt_tokens": 216, "completion_tokens": 256, "total_tokens": 472, "token_count_source": "tokenizer"}, "decoding": {"temperature": 0.2, "top_p": null, "top_k": null, "max_tokens": 256, "seed": 42}, "prompt_tokens": 216, "completion_tokens": 256, "total_tokens": 472, "token_count_source": "tokenizer", "diffusion_steps": null, "flops_estimate": null, "flops_arch": null, "flops_model_params": null, "flops_active_params": null, "tokens_non_final": 240, "tokens_reasoning": 0, "tokens_response": 240, "elapsed_seconds": 18.642306327819824, "judgement": "Uncategorized"}
{"id": "taxes_000505", "topic": "taxes", "subtopic": "post_discount_tax", "prompt": "Cart: $21.24, $18.83, $46.12, $12.11, $38.47 with a 15% store discount. Local sales tax is 7.0% (tax after discount). About how much is the total?", "exact_value": 124.39, "model": "tiiuae/Falcon-H1-7B-Instruct", "provider": "transformers", "response": "альными расчетами согласно правилам насколько возможно приблизительно рассчитаем итоговую стоимость корзины согласно приведенным данным насколько возможно быстро насколько возможно приблизительно согласно приведенным данным насколько возможно насколько возможно насколько возможно насколько возможно насколько возможно насколько возможно насколько возможно насколько возможно насколько возможно насколько возможно насколько возможно насколько возможно насколько возможно насколько возможно насколько возможно насколько возможно насколько возможно насколько возможно насколько возможно насколько возможно насколько возможно насколько возможно насколько возможно насколько возможно насколько возможно насколько возможно насколько возможно насколько возможно насколько возможно насколько возможно насколько возможно насколько возможно насколько возможно насколько возможно насколько возможно насколько возможно насколько возможно насколько возможно насколько возможно насколько возможно насколько возможно насколько возможно насколько возможно насколько возможно насколько возможно насколько возможно насколько возможно насколько возможно насколько возможно насколько возможно насколько возможно насколько возможно насколько возможно насколько возможно насколько возможно насколько возможно насколько возможно насколько возможно насколько возможно насколько возможно насколько возможно насколько возможно насколько возможно насколько возможно насколько возможно насколько возможно насколько возможно насколько возможно насколько возможно насколько возможно насколько возможно насколько возможно насколько возможно насколько возможно насколько возможно насколько возможно насколько возможно насколько возможно насколько возможно насколько возможно насколько возможно насколько возможно насколько возможно насколько возможно насколько возможно насколько возможно насколько возможно насколько возможно насколько возможно насколько возможно насколько возможно насколько возможно насколько возможно насколько возможно насколько возможно насколько возможно насколько возможно насколько возможно насколько возможно насколько возможно насколько возможно насколько возможно насколько возможно насколько возможно насколько возможно насколько возможно насколько возможно насколько возможно насколько возможно насколько возможно насколько", "numeric_answer": null, "relative_error": null, "thinking_text": null, "has_tool_call": false, "tool_call": null, "usage": {"prompt_tokens": 233, "completion_tokens": 256, "total_tokens": 489, "token_count_source": "tokenizer"}, "decoding": {"temperature": 0.2, "top_p": null, "top_k": null, "max_tokens": 256, "seed": 42}, "prompt_tokens": 233, "completion_tokens": 256, "total_tokens": 489, "token_count_source": "tokenizer", "diffusion_steps": null, "flops_estimate": null, "flops_arch": null, "flops_model_params": null, "flops_active_params": null, "tokens_non_final": 244, "tokens_reasoning": 0, "tokens_response": 244, "elapsed_seconds": 18.449935913085938, "judgement": "Uncategorized"}
{"id": "taxes_000525", "topic": "taxes", "subtopic": "pre_discount_tax", "prompt": "Cart: $40.81, $31.93, $33.24, $7.40. Local sales tax is 7.0% (tax calculated before discount). About how much is the total?", "exact_value": 121.32, "model": "tiiuae/Falcon-H1-7B-Instruct", "provider": "transformers", "response": "альными расчетами согласно правилам насколько возможно приблизительно рассчитаем итоговую стоимость корзины согласно приведенным даннымальными расчетами согласно правилальным согласноальнымальнымальнымальнымальнымальнымальнымальнымальнымальнымальнымальнымальнымальнымальнымальнымальнымальнымальнымальнымальнымальнымальнымальнымальнымальнымальнымальнымальнымальнымальнымальнымальнымальнымальнымальнымальнымальнымальнымальнымальнымальнымальнымальнымальнымальнымальнымальнымальнымальнымальнымальнымальнымальнымальнымальнымальнымальнымальнымальнымальнымальнымальнымальнымальнымальнымальнымальнымальнымальнымальнымальнымальнымальнымальнымальнымальнымальнымальнымальнымальнымальнымальнымальнымальнымальнымальнымальнымальнымальнымальнымальнымальнымальнымальнымальнымальнымальнымальнымальнымальнымальнымальнымальнымальнымальнымальнымальнымальнымальнымальнымальнымальнымальнымальнымальнымальнымальнымальнымальнымальнымальнымальнымальнымальнымальнымальнымальнымальнымальнымальнымальнымальнымальнымальнымальнымальнымальнымальнымальнымальнымальнымальнымальнымальнымальнымальнымальнымальнымальнымальнымальнымальнымальнымальнымальнымальнымальнымальнымальнымальнымальнымальнымальнымальнымальнымальнымальнымальнымальнымальнымальнымальнымальнымальнымальнымальнымальнымальнымальнымальнымальнымальнымальнымальнымальнымальнымальнымальнымальнымальнымальнымальнымальнымальнымальнымальнымальнымальнымальнымальнымальнымальнымальнымальнымальнымальнымальнымальнымальнымальнымальнымальнымальнымальнымальнымальнымальнымальнымальнымальнымальнымальнымальнымальнымальным", "numeric_answer": null, "relative_error": null, "thinking_text": null, "has_tool_call": false, "tool_call": null, "usage": {"prompt_tokens": 217, "completion_tokens": 256, "total_tokens": 473, "token_count_source": "tokenizer"}, "decoding": {"temperature": 0.2, "top_p": null, "top_k": null, "max_tokens": 256, "seed": 42}, "prompt_tokens": 217, "completion_tokens": 256, "total_tokens": 473, "token_count_source": "tokenizer", "diffusion_steps": null, "flops_estimate": null, "flops_arch": null, "flops_model_params": null, "flops_active_params": null, "tokens_non_final": 18, "tokens_reasoning": 0, "tokens_response": 18, "elapsed_seconds": 18.461797952651978, "judgement": "Uncategorized"}
{"id": "taxes_000545", "topic": "taxes", "subtopic": "pre_discount_tax", "prompt": "Cart: $59.68, $15.72 with a 15% store discount. Local sales tax is 8.5% (tax calculated before discount). About how much is the total?", "exact_value": 70.5, "model": "tiiuae/Falcon-H1-7B-Instruct", "provider": "transformers", "response": "альными расчетами согласно правилам насколько возможно приблизительно рассчитаем итоговую стоимость согласно приведенным данным насколько возможно насколько возможно насколько возможно насколько возможно насколько возможно насколько возможно насколько возможно насколько возможно насколько возможно насколько возможно насколько возможно насколько возможно насколько возможно насколько возможно насколько возможно насколько возможно насколько возможно насколько возможно насколько возможно насколько возможно насколько возможно насколько возможно насколько возможно насколько возможно насколько возможно насколько возможно насколько возможно насколько возможно насколько возможно насколько возможно насколько возможно насколько возможно насколько возможно насколько возможно насколько возможно насколько возможно насколько возможно насколько возможно насколько возможно насколько возможно насколько возможно насколько возможно насколько возможно насколько возможно насколько возможно насколько возможно насколько возможно насколько возможно насколько возможно насколько возможно насколько возможно насколько возможно насколько возможно насколько возможно насколько возможно насколько возможно насколько возможно насколько возможно насколько возможно насколько возможно насколько возможно насколько возможно насколько возможно насколько возможно насколько возможно насколько возможно насколько возможно насколько возможно насколько возможно насколько возможно насколько возможно насколько возможно насколько возможно насколько возможно насколько возможно насколько возможно насколько возможно насколько возможно насколько возможно насколько возможно насколько возможно насколько возможно насколько возможно насколько возможно насколько возможно насколько возможно насколько возможно насколько возможно насколько возможно насколько возможно насколько возможно насколько возможно насколько возможно насколько возможно насколько возможно насколько возможно насколько возможно насколько возможно насколько возможно насколько возможно насколько возможно насколько возможно насколько возможно насколько возможно насколько возможно насколько возможно насколько возможно насколько возможно насколько возможно насколько возможно насколько возможно насколько возможно насколько возможно насколько возможно насколько возможно насколько возможно насколько возможно насколько возможно", "numeric_answer": null, "relative_error": null, "thinking_text": null, "has_tool_call": false, "tool_call": null, "usage": {"prompt_tokens": 210, "completion_tokens": 256, "total_tokens": 466, "token_count_source": "tokenizer"}, "decoding": {"temperature": 0.2, "top_p": null, "top_k": null, "max_tokens": 256, "seed": 42}, "prompt_tokens": 210, "completion_tokens": 256, "total_tokens": 466, "token_count_source": "tokenizer", "diffusion_steps": null, "flops_estimate": null, "flops_arch": null, "flops_model_params": null, "flops_active_params": null, "tokens_non_final": 249, "tokens_reasoning": 0, "tokens_response": 249, "elapsed_seconds": 18.523893117904663, "judgement": "Uncategorized"}
{"id": "taxes_000565", "topic": "taxes", "subtopic": "pre_discount_tax", "prompt": "Cart: $26.85, $46.69, $42.49 with a 10% store discount. Local sales tax is 8.0% (tax calculated before discount). About how much is the total?", "exact_value": 113.71, "model": "tiiuae/Falcon-H1-7B-Instruct", "provider": "transformers", "response": "альными расчетами согласно правилам насколько возможно приблизительно рассчитаем итоговую стоимость корзины согласно приведенным данным насколько возможно приблизительно согласно приведенным данным насколько возможно приблизительно согласно приведеннымальным путем насколько возможно приблизительно согласно приведеннымальным путем насколько возможно приблизительно согласно приведеннымальным путем насколько возможно приблизительно согласно приведеннымальным путем насколько возможно приблизительно согласно приведеннымальным путем насколько возможно приблизительно согласно приведеннымальным путем насколько возможно приблизительно согласно приведеннымальным путем насколько возможно приблизительно согласно приведеннымальным путем насколько возможно приблизительно согласно приведеннымальным путем насколько возможно приблизительно согласно приведеннымальным путем насколько возможно приблизительно согласно приведеннымальным путем насколько возможно приблизительно согласно приведеннымальным путем насколько возможно приблизительно согласно приведеннымальным путем насколько возможно приблизительно согласно приведеннымальным путем насколько возможно приблизительно согласно приведеннымальным путем насколько возможно приблизительно согласно приведеннымальным путем насколько возможно приблизительно согласно приведеннымальным путем насколько возможно приблизительно согласно приведеннымальным путем насколько возможно приблизительно согласно приведеннымальным путем насколько возможно приблизительно согласно приведеннымальным путем насколько возможно приблизительно согласно приведеннымальным путем насколько возможно приблизительно согласно приведеннымальным путем насколько возможно приблиз", "numeric_answer": null, "relative_error": null, "thinking_text": null, "has_tool_call": false, "tool_call": null, "usage": {"prompt_tokens": 218, "completion_tokens": 256, "total_tokens": 474, "token_count_source": "tokenizer"}, "decoding": {"temperature": 0.2, "top_p": null, "top_k": null, "max_tokens": 256, "seed": 42}, "prompt_tokens": 218, "completion_tokens": 256, "total_tokens": 474, "token_count_source": "tokenizer", "diffusion_steps": null, "flops_estimate": null, "flops_arch": null, "flops_model_params": null, "flops_active_params": null, "tokens_non_final": 155, "tokens_reasoning": 0, "tokens_response": 155, "elapsed_seconds": 18.797911643981934, "judgement": "Uncategorized"}
{"id": "taxes_000585", "topic": "taxes", "subtopic": "pre_discount_tax", "prompt": "Cart: $39.46, $16.46, $27.60 with a 15% store discount. Local sales tax is 7.5% (tax calculated before discount). About how much is the total?", "exact_value": 77.26, "model": "tiiuae/Falcon-H1-7B-Instruct", "provider": "transformers", "response": "альными расчетами согласно правилам насколько возможно приблизительно рассчитаем итоговую стоимость корзины согласно приведенным данным насколько возможно быстро насколько возможно приблизительно насколько возможно насколько возможно насколько возможно насколько возможно насколько возможно насколько возможно насколько возможно насколько возможно насколько возможно насколько возможно насколько возможно насколько возможно насколько возможно насколько возможно насколько возможно насколько возможно насколько возможно насколько возможно насколько возможно насколько возможно насколько возможно насколько возможно насколько возможно насколько возможно насколько возможно насколько возможно насколько возможно насколько возможно насколько возможно насколько возможно насколько возможно насколько возможно насколько возможно насколько возможно насколько возможно насколько возможно насколько возможно насколько возможно насколько возможно насколько возможно насколько возможно насколько возможно насколько возможно насколько возможно насколько возможно насколько возможно насколько возможно насколько возможно насколько возможно насколько возможно насколько возможно насколько возможно насколько возможно насколько возможно насколько возможно насколько возможно насколько возможно насколько возможно насколько возможно насколько возможно насколько возможно насколько возможно насколько возможно насколько возможно насколько возможно насколько возможно насколько возможно насколько возможно насколько возможно насколько возможно насколько возможно насколько возможно насколько возможно насколько возможно насколько возможно насколько возможно насколько возможно насколько возможно насколько возможно насколько возможно насколько возможно насколько возможно насколько возможно насколько возможно насколько возможно насколько возможно насколько возможно насколько возможно насколько возможно насколько возможно насколько возможно насколько возможно насколько возможно насколько возможно насколько возможно насколько возможно насколько возможно насколько возможно насколько возможно насколько возможно насколько возможно насколько возможно насколько возможно насколько возможно насколько возможно насколько возможно насколько возможно насколько возможно насколько возможно насколько возможно насколько возможно насколько возможно насколько", "numeric_answer": null, "relative_error": null, "thinking_text": null, "has_tool_call": false, "tool_call": null, "usage": {"prompt_tokens": 218, "completion_tokens": 256, "total_tokens": 474, "token_count_source": "tokenizer"}, "decoding": {"temperature": 0.2, "top_p": null, "top_k": null, "max_tokens": 256, "seed": 42}, "prompt_tokens": 218, "completion_tokens": 256, "total_tokens": 474, "token_count_source": "tokenizer", "diffusion_steps": null, "flops_estimate": null, "flops_arch": null, "flops_model_params": null, "flops_active_params": null, "tokens_non_final": 245, "tokens_reasoning": 0, "tokens_response": 245, "elapsed_seconds": 18.85099744796753, "judgement": "Uncategorized"}
{"id": "taxes_000605", "topic": "taxes", "subtopic": "post_discount_tax", "prompt": "Cart: $56.51, $45.65, $41.70 with a 15% store discount. Local sales tax is 8.5% (tax after discount). About how much is the total?", "exact_value": 132.67, "model": "tiiuae/Falcon-H1-7B-Instruct", "provider": "transformers", "response": "альными расчетами согласно правилам насколько возможно приблизительно оценим итоговую стоимость корзины согласно приведенным данным насколько возможно приблизительно согласно приведенным данным насколько возможно приблизительно согласно приведеннымальным путем насколько возможно приблизительно согласно приведеннымальным путем насколько возможно приблизительно согласно приведеннымальным путем насколько возможно приблизительно согласно приведеннымальным путем насколько возможно приблизительно согласно приведеннымальным путем насколько возможно приблизительно согласно приведеннымальным путем насколько возможно приблизительно согласно приведеннымальным путем насколько возможно приблизительно согласно приведеннымальным путем насколько возможно приблизительно согласно приведеннымальным путем насколько возможно приблизительно согласно приведеннымальным путем насколько возможно приблизительно согласно приведеннымальным путем насколько возможно приблизительно согласно приведеннымальным путем насколько возможно приблизительно согласно приведеннымальным путем насколько возможно приблизительно согласно приведеннымальным путем насколько возможно приблизительно согласно приведеннымальным путем насколько возможно приблизительно согласно приведеннымальным путем насколько возможно приблизительно согласно приведеннымальным путем насколько возможно приблизительно согласно приведеннымальным путем насколько возможно приблизительно согласно приведеннымальным путем насколько возможно приблизительно согласно приведеннымальным путем насколько возможно приблизительно согласно приведеннымальным путем насколько возможно приблизительно согласно приведеннымальным путем насколько возможно приблиз", "numeric_answer": null, "relative_error": null, "thinking_text": null, "has_tool_call": false, "tool_call": null, "usage": {"prompt_tokens": 217, "completion_tokens": 256, "total_tokens": 473, "token_count_source": "tokenizer"}, "decoding": {"temperature": 0.2, "top_p": null, "top_k": null, "max_tokens": 256, "seed": 42}, "prompt_tokens": 217, "completion_tokens": 256, "total_tokens": 473, "token_count_source": "tokenizer", "diffusion_steps": null, "flops_estimate": null, "flops_arch": null, "flops_model_params": null, "flops_active_params": null, "tokens_non_final": 155, "tokens_reasoning": 0, "tokens_response": 155, "elapsed_seconds": 18.734307527542114, "judgement": "Uncategorized"}
{"id": "taxes_000625", "topic": "taxes", "subtopic": "post_discount_tax", "prompt": "Cart: $45.52, $11.14, $39.66 with a 15% store discount. Local sales tax is 7.5% (tax after discount). About how much is the total?", "exact_value": 88.01, "model": "tiiuae/Falcon-H1-7B-Instruct", "provider": "transformers", "response": "альными расчетами согласно правилам насколько возможно приблизительно оценим итоговую стоимость корзины согласно приведенным данным насколько возможно приблизительно согласно приведенным данным насколько возможно приблизительно согласно приведеннымальным расчетальным путем насколько возможно приблизительно согласно приведеннымальным путем насколько возможно приблизительно согласно приведеннымальным путем насколько возможно приблизительно согласно приведеннымальным путем насколько возможно приблизительно согласно приведеннымальным путем насколько возможно приблизительно согласно приведеннымальным путем насколько возможно приблизительно согласно приведеннымальным путем насколько возможно приблизительно согласно приведеннымальным путем насколько возможно приблизительно согласно приведеннымальным путем насколько возможно приблизительно согласно приведеннымальным путем насколько возможно приблизительно согласно приведеннымальным путем насколько возможно приблизительно согласно приведеннымальным путем насколько возможно приблизительно согласно приведеннымальным путем насколько возможно приблизительно согласно приведеннымальным путем насколько возможно приблизительно согласно приведеннымальным путем насколько возможно приблизительно согласно приведеннымальным путем насколько возможно приблизительно согласно приведеннымальным путем насколько возможно приблизительно согласно приведеннымальным путем насколько возможно приблизительно согласно приведеннымальным путем насколько возможно приблизительно согласно приведеннымальным путем насколько возможно приблизительно согласно приведеннымальным путем насколько возможно приблизительно согласно приведеннымальным путем насколько возможно", "numeric_answer": null, "relative_error": null, "thinking_text": null, "has_tool_call": false, "tool_call": null, "usage": {"prompt_tokens": 217, "completion_tokens": 256, "total_tokens": 473, "token_count_source": "tokenizer"}, "decoding": {"temperature": 0.2, "top_p": null, "top_k": null, "max_tokens": 256, "seed": 42}, "prompt_tokens": 217, "completion_tokens": 256, "total_tokens": 473, "token_count_source": "tokenizer", "diffusion_steps": null, "flops_estimate": null, "flops_arch": null, "flops_model_params": null, "flops_active_params": null, "tokens_non_final": 155, "tokens_reasoning": 0, "tokens_response": 155, "elapsed_seconds": 18.94150733947754, "judgement": "Uncategorized"}
{"id": "taxes_000645", "topic": "taxes", "subtopic": "post_discount_tax", "prompt": "Cart: $49.33, $22.71, $22.30, $10.61 with a 10% store discount. Local sales tax is 8.0% (tax after discount). About how much is the total?", "exact_value": 102.01, "model": "tiiuae/Falcon-H1-7B-Instruct", "provider": "transformers", "response": "альными расчетами процентов процентов процентов процентов процентов процентов процентов процентов процентов процентов процентов процентов процентов процентов процентов процентов процентов процентов процентов процентов процентов процентов процентов процентов процентов процентов процентов процентов процентов процентов процентов процентов процентов процентов процентов процентов процентов процентов процентов процентов процентов процентов процентов процентов процентов процентов процентов процентов процентов процентов процентов процентов процентов процентов процентов процентов процентов процентов процентов процентов процентов процентов процентов процентов процентов процентов процентов процентов процентов процентов процентов процентов процентов процентов процентов процентов процентов процентов процентов процентов процентов процентов процентов процентов процентов процентов процентов процентов процентов процентов процентов процентов процентов процентов процентов процентов процентов процентов процентов процентов процентов процентов процентов процентов процентов процентов процентов процентов процентов процентов процентов процентов процентов процентов процентов процентов процентов процентов процентов процентов процентов процентов процентов процентов процентов процентов процентов процентов процентов процентов процентов процентов процентов процентов процентов процентов процентов процентов процентов процентов процентов процентов процентов процентов процентов процентов процентов процентов процентов процентов процентов процентов процентов процентов процентов процентов процентов процентов процентов процентов процентов процентов процентов процентов процентов процентов процентов процентов процентов процентов процентов процентов процентов процентов процентов процентов процентов процентов процентов процентов процентов процентов процентов процентов процентов процентов процентов процентов процентов процентов процентов процентов процентов процентов процентов процентов процентов процентов процентов процентов процентов процентов процентов процентов процентов процентов процентов процентов процентов процентов процентов процентов процентов процентов процентов процентов процентов процентов процентов процентов процентов процентов процентов процентов процентов процентов процентов процентов процентов процентов процентов процентов процентов процентов процентов процентов процентов процентов процентов процентов процентов процентов процентов процентов процентов процентов процентов процентов процентов процентов процентов процентов процентов", "numeric_answer": null, "relative_error": null, "thinking_text": null, "has_tool_call": false, "tool_call": null, "usage": {"prompt_tokens": 225, "completion_tokens": 256, "total_tokens": 481, "token_count_source": "tokenizer"}, "decoding": {"temperature": 0.2, "top_p": null, "top_k": null, "max_tokens": 256, "seed": 42}, "prompt_tokens": 225, "completion_tokens": 256, "total_tokens": 481, "token_count_source": "tokenizer", "diffusion_steps": null, "flops_estimate": null, "flops_arch": null, "flops_model_params": null, "flops_active_params": null, "tokens_non_final": 255, "tokens_reasoning": 0, "tokens_response": 255, "elapsed_seconds": 18.507715225219727, "judgement": "Uncategorized"}
{"id": "taxes_000665", "topic": "taxes", "subtopic": "post_discount_tax", "prompt": "Cart: $34.33, $12.25, $33.01 with a 10% store discount. Local sales tax is 8.5% (tax after discount). About how much is the total?", "exact_value": 77.72, "model": "tiiuae/Falcon-H1-7B-Instruct", "provider": "transformers", "response": "альными расчетами процентов процентов процентов процентов процентов процентов процентов процентов процентов процентов процентов процентов процентов процентов процентов процентов процентов процентов процентов процентов процентов процентов процентов процентов процентов процентов процентов процентов процентов процентов процентов процентов процентов процентов процентов процентов процентов процентов процентов процентов процентов процентов процентов процентов процентов процентов процентов процентов процентов процентов процентов процентов процентов процентов процентов процентов процентов процентов процентов процентов процентов процентов процентов процентов процентов процентов процентов процентов процентов процентов процентов процентов процентов процентов процентов процентов процентов процентов процентов процентов процентов процентов процентов процентов процентов процентов процентов процентов процентов процентов процентов процентов процентов процентов процентов процентов процентов процентов процентов процентов процентов процентов процентов процентов процентов процентов процентов процентов процентов процентов процентов процентов процентов процентов процентов процентов процентов процентов процентов процентов процентов процентов процентов процентов процентов процентов процентов процентов процентов процентов процентов процентов процентов процентов процентов процентов процентов процентов процентов процентов процентов процентов процентов процентов процентов процентов процентов процентов процентов процентов процентов процентов процентов процентов процентов процентов процентов процентов процентов процентов процентов процентов процентов процентов процентов процентов процентов процентов процентов процентов процентов процентов процентов процентов процентов процентов процентов процентов процентов процентов процентов процентов процентов процентов процентов процентов процентов процентов процентов процентов процентов процентов процентов процентов процентов процентов процентов процентов процентов процентов процентов процентов процентов процентов процентов процентов процентов процентов процентов процентов процентов процентов процентов процентов процентов процентов процентов процентов процентов процентов процентов процентов процентов процентов процентов процентов процентов процентов процентов процентов процентов процентов процентов процентов процентов процентов процентов процентов процентов процентов процентов процентов процентов процентов процентов процентов процентов процентов процентов процентов процентов процентов процентов", "numeric_answer": null, "relative_error": null, "thinking_text": null, "has_tool_call": false, "tool_call": null, "usage": {"prompt_tokens": 217, "completion_tokens": 256, "total_tokens": 473, "token_count_source": "tokenizer"}, "decoding": {"temperature": 0.2, "top_p": null, "top_k": null, "max_tokens": 256, "seed": 42}, "prompt_tokens": 217, "completion_tokens": 256, "total_tokens": 473, "token_count_source": "tokenizer", "diffusion_steps": null, "flops_estimate": null, "flops_arch": null, "flops_model_params": null, "flops_active_params": null, "tokens_non_final": 255, "tokens_reasoning": 0, "tokens_response": 255, "elapsed_seconds": 18.624958276748657, "judgement": "Uncategorized"}
{"id": "taxes_000685", "topic": "taxes", "subtopic": "post_discount_tax", "prompt": "Cart: $45.39, $47.08, $42.29, $28.76, $33.64. Local sales tax is 8.0% (tax after discount). About how much is the total?", "exact_value": 212.93, "model": "tiiuae/Falcon-H1-7B-Instruct", "provider": "transformers", "response": "альными ценами согласно процентов процентов процентов процентов процентов процентов процентов процентов процентов процентов процентов процентов процентов процентов процентов процентов процентов процентов процентов процентов процентов процентов процентов процентов процентов процентов процентов процентов процентов процентов процентов процентов процентов процентов процентов процентов процентов процентов процентов процентов процентов процентов процентов процентов процентов процентов процентов процентов процентов процентов процентов процентов процентов процентов процентов процентов процентов процентов процентов процентов процентов процентов процентов процентов процентов процентов процентов процентов процентов процентов процентов процентов процентов процентов процентов процентов процентов процентов процентов процентов процентов процентов процентов процентов процентов процентов процентов процентов процентов процентов процентов процентов процентов процентов процентов процентов процентов процентов процентов процентов процентов процентов процентов процентов процентов процентов процентов процентов процентов процентов процентов процентов процентов процентов процентов процентов процентов процентов процентов процентов процентов процентов процентов процентов процентов процентов процентов процентов процентов процентов процентов процентов процентов процентов процентов процентов процентов процентов процентов процентов процентов процентов процентов процентов процентов процентов процентов процентов процентов процентов процентов процентов процентов процентов процентов процентов процентов процентов процентов процентов процентов процентов процентов процентов процентов процентов процентов процентов процентов процентов процентов процентов процентов процентов процентов процентов процентов процентов процентов процентов процентов процентов процентов процентов процентов процентов процентов процентов процентов процентов процентов процентов процентов процентов процентов процентов процентов процентов процентов процентов процентов процентов процентов процентов процентов процентов процентов процентов процентов процентов процентов процентов процентов процентов процентов процентов процентов процентов процентов процентов процентов процентов процентов процентов процентов процентов процентов процентов процентов процентов процентов процентов процентов процентов процентов процентов процентов процентов процентов процентов процентов процентов процентов процентов процентов процентов процентов процентов процентов процентов процентов процентов", "numeric_answer": null, "relative_error": null, "thinking_text": null, "has_tool_call": false, "tool_call": null, "usage": {"prompt_tokens": 225, "completion_tokens": 256, "total_tokens": 481, "token_count_source": "tokenizer"}, "decoding": {"temperature": 0.2, "top_p": null, "top_k": null, "max_tokens": 256, "seed": 42}, "prompt_tokens": 225, "completion_tokens": 256, "total_tokens": 481, "token_count_source": "tokenizer", "diffusion_steps": null, "flops_estimate": null, "flops_arch": null, "flops_model_params": null, "flops_active_params": null, "tokens_non_final": 255, "tokens_reasoning": 0, "tokens_response": 255, "elapsed_seconds": 18.95953059196472, "judgement": "Uncategorized"}
{"id": "taxes_000705", "topic": "taxes", "subtopic": "post_discount_tax", "prompt": "Cart: $40.98, $7.11, $42.94, $15.29 with a 10% store discount. Local sales tax is 8.0% (tax after discount). About how much is the total?", "exact_value": 103.34, "model": "tiiuae/Falcon-H1-7B-Instruct", "provider": "transformers", "response": "альными расчетами процентов процентов процентов процентов процентов процентов процентов процентов процентов процентов процентов процентов процентов процентов процентов процентов процентов процентов процентов процентов процентов процентов процентов процентов процентов процентов процентов процентов процентов процентов процентов процентов процентов процентов процентов процентов процентов процентов процентов процентов процентов процентов процентов процентов процентов процентов процентов процентов процентов процентов процентов процентов процентов процентов процентов процентов процентов процентов процентов процентов процентов процентов процентов процентов процентов процентов процентов процентов процентов процентов процентов процентов процентов процентов процентов процентов процентов процентов процентов процентов процентов процентов процентов процентов процентов процентов процентов процентов процентов процентов процентов процентов процентов процентов процентов процентов процентов процентов процентов процентов процентов процентов процентов процентов процентов процентов процентов процентов процентов процентов процентов процентов процентов процентов процентов процентов процентов процентов процентов процентов процентов процентов процентов процентов процентов процентов процентов процентов процентов процентов процентов процентов процентов процентов процентов процентов процентов процентов процентов процентов процентов процентов процентов процентов процентов процентов процентов процентов процентов процентов процентов процентов процентов процентов процентов процентов процентов процентов процентов процентов процентов процентов процентов процентов процентов процентов процентов процентов процентов процентов процентов процентов процентов процентов процентов процентов процентов процентов процентов процентов процентов процентов процентов процентов процентов процентов процентов процентов процентов процентов процентов процентов процентов процентов процентов процентов процентов процентов процентов процентов процентов процентов процентов процентов процентов процентов процентов процентов процентов процентов процентов процентов процентов процентов процентов процентов процентов процентов процентов процентов процентов процентов процентов процентов процентов процентов процентов процентов процентов процентов процентов процентов процентов процентов процентов процентов процентов процентов процентов процентов процентов процентов процентов процентов процентов процентов процентов процентов процентов процентов процентов процентов процентов", "numeric_answer": null, "relative_error": null, "thinking_text": null, "has_tool_call": false, "tool_call": null, "usage": {"prompt_tokens": 224, "completion_tokens": 256, "total_tokens": 480, "token_count_source": "tokenizer"}, "decoding": {"temperature": 0.2, "top_p": null, "top_k": null, "max_tokens": 256, "seed": 42}, "prompt_tokens": 224, "completion_tokens": 256, "total_tokens": 480, "token_count_source": "tokenizer", "diffusion_steps": null, "flops_estimate": null, "flops_arch": null, "flops_model_params": null, "flops_active_params": null, "tokens_non_final": 255, "tokens_reasoning": 0, "tokens_response": 255, "elapsed_seconds": 18.71868133544922, "judgement": "Uncategorized"}
{"id": "taxes_000725", "topic": "taxes", "subtopic": "post_discount_tax", "prompt": "Cart: $58.29, $57.54, $3.90, $13.77, $33.83 with a 15% store discount. Local sales tax is 7.0% (tax after discount). About how much is the total?", "exact_value": 152.19, "model": "tiiuae/Falcon-H1-7B-Instruct", "provider": "transformers", "response": "альными расчетами согласно правилам насколько возможно приблизительно оценим итоговую стоимость корзины согласно приведенным данным насколько возможно приблизительно согласно приведенным данным насколько возможно приблизительно согласно приведеннымальным путем насколько возможно приблизительно согласно приведеннымальным путем насколько возможно приблизительно согласно приведеннымальным путем насколько возможно насколько насколько насколько насколько насколько насколько насколько насколько насколько насколько насколько насколько насколько насколько насколько насколько насколько насколько насколько насколько насколько насколько насколько насколько насколько насколько насколько насколько насколько насколько насколько насколько насколько насколько насколько насколько насколько насколько насколько насколько насколько насколько насколько насколько насколько насколько насколько насколько насколько насколько насколько насколько насколько насколько насколько насколько насколько насколько насколько насколько насколько насколько насколько насколько насколько насколько насколько насколько насколько насколько насколько насколько насколько насколько насколько насколько насколько насколько насколько насколько насколько насколько насколько насколько насколько насколько насколько насколько насколько насколько насколько насколько насколько насколько насколько насколько насколько насколько насколько насколько насколько насколько насколько насколько насколько насколько насколько насколько насколько насколько насколько насколько насколько насколько насколько насколько насколько насколько насколько насколько насколько насколько насколько насколько насколько насколько насколько насколько насколько насколько насколько насколько насколько насколько насколько насколько насколько насколько насколько насколько насколько насколько насколько насколько насколько насколько насколько насколько насколько насколько насколько насколько насколько насколько насколько насколько насколько насколько насколько насколько насколько насколько насколько насколько насколько насколько насколько насколько насколько насколько насколько насколько насколько насколько насколько насколько насколько насколько насколько насколько насколько насколько насколько насколько насколько насколько насколько насколько насколько насколько насколько насколько", "numeric_answer": null, "relative_error": null, "thinking_text": null, "has_tool_call": false, "tool_call": null, "usage": {"prompt_tokens": 232, "completion_tokens": 256, "total_tokens": 488, "token_count_source": "tokenizer"}, "decoding": {"temperature": 0.2, "top_p": null, "top_k": null, "max_tokens": 256, "seed": 42}, "prompt_tokens": 232, "completion_tokens": 256, "total_tokens": 488, "token_count_source": "tokenizer", "diffusion_steps": null, "flops_estimate": null, "flops_arch": null, "flops_model_params": null, "flops_active_params": null, "tokens_non_final": 232, "tokens_reasoning": 0, "tokens_response": 232, "elapsed_seconds": 18.733665227890015, "judgement": "Uncategorized"}
{"id": "taxes_000745", "topic": "taxes", "subtopic": "post_discount_tax", "prompt": "Cart: $54.15, $17.05, $39.04, $11.06 with a 20% store discount. Local sales tax is 6.0% (tax after discount). About how much is the total?", "exact_value": 102.86, "model": "tiiuae/Falcon-H1-7B-Instruct", "provider": "transformers", "response": "альными расчетами согласно правилам насколько возможно приближенно получаем итоговую стоимость корзины согласно приведенным данным насколько возможно насколько возможно насколько возможно насколько возможно насколько возможно насколько возможно насколько возможно насколько возможно насколько возможно насколько возможно насколько возможно насколько возможно насколько возможно насколько возможно насколько возможно насколько возможно насколько возможно насколько возможно насколько возможно насколько возможно насколько возможно насколько возможно насколько возможно насколько возможно насколько возможно насколько возможно насколько возможно насколько возможно насколько возможно насколько возможно насколько возможно насколько возможно насколько возможно насколько возможно насколько возможно насколько возможно насколько возможно насколько возможно насколько возможно насколько возможно насколько возможно насколько возможно насколько возможно насколько возможно насколько возможно насколько возможно насколько возможно насколько возможно насколько возможно насколько возможно насколько возможно насколько возможно насколько возможно насколько возможно насколько возможно насколько возможно насколько возможно насколько возможно насколько возможно насколько возможно насколько возможно насколько возможно насколько возможно насколько возможно насколько возможно насколько возможно насколько возможно насколько возможно насколько возможно насколько возможно насколько возможно насколько возможно насколько возможно насколько возможно насколько возможно насколько возможно насколько возможно насколько возможно насколько возможно насколько возможно насколько возможно насколько возможно насколько возможно насколько возможно насколько возможно насколько возможно насколько возможно насколько возможно насколько возможно насколько возможно насколько возможно насколько возможно насколько возможно насколько возможно насколько возможно насколько возможно насколько возможно насколько возможно насколько возможно насколько возможно насколько возможно насколько возможно насколько возможно насколько возможно насколько возможно насколько возможно насколько возможно насколько возможно насколько возможно насколько возможно насколько возможно насколько возможно насколько возможно насколько возможно насколько возможно насколько возможно", "numeric_answer": null, "relative_error": null, "thinking_text": null, "has_tool_call": false, "tool_call": null, "usage": {"prompt_tokens": 225, "completion_tokens": 256, "total_tokens": 481, "token_count_source": "tokenizer"}, "decoding": {"temperature": 0.2, "top_p": null, "top_k": null, "max_tokens": 256, "seed": 42}, "prompt_tokens": 225, "completion_tokens": 256, "total_tokens": 481, "token_count_source": "tokenizer", "diffusion_steps": null, "flops_estimate": null, "flops_arch": null, "flops_model_params": null, "flops_active_params": null, "tokens_non_final": 246, "tokens_reasoning": 0, "tokens_response": 246, "elapsed_seconds": 18.66898536682129, "judgement": "Uncategorized"}
{"id": "taxes_000765", "topic": "taxes", "subtopic": "pre_discount_tax", "prompt": "Cart: $57.68, $16.68, $27.84, $52.23, $26.02 with a 15% store discount. Local sales tax is 6.0% (tax calculated before discount). About how much is the total?", "exact_value": 164.21, "model": "tiiuae/Falcon-H1-7B-Instruct", "provider": "transformers", "response": "�альное решение вместо точного расчета согласно правилам", "numeric_answer": null, "relative_error": null, "thinking_text": null, "has_tool_call": false, "tool_call": null, "usage": {"prompt_tokens": 234, "completion_tokens": 12, "total_tokens": 246, "token_count_source": "tokenizer"}, "decoding": {"temperature": 0.2, "top_p": null, "top_k": null, "max_tokens": 256, "seed": 42}, "prompt_tokens": 234, "completion_tokens": 12, "total_tokens": 246, "token_count_source": "tokenizer", "diffusion_steps": null, "flops_estimate": null, "flops_arch": null, "flops_model_params": null, "flops_active_params": null, "tokens_non_final": 7, "tokens_reasoning": 0, "tokens_response": 7, "elapsed_seconds": 0.9199888706207275, "judgement": "Uncategorized"}
{"id": "taxes_000785", "topic": "taxes", "subtopic": "post_discount_tax", "prompt": "Cart: $25.69, $31.24 with a 10% store discount. Local sales tax is 6.0% (tax after discount). About how much is the total?", "exact_value": 54.31, "model": "tiiuae/Falcon-H1-7B-Instruct", "provider": "transformers", "response": "альными расчетами процентов процентов процентов процентов процентов процентов процентов процентов процентов процентов процентов процентов процентов процентов процентов процентов процентов процентов процентов процентов процентов процентов процентов процентов процентов процентов процентов процентов процентов процентов процентов процентов процентов процентов процентов процентов процентов процентов процентов процентов процентов процентов процентов процентов процентов процентов процентов процентов процентов процентов процентов процентов процентов процентов процентов процентов процентов процентов процентов процентов процентов процентов процентов процентов процентов процентов процентов процентов процентов процентов процентов процентов процентов процентов процентов процентов процентов процентов процентов процентов процентов процентов процентов процентов процентов процентов процентов процентов процентов процентов процентов процентов процентов процентов процентов процентов процентов процентов процентов процентов процентов процентов процентов процентов процентов процентов процентов процентов процентов процентов процентов процентов процентов процентов процентов процентов процентов процентов процентов процентов процентов процентов процентов процентов процентов процентов процентов процентов процентов процентов процентов процентов процентов процентов процентов процентов процентов процентов процентов процентов процентов процентов процентов процентов процентов процентов процентов процентов процентов процентов процентов процентов процентов процентов процентов процентов процентов процентов процентов процентов процентов процентов процентов процентов процентов процентов процентов процентов процентов процентов процентов процентов процентов процентов процентов процентов процентов процентов процентов процентов процентов процентов процентов процентов процентов процентов процентов процентов процентов процентов процентов процентов процентов процентов процентов процентов процентов процентов процентов процентов процентов процентов процентов процентов процентов процентов процентов процентов процентов процентов процентов процентов процентов процентов процентов процентов процентов процентов процентов процентов процентов процентов процентов процентов процентов процентов процентов процентов процентов процентов процентов процентов процентов процентов процентов процентов процентов процентов процентов процентов процентов процентов процентов процентов процентов процентов процентов процентов процентов процентов процентов процентов процентов", "numeric_answer": null, "relative_error": null, "thinking_text": null, "has_tool_call": false, "tool_call": null, "usage": {"prompt_tokens": 209, "completion_tokens": 256, "total_tokens": 465, "token_count_source": "tokenizer"}, "decoding": {"temperature": 0.2, "top_p": null, "top_k": null, "max_tokens": 256, "seed": 42}, "prompt_tokens": 209, "completion_tokens": 256, "total_tokens": 465, "token_count_source": "tokenizer", "diffusion_steps": null, "flops_estimate": null, "flops_arch": null, "flops_model_params": null, "flops_active_params": null, "tokens_non_final": 255, "tokens_reasoning": 0, "tokens_response": 255, "elapsed_seconds": 18.665525197982788, "judgement": "Uncategorized"}
{"id": "taxes_000805", "topic": "taxes", "subtopic": "post_discount_tax", "prompt": "Cart: $40.12, $28.74 with a 15% store discount. Local sales tax is 7.5% (tax after discount). About how much is the total?", "exact_value": 62.92, "model": "tiiuae/Falcon-H1-7B-Instruct", "provider": "transformers", "response": "альными расчетами насколько возможно быстро приблизительно рассчитаем итоговую стоимость согласно приведенным данным согласно приведенным условия kompensирует скидку насколько возможно быстро приблизительно рассчитаем итоговую стоимость согласно приведенным данным согласно приведенным условия kompensирует насколько возможно насколько быстро kompensирует насколько возможно kompensирует насколько возможно kompensирует насколько возможно kompensирует kompensирует kompensирует kompensирует kompensирует kompensирует kompensирует kompensирует kompensирует kompensирует kompensирует kompensирует kompensирует kompensирует kompensирует kompensирует kompensирует kompensирует kompensирует kompensирует kompensирует kompensирует kompensирует kompensирует kompensирует kompensирует kompensирует kompensирует kompensирует kompensирует kompensирует kompensирует kompensирует kompensирует kompensирует kompensирует kompensирует kompensирует kompensирует kompensирует kompensирует kompensирует kompensирует kompensирует kompensирует kompensирует kompensирует kompensирует kompensирует kompensирует kompensирует kompensирует kompensирует kompensирует kompensирует kompensирует kompensирует kompensирует kompensирует kompensирует kompensирует kompensирует kompensирует kompensирует kompensирует kompensирует kompensирует kompensирует kompensирует kompensирует kompensирует kompensирует kompensирует kompensирует kompensирует kompensирует kompensирует kompensирует kompensирует kompensирует kompensирует kompensирует kompensирует kompensирует kompensирует kompensирует kompensирует kompensирует kompensирует kompensирует kompensирует kompensирует kompensирует kompensирует kompensирует kompensирует", "numeric_answer": null, "relative_error": null, "thinking_text": null, "has_tool_call": false, "tool_call": null, "usage": {"prompt_tokens": 209, "completion_tokens": 256, "total_tokens": 465, "token_count_source": "tokenizer"}, "decoding": {"temperature": 0.2, "top_p": null, "top_k": null, "max_tokens": 256, "seed": 42}, "prompt_tokens": 209, "completion_tokens": 256, "total_tokens": 465, "token_count_source": "tokenizer", "diffusion_steps": null, "flops_estimate": null, "flops_arch": null, "flops_model_params": null, "flops_active_params": null, "tokens_non_final": 140, "tokens_reasoning": 0, "tokens_response": 140, "elapsed_seconds": 18.55444073677063, "judgement": "Uncategorized"}
{"id": "taxes_000825", "topic": "taxes", "subtopic": "pre_discount_tax", "prompt": "Cart: $42.07, $45.58, $4.03. Local sales tax is 8.5% (tax calculated before discount). About how much is the total?", "exact_value": 99.47, "model": "tiiuae/Falcon-H1-7B-Instruct", "provider": "transformers", "response": "альными расчетами путем округления цен до целых процентовируем процентов процентов процентов процентов процентов процентов процентов процентов процентов процентов процентов процентов процентов процентов процентов процентов процентов процентов процентов процентов процентов процентов процентов процентов процентов процентов процентов процентов процентов процентов процентов процентов процентов процентов процентов процентов процентов процентов процентов процентов процентов процентов процентов процентов процентов процентов процентов процентов процентов процентов процентов процентов процентов процентов процентов процентов процентов процентов процентов процентов процентов процентов процентов процентов процентов процентов процентов процентов процентов процентов процентов процентов процентов процентов процентов процентов процентов процентов процентов процентов процентов процентов процентов процентов процентов процентов процентов процентов процентов процентов процентов процентов процентов процентов процентов процентов процентов процентов процентов процентов процентов процентов процентов процентов процентов процентов процентов процентов процентов процентов процентов процентов процентов процентов процентов процентов процентов процентов процентов процентов процентов процентов процентов процентов процентов процентов процентов процентов процентов процентов процентов процентов процентов процентов процентов процентов процентов процентов процентов процентов процентов процентов процентов процентов процентов процентов процентов процентов процентов процентов процентов процентов процентов процентов процентов процентов процентов процентов процентов процентов процентов процентов процентов процентов процентов процентов процентов процентов процентов процентов процентов процентов процентов процентов процентов процентов процентов процентов процентов процентов процентов процентов процентов процентов процентов процентов процентов процентов процентов процентов процентов процентов процентов процентов процентов процентов процентов процентов процентов процентов процентов процентов процентов процентов процентов процентов процентов процентов процентов процентов процентов процентов процентов процентов процентов процентов процентов процентов процентов процентов процентов процентов процентов процентов процентов процентов процентов процентов процентов процентов процентов процентов процентов процентов процентов процентов процентов процентов процентов процентов процентов процентов процентов процентов", "numeric_answer": null, "relative_error": null, "thinking_text": null, "has_tool_call": false, "tool_call": null, "usage": {"prompt_tokens": 209, "completion_tokens": 256, "total_tokens": 465, "token_count_source": "tokenizer"}, "decoding": {"temperature": 0.2, "top_p": null, "top_k": null, "max_tokens": 256, "seed": 42}, "prompt_tokens": 209, "completion_tokens": 256, "total_tokens": 465, "token_count_source": "tokenizer", "diffusion_steps": null, "flops_estimate": null, "flops_arch": null, "flops_model_params": null, "flops_active_params": null, "tokens_non_final": 252, "tokens_reasoning": 0, "tokens_response": 252, "elapsed_seconds": 18.543615579605103, "judgement": "Uncategorized"}
{"id": "taxes_000845", "topic": "taxes", "subtopic": "post_discount_tax", "prompt": "Cart: $15.87, $9.20, $33.08, $43.65, $38.88 with a 20% store discount. Local sales tax is 6.0% (tax after discount). About how much is the total?", "exact_value": 119.3, "model": "tiiuae/Falcon-H1-7B-Instruct", "provider": "transformers", "response": "альными расчетами процентов процентов процентов процентов процентов процентов процентов процентов процентов процентов процентов процентов процентов процентов процентов процентов процентов процентов процентов процентов процентов процентов процентов процентов процентов процентов процентов процентов процентов процентов процентов процентов процентов процентов процентов процентов процентов процентов процентов процентов процентов процентов процентов процентов процентов процентов процентов процентов процентов процентов процентов процентов процентов процентов процентов процентов процентов процентов процентов процентов процентов процентов процентов процентов процентов процентов процентов процентов процентов процентов процентов процентов процентов процентов процентов процентов процентов процентов процентов процентов процентов процентов процентов процентов процентов процентов процентов процентов процентов процентов процентов процентов процентов процентов процентов процентов процентов процентов процентов процентов процентов процентов процентов процентов процентов процентов процентов процентов процентов процентов процентов процентов процентов процентов процентов процентов процентов процентов процентов процентов процентов процентов процентов процентов процентов процентов процентов процентов процентов процентов процентов процентов процентов процентов процентов процентов процентов процентов процентов процентов процентов процентов процентов процентов процентов процентов процентов процентов процентов процентов процентов процентов процентов процентов процентов процентов процентов процентов процентов процентов процентов процентов процентов процентов процентов процентов процентов процентов процентов процентов процентов процентов процентов процентов процентов процентов процентов процентов процентов процентов процентов процентов процентов процентов процентов процентов процентов процентов процентов процентов процентов процентов процентов процентов процентов процентов процентов процентов процентов процентов процентов процентов процентов процентов процентов процентов процентов процентов процентов процентов процентов процентов процентов процентов процентов процентов процентов процентов процентов процентов процентов процентов процентов процентов процентов процентов процентов процентов процентов процентов процентов процентов процентов процентов процентов процентов процентов процентов процентов процентов процентов процентов процентов процентов процентов процентов процентов процентов процентов процентов процентов процентов процентов", "numeric_answer": null, "relative_error": null, "thinking_text": null, "has_tool_call": false, "tool_call": null, "usage": {"prompt_tokens": 232, "completion_tokens": 256, "total_tokens": 488, "token_count_source": "tokenizer"}, "decoding": {"temperature": 0.2, "top_p": null, "top_k": null, "max_tokens": 256, "seed": 42}, "prompt_tokens": 232, "completion_tokens": 256, "total_tokens": 488, "token_count_source": "tokenizer", "diffusion_steps": null, "flops_estimate": null, "flops_arch": null, "flops_model_params": null, "flops_active_params": null, "tokens_non_final": 255, "tokens_reasoning": 0, "tokens_response": 255, "elapsed_seconds": 18.521573066711426, "judgement": "Uncategorized"}
{"id": "taxes_000865", "topic": "taxes", "subtopic": "post_discount_tax", "prompt": "Cart: $58.64, $45.63, $26.84 with a 20% store discount. Local sales tax is 7.5% (tax after discount). About how much is the total?", "exact_value": 112.75, "model": "tiiuae/Falcon-H1-7B-Instruct", "provider": "transformers", "response": "альными расчетами согласно правиламируем насколько примерно итоговый итог процентов процентов процентов процентов процентов процентов процентов процентов процентов процентов процентов процентов процентов процентов процентов процентов процентов процентов процентов процентов процентов процентов процентов процентов процентов процентов процентов процентов процентов процентов процентов процентов процентов процентов процентов процентов процентов процентов процентов процентов процентов процентов процентов процентов процентов процентов процентов процентов процентов процентов процентов процентов процентов процентов процентов процентов процентов процентов процентов процентов процентов процентов процентов процентов процентов процентов процентов процентов процентов процентов процентов процентов процентов процентов процентов процентов процентов процентов процентов процентов процентов процентов процентов процентов процентов процентов процентов процентов процентов процентов процентов процентов процентов процентов процентов процентов процентов процентов процентов процентов процентов процентов процентов процентов процентов процентов процентов процентов процентов процентов процентов процентов процентов процентов процентов процентов процентов процентов процентов процентов процентов процентов процентов процентов процентов процентов процентов процентов процентов процентов процентов процентов процентов процентов процентов процентов процентов процентов процентов процентов процентов процентов процентов процентов процентов процентов процентов процентов процентов процентов процентов процентов процентов процентов процентов процентов процентов процентов процентов процентов процентов процентов процентов процентов процентов процентов процентов процентов процентов процентов процентов процентов процентов процентов процентов процентов процентов процентов процентов процентов процентов процентов процентов процентов процентов процентов процентов процентов процентов процентов процентов процентов процентов процентов процентов процентов процентов процентов процентов процентов процентов процентов процентов процентов процентов процентов процентов процентов процентов процентов процентов процентов процентов процентов процентов процентов процентов процентов процентов процентов процентов процентов процентов процентов процентов процентов процентов процентов процентов процентов процентов процентов процентов процентов процентов процентов процентов процентов процентов процентов процентов процентов процентов процентов", "numeric_answer": null, "relative_error": null, "thinking_text": null, "has_tool_call": false, "tool_call": null, "usage": {"prompt_tokens": 217, "completion_tokens": 256, "total_tokens": 473, "token_count_source": "tokenizer"}, "decoding": {"temperature": 0.2, "top_p": null, "top_k": null, "max_tokens": 256, "seed": 42}, "prompt_tokens": 217, "completion_tokens": 256, "total_tokens": 473, "token_count_source": "tokenizer", "diffusion_steps": null, "flops_estimate": null, "flops_arch": null, "flops_model_params": null, "flops_active_params": null, "tokens_non_final": 252, "tokens_reasoning": 0, "tokens_response": 252, "elapsed_seconds": 18.58082103729248, "judgement": "Uncategorized"}
{"id": "taxes_000885", "topic": "taxes", "subtopic": "post_discount_tax", "prompt": "Cart: $14.40, $32.79, $9.47, $52.98, $5.25 with a 15% store discount. Local sales tax is 7.0% (tax after discount). About how much is the total?", "exact_value": 104.49, "model": "tiiuae/Falcon-H1-7B-Instruct", "provider": "transformers", "response": "альными расчетами согласно правилам насколько возможно приблизительно рассчитаем итоговую сумму согласно приведенным данным согласно правилам насколько возможно приблизительно рассчитаем итоговую сумму согласно приведенным данным насколько возможно приблизительно рассчитаем итоговую сумму согласно приведеннымальным путем согласно правилальным путем согласно правилальным путем согласно правилальным путем согласно правилальным путем согласно правилальным путем согласно правилальным путем согласно правилальным путем согласно правилальным путем согласно правилальным путем согласно правилальным путем согласно правилальным путем согласно правилальным путем согласно правилальным путем согласно правилальным путем согласно правилальным путем согласно правилальным путем согласно правилальным путем согласно правилальным путем согласно правилальным путем согласно правилальным путем согласно правилальным путем согласно правилальным путем согласно правилальным путем согласно правилальным путем согласно правилальным путем согласно правилальным путем согласно правилальным путем согласно правилальным путем согласно правилальным путем согласно правилальным путем согласно правилальным путем согласно правилальным путем согласно правилальным путем согласно правилальным путем согласно правилальным путем согласно правилальным путем согласно правилальным путем согласно правилальным путем согласно правилальным путем согласно правилальным путем согласно правилальным путем согласно правилальным путем согласно правилальным путем согласно правилальным путем согласно правилальным путем согласно правилальным путем согласно правилальным путем согласно правилальным путем согласно правилальным путем согласно правилальным путем согласно правилальным путем", "numeric_answer": null, "relative_error": null, "thinking_text": null, "has_tool_call": false, "tool_call": null, "usage": {"prompt_tokens": 231, "completion_tokens": 256, "total_tokens": 487, "token_count_source": "tokenizer"}, "decoding": {"temperature": 0.2, "top_p": null, "top_k": null, "max_tokens": 256, "seed": 42}, "prompt_tokens": 231, "completion_tokens": 256, "total_tokens": 487, "token_count_source": "tokenizer", "diffusion_steps": null, "flops_estimate": null, "flops_arch": null, "flops_model_params": null, "flops_active_params": null, "tokens_non_final": 186, "tokens_reasoning": 0, "tokens_response": 186, "elapsed_seconds": 18.76451563835144, "judgement": "Uncategorized"}
{"id": "taxes_000905", "topic": "taxes", "subtopic": "pre_discount_tax", "prompt": "Cart: $17.90, $48.48, $26.49, $5.89. Local sales tax is 8.5% (tax calculated before discount). About how much is the total?", "exact_value": 107.15, "model": "tiiuae/Falcon-H1-7B-Instruct", "provider": "transformers", "response": "альными расчетами процентов процентов процентов процентов процентов процентов процентов процентов процентов процентов процентов процентов процентов процентов процентов процентов процентов процентов процентов процентов процентов процентов процентов процентов процентов процентов процентов процентов процентов процентов процентов процентов процентов процентов процентов процентов процентов процентов процентов процентов процентов процентов процентов процентов процентов процентов процентов процентов процентов процентов процентов процентов процентов процентов процентов процентов процентов процентов процентов процентов процентов процентов процентов процентов процентов процентов процентов процентов процентов процентов процентов процентов процентов процентов процентов процентов процентов процентов процентов процентов процентов процентов процентов процентов процентов процентов процентов процентов процентов процентов процентов процентов процентов процентов процентов процентов процентов процентов процентов процентов процентов процентов процентов процентов процентов процентов процентов процентов процентов процентов процентов процентов процентов процентов процентов процентов процентов процентов процентов процентов процентов процентов процентов процентов процентов процентов процентов процентов процентов процентов процентов процентов процентов процентов процентов процентов процентов процентов процентов процентов процентов процентов процентов процентов процентов процентов процентов процентов процентов процентов процентов процентов процентов процентов процентов процентов процентов процентов процентов процентов процентов процентов процентов процентов процентов процентов процентов процентов процентов процентов процентов процентов процентов процентов процентов процентов процентов процентов процентов процентов процентов процентов процентов процентов процентов процентов процентов процентов процентов процентов процентов процентов процентов процентов процентов процентов процентов процентов процентов процентов процентов процентов процентов процентов процентов процентов процентов процентов процентов процентов процентов процентов процентов процентов процентов процентов процентов процентов процентов процентов процентов процентов процентов процентов процентов процентов процентов процентов процентов процентов процентов процентов процентов процентов процентов процентов процентов процентов процентов процентов процентов процентов процентов процентов процентов процентов процентов процентов процентов процентов процентов процентов процентов", "numeric_answer": null, "relative_error": null, "thinking_text": null, "has_tool_call": false, "tool_call": null, "usage": {"prompt_tokens": 217, "completion_tokens": 256, "total_tokens": 473, "token_count_source": "tokenizer"}, "decoding": {"temperature": 0.2, "top_p": null, "top_k": null, "max_tokens": 256, "seed": 42}, "prompt_tokens": 217, "completion_tokens": 256, "total_tokens": 473, "token_count_source": "tokenizer", "diffusion_steps": null, "flops_estimate": null, "flops_arch": null, "flops_model_params": null, "flops_active_params": null, "tokens_non_final": 255, "tokens_reasoning": 0, "tokens_response": 255, "elapsed_seconds": 18.63526964187622, "judgement": "Uncategorized"}
{"id": "taxes_000925", "topic": "taxes", "subtopic": "post_discount_tax", "prompt": "Cart: $22.10, $57.77 with a 10% store discount. Local sales tax is 8.5% (tax after discount). About how much is the total?", "exact_value": 77.99, "model": "tiiuae/Falcon-H1-7B-Instruct", "provider": "transformers", "response": "альными расчетами насколько возможно быстро приблизительно рассчитаем итоговую сумму согласно приведенным условия kompensierte mengenmäßigkeit kompensierte mengenmäßigkeit kompensierte mengenmäßigkeit kompensierte mengenmä POSSIBILITY POSSIBILITY POSSIBILITY POSSIBILITY POSSIBILITY POSSIBILITY POSSIBILITY POSSIBILITY POSSIBILITY POSSIBILITY POSSIBILITY POSSIBILITY POSSIBILITY POSSIBILITY POSSIBILITY POSSIBILITY POSSIBILITY POSSIBILITY POSSIBILITY POSSIBILITY POSSIBILITY POSSIBILITY POSSIBILITY POSSIBILITY POSSIBILITY POSSIBILITY POSSIBILITY POSSIBILITY POSSIBILITY POSSIBILITY POSSIBILITY POSSIBILITY POSSIBILITY POSSIBILITY POSSIBILITY POSSIBILITY POSSIBILITY POSSIBILITY POSSIBILITY POSSIBILITY POSSIBILITY POSSIBILITY POSSIBILITY POSSIBILITY POSSIBILITY POSSIBILITY POSSIBILITY POSSIBILITY POSSIBILITY POSSIBILITY POSSIBILITY POSSIBILITY POSSIBILITY POSSIBILITY POSSIBILITY POSSIBILITY POSSIBILITY POSSIBILITY POSSIBILITY POSSIBILITY POSSIBILITY POSSIBILITY POSSIBILITY POSSIBILITY POSSIBILITY POSSIBILITY POSSIBILITY POSSIBILITY POSSIBILITY POSSIBILITY POSSIBILITY POSSIBILITY POSSIBILITY POSSIBILITY POSSIBILITY POSSIBILITY POSSIBILITY POSSIBILITY POSSIBILITY POSSIBILITY POSSIBILITY POSSIBILITY POSSIBILITY POSSIBILITY POSSIBILITY POSSIBILITY POSSIBILITY POSSIBILITY POSSIBILITY POSSIBILITY POSSIBILITY POSSIBILITY POSSIBILITY POSSIBILITY POSSIBILITY POSSIBILITY POSSIBILITY POSSIBILITY POSSIBILITY POSSIBILITY POSSIBILITY POSSIBILITY POSSIBILITY POSSIBILITY POSSIBILITY POSSIBILITY POSSIBILITY POSSIBILITY POSSIBILITY POSSIBILITY POSSIBILITY POSSIBILITY POSSIBILITY POSSIBILITY POSSIBILITY POSSIBILITY POSSIBILITY POSSIBILITY POSSIBILITY POSSIBILITY POSSIBILITY POSSIBILITY POSSIBILITY POSSIBILITY POSSIBILITY POSSIBILITY POSSIBILITY POSSIBILITY POSSIBILITY POSSIBILITY POSSIBILITY POSSIBILITY POSSIBILITY POSSIBILITY POSSIBILITY POSSIBILITY POSSIBILITY POSSIBILITY POSSIBILITY POSSIBILITY POSSIBILITY POSSIBILITY POSSIBILITY POSSIBILITY POSSIBILITY POSSIBILITY POSSIBILITY POSSIBILITY POSSIBILITY POSSIBILITY POSSIBILITY POSSIBILITY POSSIBILITY POSSIBILITY POSSIBILITY POSSIBILITY POSSIBILITY POSSIBILITY POSSIBILITY POSSIBILITY POSSIBILITY POSSIBILITY POSSIBILITY POSSIBILITY POSSIBILITY POSSIBILITY POSSIBILITY POSSIBILITY POSSIBILITY POSSIBILITY POSSIBILITY POSSIBILITY POSSIBILITY POSSIBILITY POSSIBILITY POSSIBILITY POSSIBILITY POSSIBILITY POSSIBILITY POSSIBILITY POSSIBILITY POSSIBILITY POSSIBILITY POSSIBILITY POSSIBILITY POSSIBILITY POSSIBILITY POSSIBILITY POSSIBILITY POSSIBILITY POSSIBILITY POSSIBILITY POSSIBILITY POSSIBILITY POSSIBILITY POSSIBILITY POSSIBILITY POSSIBILITY POSSIBILITY POSSIBILITY POSSIBILITY POSSIBILITY POSSIBILITY POSSIBILITY POSSIBILITY POSSIBILITY POSSIBILITY POSSIBILITY POSSIBILITY POSSIBILITY POSSIBILITY POSSIBILITY POSSIBILITY POSSIBILITY POSSIBILITY POSSIBILITY", "numeric_answer": null, "relative_error": null, "thinking_text": null, "has_tool_call": false, "tool_call": null, "usage": {"prompt_tokens": 209, "completion_tokens": 256, "total_tokens": 465, "token_count_source": "tokenizer"}, "decoding": {"temperature": 0.2, "top_p": null, "top_k": null, "max_tokens": 256, "seed": 42}, "prompt_tokens": 209, "completion_tokens": 256, "total_tokens": 465, "token_count_source": "tokenizer", "diffusion_steps": null, "flops_estimate": null, "flops_arch": null, "flops_model_params": null, "flops_active_params": null, "tokens_non_final": 236, "tokens_reasoning": 0, "tokens_response": 236, "elapsed_seconds": 18.76266098022461, "judgement": "Uncategorized"}
{"id": "taxes_000945", "topic": "taxes", "subtopic": "post_discount_tax", "prompt": "Cart: $23.57, $36.87, $52.49, $25.07 with a 15% store discount. Local sales tax is 7.5% (tax after discount). About how much is the total?", "exact_value": 126.1, "model": "tiiuae/Falcon-H1-7B-Instruct", "provider": "transformers", "response": "альными расчетами согласно правилам насколько возможно насколько возможно насколько возможно насколько возможно насколько возможно насколько возможно насколько возможно насколько возможно насколько возможно насколько возможно насколько возможно насколько возможно насколько возможно насколько возможно насколько возможно насколько возможно насколько возможно насколько возможно насколько возможно насколько возможно насколько возможно насколько возможно насколько возможно насколько возможно насколько возможно насколько возможно насколько возможно насколько возможно насколько возможно насколько возможно насколько возможно насколько возможно насколько возможно насколько возможно насколько возможно насколько возможно насколько возможно насколько возможно насколько возможно насколько возможно насколько возможно насколько возможно насколько возможно насколько возможно насколько возможно насколько возможно насколько возможно насколько возможно насколько возможно насколько возможно насколько возможно насколько возможно насколько возможно насколько возможно насколько возможно насколько возможно насколько возможно насколько возможно насколько возможно насколько возможно насколько возможно насколько возможно насколько возможно насколько возможно насколько возможно насколько возможно насколько возможно насколько возможно насколько возможно насколько возможно насколько возможно насколько возможно насколько возможно насколько возможно насколько возможно насколько возможно насколько возможно насколько возможно насколько возможно насколько возможно насколько возможно насколько возможно насколько возможно насколько возможно насколько возможно насколько возможно насколько возможно насколько возможно насколько возможно насколько возможно насколько возможно насколько возможно насколько возможно насколько возможно насколько возможно насколько возможно насколько возможно насколько возможно насколько возможно насколько возможно насколько возможно насколько возможно насколько возможно насколько возможно насколько возможно насколько возможно насколько возможно насколько возможно насколько возможно насколько возможно насколько возможно насколько возможно насколько возможно насколько возможно насколько возможно насколько возможно насколько возможно насколько возможно насколько возможно насколько возможно насколько возможно насколько возможно насколько возможно насколько возможно насколько возможно", "numeric_answer": null, "relative_error": null, "thinking_text": null, "has_tool_call": false, "tool_call": null, "usage": {"prompt_tokens": 225, "completion_tokens": 256, "total_tokens": 481, "token_count_source": "tokenizer"}, "decoding": {"temperature": 0.2, "top_p": null, "top_k": null, "max_tokens": 256, "seed": 42}, "prompt_tokens": 225, "completion_tokens": 256, "total_tokens": 481, "token_count_source": "tokenizer", "diffusion_steps": null, "flops_estimate": null, "flops_arch": null, "flops_model_params": null, "flops_active_params": null, "tokens_non_final": 254, "tokens_reasoning": 0, "tokens_response": 254, "elapsed_seconds": 18.737537384033203, "judgement": "Uncategorized"}
{"id": "taxes_000965", "topic": "taxes", "subtopic": "post_discount_tax", "prompt": "Cart: $29.91, $42.03, $30.26 with a 15% store discount. Local sales tax is 6.0% (tax after discount). About how much is the total?", "exact_value": 92.08, "model": "tiiuae/Falcon-H1-7B-Instruct", "provider": "transformers", "response": "альными расчетами согласно правилам насколько возможно приблизительно рассчитаем итоговую стоимость корзины согласно приведенным данным насколько возможно быстро насколько возможно приблизительно согласно приведенным данным насколько возможно насколько возможно насколько возможно насколько возможно насколько возможно насколько возможно насколько возможно насколько возможно насколько возможно насколько возможно насколько возможно насколько возможно насколько возможно насколько возможно насколько возможно насколько возможно насколько возможно насколько возможно насколько возможно насколько возможно насколько возможно насколько возможно насколько возможно насколько возможно насколько возможно насколько возможно насколько возможно насколько возможно насколько возможно насколько возможно насколько возможно насколько возможно насколько возможно насколько возможно насколько возможно насколько возможно насколько возможно насколько возможно насколько возможно насколько возможно насколько возможно насколько возможно насколько возможно насколько возможно насколько возможно насколько возможно насколько возможно насколько возможно насколько возможно насколько возможно насколько возможно насколько возможно насколько возможно насколько возможно насколько возможно насколько возможно насколько возможно насколько возможно насколько возможно насколько возможно насколько возможно насколько возможно насколько возможно насколько возможно насколько возможно насколько возможно насколько возможно насколько возможно насколько возможно насколько возможно насколько возможно насколько возможно насколько возможно насколько возможно насколько возможно насколько возможно насколько возможно насколько возможно насколько возможно насколько возможно насколько возможно насколько возможно насколько возможно насколько возможно насколько возможно насколько возможно насколько возможно насколько возможно насколько возможно насколько возможно насколько возможно насколько возможно насколько возможно насколько возможно насколько возможно насколько возможно насколько возможно насколько возможно насколько возможно насколько возможно насколько возможно насколько возможно насколько возможно насколько возможно насколько возможно насколько возможно насколько возможно насколько возможно насколько возможно насколько возможно насколько", "numeric_answer": null, "relative_error": null, "thinking_text": null, "has_tool_call": false, "tool_call": null, "usage": {"prompt_tokens": 217, "completion_tokens": 256, "total_tokens": 473, "token_count_source": "tokenizer"}, "decoding": {"temperature": 0.2, "top_p": null, "top_k": null, "max_tokens": 256, "seed": 42}, "prompt_tokens": 217, "completion_tokens": 256, "total_tokens": 473, "token_count_source": "tokenizer", "diffusion_steps": null, "flops_estimate": null, "flops_arch": null, "flops_model_params": null, "flops_active_params": null, "tokens_non_final": 244, "tokens_reasoning": 0, "tokens_response": 244, "elapsed_seconds": 18.414725303649902, "judgement": "Uncategorized"}
{"id": "taxes_000985", "topic": "taxes", "subtopic": "post_discount_tax", "prompt": "Cart: $14.82, $23.08, $24.88, $58.19, $52.19 with a 15% store discount. Local sales tax is 8.5% (tax after discount). About how much is the total?", "exact_value": 159.7, "model": "tiiuae/Falcon-H1-7B-Instruct", "provider": "transformers", "response": "альными расчетами согласно правилам насколько возможно приблизительно оценить итоговую стоимость корзины согласно приведенным данным насколько возможно насколько возможно насколько возможно насколько возможно насколько возможно насколько возможно насколько возможно насколько возможно насколько возможно насколько возможно насколько возможно насколько возможно насколько возможно насколько возможно насколько возможно насколько возможно насколько возможно насколько возможно насколько возможно насколько возможно насколько возможно насколько возможно насколько возможно насколько возможно насколько возможно насколько возможно насколько возможно насколько возможно насколько возможно насколько возможно насколько возможно насколько возможно насколько возможно насколько возможно насколько возможно насколько возможно насколько возможно насколько возможно насколько возможно насколько возможно насколько возможно насколько возможно насколько возможно насколько возможно насколько возможно насколько возможно насколько возможно насколько возможно насколько возможно насколько возможно насколько возможно насколько возможно насколько возможно насколько возможно насколько возможно насколько возможно насколько возможно насколько возможно насколько возможно насколько возможно насколько возможно насколько возможно насколько возможно насколько возможно насколько возможно насколько возможно насколько возможно насколько возможно насколько возможно насколько возможно насколько возможно насколько возможно насколько возможно насколько возможно насколько возможно насколько возможно насколько возможно насколько возможно насколько возможно насколько возможно насколько возможно насколько возможно насколько возможно насколько возможно насколько возможно насколько возможно насколько возможно насколько возможно насколько возможно насколько возможно насколько возможно насколько возможно насколько возможно насколько возможно насколько возможно насколько возможно насколько возможно насколько возможно насколько возможно насколько возможно насколько возможно насколько возможно насколько возможно насколько возможно насколько возможно насколько возможно насколько возможно насколько возможно насколько возможно насколько возможно насколько возможно насколько возможно насколько возможно насколько возможно насколько возможно насколько возможно насколько", "numeric_answer": null, "relative_error": null, "thinking_text": null, "has_tool_call": false, "tool_call": null, "usage": {"prompt_tokens": 233, "completion_tokens": 256, "total_tokens": 489, "token_count_source": "tokenizer"}, "decoding": {"temperature": 0.2, "top_p": null, "top_k": null, "max_tokens": 256, "seed": 42}, "prompt_tokens": 233, "completion_tokens": 256, "total_tokens": 489, "token_count_source": "tokenizer", "diffusion_steps": null, "flops_estimate": null, "flops_arch": null, "flops_model_params": null, "flops_active_params": null, "tokens_non_final": 247, "tokens_reasoning": 0, "tokens_response": 247, "elapsed_seconds": 18.451093435287476, "judgement": "Uncategorized"}
{"id": "taxes_001005", "topic": "taxes", "subtopic": "post_discount_tax", "prompt": "Cart: $35.46, $30.01, $32.78, $59.76, $52.25 with a 20% store discount. Local sales tax is 6.0% (tax after discount). About how much is the total?", "exact_value": 178.3, "model": "tiiuae/Falcon-H1-7B-Instruct", "provider": "transformers", "response": "альными расчетами согласно правилам насколько возможно насколько возможно насколько возможно насколько возможно насколько возможно насколько возможно насколько возможно насколько возможно насколько возможно насколько возможно насколько возможно насколько возможно насколько возможно насколько возможно насколько возможно насколько возможно насколько возможно насколько возможно насколько возможно насколько возможно насколько возможно насколько возможно насколько возможно насколько возможно насколько возможно насколько возможно насколько возможно насколько возможно насколько возможно насколько возможно насколько возможно насколько возможно насколько возможно насколько возможно насколько возможно насколько возможно насколько возможно насколько возможно насколько возможно насколько возможно насколько возможно насколько возможно насколько возможно насколько возможно насколько возможно насколько возможно насколько возможно насколько возможно насколько возможно насколько возможно насколько возможно насколько возможно насколько возможно насколько возможно насколько возможно насколько возможно насколько возможно насколько возможно насколько возможно насколько возможно насколько возможно насколько возможно насколько возможно насколько возможно насколько возможно насколько возможно насколько возможно насколько возможно насколько возможно насколько возможно насколько возможно насколько возможно насколько возможно насколько возможно насколько возможно насколько возможно насколько возможно насколько возможно насколько возможно насколько возможно насколько возможно насколько возможно насколько возможно насколько возможно насколько возможно насколько возможно насколько возможно насколько возможно насколько возможно насколько возможно насколько возможно насколько возможно насколько возможно насколько возможно насколько возможно насколько возможно насколько возможно насколько возможно насколько возможно насколько возможно насколько возможно насколько возможно насколько возможно насколько возможно насколько возможно насколько возможно насколько возможно насколько возможно насколько возможно насколько возможно насколько возможно насколько возможно насколько возможно насколько возможно насколько возможно насколько возможно насколько возможно насколько возможно насколько возможно насколько возможно насколько возможно насколько возможно насколько возможно насколько возможно насколько возможно", "numeric_answer": null, "relative_error": null, "thinking_text": null, "has_tool_call": false, "tool_call": null, "usage": {"prompt_tokens": 233, "completion_tokens": 256, "total_tokens": 489, "token_count_source": "tokenizer"}, "decoding": {"temperature": 0.2, "top_p": null, "top_k": null, "max_tokens": 256, "seed": 42}, "prompt_tokens": 233, "completion_tokens": 256, "total_tokens": 489, "token_count_source": "tokenizer", "diffusion_steps": null, "flops_estimate": null, "flops_arch": null, "flops_model_params": null, "flops_active_params": null, "tokens_non_final": 254, "tokens_reasoning": 0, "tokens_response": 254, "elapsed_seconds": 18.63429093360901, "judgement": "Uncategorized"}
{"id": "taxes_001025", "topic": "taxes", "subtopic": "post_discount_tax", "prompt": "Cart: $48.98, $51.04, $48.93, $42.06 with a 10% store discount. Local sales tax is 7.0% (tax after discount). About how much is the total?", "exact_value": 183.94, "model": "tiiuae/Falcon-H1-7B-Instruct", "provider": "transformers", "response": "альными ценами примерно получаются насколько процентов процентов процентов процентов процентов процентов процентов процентов процентов процентов процентов процентов процентов процентов процентов процентов процентов процентов процентов процентов процентов процентов процентов процентов процентов процентов процентов процентов процентов процентов процентов процентов процентов процентов процентов процентов процентов процентов процентов процентов процентов процентов процентов процентов процентов процентов процентов процентов процентов процентов процентов процентов процентов процентов процентов процентов процентов процентов процентов процентов процентов процентов процентов процентов процентов процентов процентов процентов процентов процентов процентов процентов процентов процентов процентов процентов процентов процентов процентов процентов процентов процентов процентов процентов процентов процентов процентов процентов процентов процентов процентов процентов процентов процентов процентов процентов процентов процентов процентов процентов процентов процентов процентов процентов процентов процентов процентов процентов процентов процентов процентов процентов процентов процентов процентов процентов процентов процентов процентов процентов процентов процентов процентов процентов процентов процентов процентов процентов процентов процентов процентов процентов процентов процентов процентов процентов процентов процентов процентов процентов процентов процентов процентов процентов процентов процентов процентов процентов процентов процентов процентов процентов процентов процентов процентов процентов процентов процентов процентов процентов процентов процентов процентов процентов процентов процентов процентов процентов процентов процентов процентов процентов процентов процентов процентов процентов процентов процентов процентов процентов процентов процентов процентов процентов процентов процентов процентов процентов процентов процентов процентов процентов процентов процентов процентов процентов процентов процентов процентов процентов процентов процентов процентов процентов процентов процентов процентов процентов процентов процентов процентов процентов процентов процентов процентов процентов процентов процентов процентов процентов процентов процентов процентов процентов процентов процентов процентов процентов процентов процентов процентов процентов процентов процентов процентов процентов процентов процентов процентов процентов процентов процентов процентов процентов процентов процентов процентов процентов", "numeric_answer": null, "relative_error": null, "thinking_text": null, "has_tool_call": false, "tool_call": null, "usage": {"prompt_tokens": 225, "completion_tokens": 256, "total_tokens": 481, "token_count_source": "tokenizer"}, "decoding": {"temperature": 0.2, "top_p": null, "top_k": null, "max_tokens": 256, "seed": 42}, "prompt_tokens": 225, "completion_tokens": 256, "total_tokens": 481, "token_count_source": "tokenizer", "diffusion_steps": null, "flops_estimate": null, "flops_arch": null, "flops_model_params": null, "flops_active_params": null, "tokens_non_final": 253, "tokens_reasoning": 0, "tokens_response": 253, "elapsed_seconds": 18.622139930725098, "judgement": "Uncategorized"}
{"id": "taxes_001045", "topic": "taxes", "subtopic": "pre_discount_tax", "prompt": "Cart: $7.00, $19.59, $22.19, $24.07, $59.04 with a 15% store discount. Local sales tax is 8.5% (tax calculated before discount). About how much is the total?", "exact_value": 123.32, "model": "tiiuae/Falcon-H1-7B-Instruct", "provider": "transformers", "response": "альными расчетами согласно правилам насколько возможно приближенно получаем итоговую стоимость корзины согласно приведенным данным насколько возможно приближенно получаем итоговую стоимость корзины согласно приведеннымальным расчетальным путем согласно правилальным путем согласно правилальным путем согласно правилальным путем согласно правилальным путем согласно правилальным путем согласно правилальным путем согласно правилальным путем согласно правилальным путем согласно правилальным путем согласно правилальным путем согласно правилальным путем согласно правилальным путем согласно правилальным путем согласно правилальным путем согласно правилальным путем согласно правилальным путем согласно правилальным путем согласно правилальным путем согласно правилальным путем согласно правилальным путем согласно правилальным путем согласно правилальным путем согласно правилальным путем согласно правилальным путем согласно правилальным путем согласно правилальным путем согласно правилальным путем согласно правилальным путем согласно правилальным путем согласно правилальным путем согласно правилальным путем согласно правилальным путем согласно правилальным путем согласно правилальным путем согласно правилальным путем согласно правилальным путем согласно правилальным путем согласно правилальным путем согласно правилальным путем согласно правилальным путем согласно правилальным путем согласно правилальным путем согласно правилальным путем согласно правилальным путем согласно правилальным путем согласно правилальным путем согласно правилальным путем согласно правилальным путем согласно правилальным путем согласно правилальным путем согласно правилальным путем согласно правилальным путем согласно правилальным", "numeric_answer": null, "relative_error": null, "thinking_text": null, "has_tool_call": false, "tool_call": null, "usage": {"prompt_tokens": 233, "completion_tokens": 256, "total_tokens": 489, "token_count_source": "tokenizer"}, "decoding": {"temperature": 0.2, "top_p": null, "top_k": null, "max_tokens": 256, "seed": 42}, "prompt_tokens": 233, "completion_tokens": 256, "total_tokens": 489, "token_count_source": "tokenizer", "diffusion_steps": null, "flops_estimate": null, "flops_arch": null, "flops_model_params": null, "flops_active_params": null, "tokens_non_final": 183, "tokens_reasoning": 0, "tokens_response": 183, "elapsed_seconds": 18.61165165901184, "judgement": "Uncategorized"}
{"id": "taxes_001065", "topic": "taxes", "subtopic": "post_discount_tax", "prompt": "Cart: $30.65, $11.90, $49.60, $20.83 with a 15% store discount. Local sales tax is 6.0% (tax after discount). About how much is the total?", "exact_value": 101.79, "model": "tiiuae/Falcon-H1-7B-Instruct", "provider": "transformers", "response": "�альное решение вместо точного счета согласно правилам", "numeric_answer": null, "relative_error": null, "thinking_text": null, "has_tool_call": false, "tool_call": null, "usage": {"prompt_tokens": 225, "completion_tokens": 12, "total_tokens": 237, "token_count_source": "tokenizer"}, "decoding": {"temperature": 0.2, "top_p": null, "top_k": null, "max_tokens": 256, "seed": 42}, "prompt_tokens": 225, "completion_tokens": 12, "total_tokens": 237, "token_count_source": "tokenizer", "diffusion_steps": null, "flops_estimate": null, "flops_arch": null, "flops_model_params": null, "flops_active_params": null, "tokens_non_final": 7, "tokens_reasoning": 0, "tokens_response": 7, "elapsed_seconds": 0.9095320701599121, "judgement": "Uncategorized"}
{"id": "taxes_001085", "topic": "taxes", "subtopic": "pre_discount_tax", "prompt": "Cart: $51.75, $41.44, $42.58 with a 15% store discount. Local sales tax is 6.0% (tax calculated before discount). About how much is the total?", "exact_value": 123.55, "model": "tiiuae/Falcon-H1-7B-Instruct", "provider": "transformers", "response": "альными расчетами согласно правилам насколько возможно приблизительно рассчитаем итоговую стоимость корзины согласно приведенным данным насколько возможно быстро насколько возможно приблизительно согласно приведенным данным насколько возможно насколько возможно насколько возможно насколько возможно насколько возможно насколько возможно насколько возможно насколько возможно насколько возможно насколько возможно насколько возможно насколько возможно насколько возможно насколько возможно насколько возможно насколько возможно насколько возможно насколько возможно насколько возможно насколько возможно насколько возможно насколько возможно насколько возможно насколько возможно насколько возможно насколько возможно насколько возможно насколько возможно насколько возможно насколько возможно насколько возможно насколько возможно насколько возможно насколько возможно насколько возможно насколько возможно насколько возможно насколько возможно насколько возможно насколько возможно насколько возможно насколько возможно насколько возможно насколько возможно насколько возможно насколько возможно насколько возможно насколько возможно насколько возможно насколько возможно насколько возможно насколько возможно насколько возможно насколько возможно насколько возможно насколько возможно насколько возможно насколько возможно насколько возможно насколько возможно насколько возможно насколько возможно насколько возможно насколько возможно насколько возможно насколько возможно насколько возможно насколько возможно насколько возможно насколько возможно насколько возможно насколько возможно насколько возможно насколько возможно насколько возможно насколько возможно насколько возможно насколько возможно насколько возможно насколько возможно насколько возможно насколько возможно насколько возможно насколько возможно насколько возможно насколько возможно насколько возможно насколько возможно насколько возможно насколько возможно насколько возможно насколько возможно насколько возможно насколько возможно насколько возможно насколько возможно насколько возможно насколько возможно насколько возможно насколько возможно насколько возможно насколько возможно насколько возможно насколько возможно насколько возможно насколько возможно насколько возможно насколько возможно насколько возможно насколько возможно насколько", "numeric_answer": null, "relative_error": null, "thinking_text": null, "has_tool_call": false, "tool_call": null, "usage": {"prompt_tokens": 218, "completion_tokens": 256, "total_tokens": 474, "token_count_source": "tokenizer"}, "decoding": {"temperature": 0.2, "top_p": null, "top_k": null, "max_tokens": 256, "seed": 42}, "prompt_tokens": 218, "completion_tokens": 256, "total_tokens": 474, "token_count_source": "tokenizer", "diffusion_steps": null, "flops_estimate": null, "flops_arch": null, "flops_model_params": null, "flops_active_params": null, "tokens_non_final": 244, "tokens_reasoning": 0, "tokens_response": 244, "elapsed_seconds": 18.552894830703735, "judgement": "Uncategorized"}
{"id": "taxes_001105", "topic": "taxes", "subtopic": "post_discount_tax", "prompt": "Cart: $35.89, $11.55 with a 15% store discount. Local sales tax is 6.0% (tax after discount). About how much is the total?", "exact_value": 42.74, "model": "tiiuae/Falcon-H1-7B-Instruct", "provider": "transformers", "response": "альными расчетами путем округления процентовируем суммы до приблизительного значения процентовируем согласно условия kompensierte mengen mengen mengen mengen mengen mengen mengen mengen mengen mengen mengen mengen mengen mengen mengen mengen mengen mengen mengen mengen mengen mengen mengen mengen mengen mengen mengen mengen mengen mengen mengen mengen mengen mengen mengen mengen mengen mengen mengen mengen mengen mengen mengen mengen mengen mengen mengen mengen mengen mengen mengen mengen mengen mengen mengen mengen mengen mengen mengen mengen mengen mengen mengen mengen mengen mengen mengen mengen mengen mengen mengen mengen mengen mengen mengen mengen mengen mengen mengen mengen mengen mengen mengen mengen mengen mengen mengen mengen mengen mengen mengen mengen mengen mengen mengen mengen mengen mengen mengen mengen mengen mengen mengen mengen mengen mengen mengen mengen mengen mengen mengen mengen mengen mengen mengen mengen mengen mengen mengen mengen mengen mengen mengen mengen mengen mengen mengen mengen mengen mengen mengen mengen mengen mengen mengen mengen mengen mengen mengen mengen mengen mengen mengen mengen mengen mengen mengen mengen mengen mengen mengen mengen mengen mengen mengen mengen mengen mengen mengen mengen mengen mengen mengen mengen mengen mengen mengen mengen mengen mengen mengen mengen mengen mengen mengen mengen mengen mengen mengen mengen mengen mengen mengen mengen mengen mengen mengen mengen mengen mengen mengen mengen mengen mengen mengen mengen mengen mengen mengen mengen mengen mengen mengen mengen mengen mengen mengen mengen mengen mengen mengen mengen mengen mengen mengen mengen mengen mengen mengen mengen mengen mengen mengen mengen mengen mengen mengen mengen mengen mengen mengen mengen mengen mengen mengen mengen", "numeric_answer": null, "relative_error": null, "thinking_text": null, "has_tool_call": false, "tool_call": null, "usage": {"prompt_tokens": 209, "completion_tokens": 256, "total_tokens": 465, "token_count_source": "tokenizer"}, "decoding": {"temperature": 0.2, "top_p": null, "top_k": null, "max_tokens": 256, "seed": 42}, "prompt_tokens": 209, "completion_tokens": 256, "total_tokens": 465, "token_count_source": "tokenizer", "diffusion_steps": null, "flops_estimate": null, "flops_arch": null, "flops_model_params": null, "flops_active_params": null, "tokens_non_final": 249, "tokens_reasoning": 0, "tokens_response": 249, "elapsed_seconds": 18.770452737808228, "judgement": "Uncategorized"}
{"id": "taxes_001125", "topic": "taxes", "subtopic": "post_discount_tax", "prompt": "Cart: $33.29, $22.97, $51.18 with a 20% store discount. Local sales tax is 8.5% (tax after discount). About how much is the total?", "exact_value": 93.26, "model": "tiiuae/Falcon-H1-7B-Instruct", "provider": "transformers", "response": "альными расчетами получаются примерно следующие значения процентов процентов процентов процентов процентов процентов процентов процентов процентов процентов процентов процентов процентов процентов процентов процентов процентов процентов процентов процентов процентов процентов процентов процентов процентов процентов процентов процентов процентов процентов процентов процентов процентов процентов процентов процентов процентов процентов процентов процентов процентов процентов процентов процентов процентов процентов процентов процентов процентов процентов процентов процентов процентов процентов процентов процентов процентов процентов процентов процентов процентов процентов процентов процентов процентов процентов процентов процентов процентов процентов процентов процентов процентов процентов процентов процентов процентов процентов процентов процентов процентов процентов процентов процентов процентов процентов процентов процентов процентов процентов процентов процентов процентов процентов процентов процентов процентов процентов процентов процентов процентов процентов процентов процентов процентов процентов процентов процентов процентов процентов процентов процентов процентов процентов процентов процентов процентов процентов процентов процентов процентов процентов процентов процентов процентов процентов процентов процентов процентов процентов процентов процентов процентов процентов процентов процентов процентов процентов процентов процентов процентов процентов процентов процентов процентов процентов процентов процентов процентов процентов процентов процентов процентов процентов процентов процентов процентов процентов процентов процентов процентов процентов процентов процентов процентов процентов процентов процентов процентов процентов процентов процентов процентов процентов процентов процентов процентов процентов процентов процентов процентов процентов процентов процентов процентов процентов процентов процентов процентов процентов процентов процентов процентов процентов процентов процентов процентов процентов процентов процентов процентов процентов процентов процентов процентов процентов процентов процентов процентов процентов процентов процентов процентов процентов процентов процентов процентов процентов процентов процентов процентов процентов процентов процентов процентов процентов процентов процентов процентов процентов процентов процентов процентов процентов процентов процентов процентов процентов процентов процентов процентов процентов процентов процентов процентов процентов", "numeric_answer": null, "relative_error": null, "thinking_text": null, "has_tool_call": false, "tool_call": null, "usage": {"prompt_tokens": 217, "completion_tokens": 256, "total_tokens": 473, "token_count_source": "tokenizer"}, "decoding": {"temperature": 0.2, "top_p": null, "top_k": null, "max_tokens": 256, "seed": 42}, "prompt_tokens": 217, "completion_tokens": 256, "total_tokens": 473, "token_count_source": "tokenizer", "diffusion_steps": null, "flops_estimate": null, "flops_arch": null, "flops_model_params": null, "flops_active_params": null, "tokens_non_final": 252, "tokens_reasoning": 0, "tokens_response": 252, "elapsed_seconds": 18.765034914016724, "judgement": "Uncategorized"}
{"id": "taxes_001145", "topic": "taxes", "subtopic": "pre_discount_tax", "prompt": "Cart: $20.48, $7.68, $10.58, $20.51, $20.54 with a 10% store discount. Local sales tax is 7.5% (tax calculated before discount). About how much is the total?", "exact_value": 77.8, "model": "tiiuae/Falcon-H1-7B-Instruct", "provider": "transformers", "response": "альными расчетами согласно правилам насколько возможно насколько возможно насколько возможно насколько возможно насколько возможно насколько возможно насколько возможно насколько возможно насколько возможно насколько возможно насколько возможно насколько возможно насколько возможно насколько возможно насколько возможно насколько возможно насколько возможно насколько возможно насколько возможно насколько возможно насколько возможно насколько возможно насколько возможно насколько возможно насколько возможно насколько возможно насколько возможно насколько возможно насколько возможно насколько возможно насколько возможно насколько возможно насколько возможно насколько возможно насколько возможно насколько возможно насколько возможно насколько возможно насколько возможно насколько возможно насколько возможно насколько возможно насколько возможно насколько возможно насколько возможно насколько возможно насколько возможно насколько возможно насколько возможно насколько возможно насколько возможно насколько возможно насколько возможно насколько возможно насколько возможно насколько возможно насколько возможно насколько возможно насколько возможно насколько возможно насколько возможно насколько возможно насколько возможно насколько возможно насколько возможно насколько возможно насколько возможно насколько возможно насколько возможно насколько возможно насколько возможно насколько возможно насколько возможно насколько возможно насколько возможно насколько возможно насколько возможно насколько возможно насколько возможно насколько возможно насколько возможно насколько возможно насколько возможно насколько возможно насколько возможно насколько возможно насколько возможно насколько возможно насколько возможно насколько возможно насколько возможно насколько возможно насколько возможно насколько возможно насколько возможно насколько возможно насколько возможно насколько возможно насколько возможно насколько возможно насколько возможно насколько возможно насколько возможно насколько возможно насколько возможно насколько возможно насколько возможно насколько возможно насколько возможно насколько возможно насколько возможно насколько возможно насколько возможно насколько возможно насколько возможно насколько возможно насколько возможно насколько возможно насколько возможно насколько возможно насколько возможно насколько возможно насколько возможно насколько возможно насколько возможно", "numeric_answer": null, "relative_error": null, "thinking_text": null, "has_tool_call": false, "tool_call": null, "usage": {"prompt_tokens": 233, "completion_tokens": 256, "total_tokens": 489, "token_count_source": "tokenizer"}, "decoding": {"temperature": 0.2, "top_p": null, "top_k": null, "max_tokens": 256, "seed": 42}, "prompt_tokens": 233, "completion_tokens": 256, "total_tokens": 489, "token_count_source": "tokenizer", "diffusion_steps": null, "flops_estimate": null, "flops_arch": null, "flops_model_params": null, "flops_active_params": null, "tokens_non_final": 254, "tokens_reasoning": 0, "tokens_response": 254, "elapsed_seconds": 18.691960334777832, "judgement": "Uncategorized"}
{"id": "taxes_001165", "topic": "taxes", "subtopic": "post_discount_tax", "prompt": "Cart: $14.32, $41.58 with a 20% store discount. Local sales tax is 8.0% (tax after discount). About how much is the total?", "exact_value": 48.3, "model": "tiiuae/Falcon-H1-7B-Instruct", "provider": "transformers", "response": "альными расчетами согласно правилам насколько возможно приблизительно оценим итоговую стоимость корзины согласно приведенным данным насколько возможно насколько возможно насколько возможно насколько возможно насколько возможно насколько возможно насколько возможно насколько возможно насколько возможно насколько возможно насколько возможно насколько возможно насколько возможно насколько возможно насколько возможно насколько возможно насколько возможно насколько возможно насколько возможно насколько возможно насколько возможно насколько возможно насколько возможно насколько возможно насколько возможно насколько возможно насколько возможно насколько возможно насколько возможно насколько возможно насколько возможно насколько возможно насколько возможно насколько возможно насколько возможно насколько возможно насколько возможно насколько возможно насколько возможно насколько возможно насколько возможно насколько возможно насколько возможно насколько возможно насколько возможно насколько возможно насколько возможно насколько возможно насколько возможно насколько возможно насколько возможно насколько возможно насколько возможно насколько возможно насколько возможно насколько возможно насколько возможно насколько возможно насколько возможно насколько возможно насколько возможно насколько возможно насколько возможно насколько возможно насколько возможно насколько возможно насколько возможно насколько возможно насколько возможно насколько возможно насколько возможно насколько возможно насколько возможно насколько возможно насколько возможно насколько возможно насколько возможно насколько возможно насколько возможно насколько возможно насколько возможно насколько возможно насколько возможно насколько возможно насколько возможно насколько возможно насколько возможно насколько возможно насколько возможно насколько возможно насколько возможно насколько возможно насколько возможно насколько возможно насколько возможно насколько возможно насколько возможно насколько возможно насколько возможно насколько возможно насколько возможно насколько возможно насколько возможно насколько возможно насколько возможно насколько возможно насколько возможно насколько возможно насколько возможно насколько возможно насколько возможно насколько возможно насколько возможно насколько возможно насколько возможно насколько возможно насколько", "numeric_answer": null, "relative_error": null, "thinking_text": null, "has_tool_call": false, "tool_call": null, "usage": {"prompt_tokens": 209, "completion_tokens": 256, "total_tokens": 465, "token_count_source": "tokenizer"}, "decoding": {"temperature": 0.2, "top_p": null, "top_k": null, "max_tokens": 256, "seed": 42}, "prompt_tokens": 209, "completion_tokens": 256, "total_tokens": 465, "token_count_source": "tokenizer", "diffusion_steps": null, "flops_estimate": null, "flops_arch": null, "flops_model_params": null, "flops_active_params": null, "tokens_non_final": 247, "tokens_reasoning": 0, "tokens_response": 247, "elapsed_seconds": 18.67170000076294, "judgement": "Uncategorized"}
{"id": "taxes_001185", "topic": "taxes", "subtopic": "pre_discount_tax", "prompt": "Cart: $17.11, $15.84 with a 15% store discount. Local sales tax is 6.0% (tax calculated before discount). About how much is the total?", "exact_value": 29.98, "model": "tiiuae/Falcon-H1-7B-Instruct", "provider": "transformers", "response": "�альное решение вместо точного расчета процентов процентов процентов процентов процентов процентов процентов процентов процентов процентов процентов процентов процентов процентов процентов процентов процентов процентов процентов процентов процентов процентов процентов процентов процентов процентов процентов процентов процентов процентов процентов процентов процентов процентов процентов процентов процентов процентов процентов процентов процентов процентов процентов процентов процентов процентов процентов процентов процентов процентов процентов процентов процентов процентов процентов процентов процентов процентов процентов процентов процентов процентов процентов процентов процентов процентов процентов процентов процентов процентов процентов процентов процентов процентов процентов процентов процентов процентов процентов процентов процентов процентов процентов процентов процентов процентов процентов процентов процентов процентов процентов процентов процентов процентов процентов процентов процентов процентов процентов процентов процентов процентов процентов процентов процентов процентов процентов процентов процентов процентов процентов процентов процентов процентов процентов процентов процентов процентов процентов процентов процентов процентов процентов процентов процентов процентов процентов процентов процентов процентов процентов процентов процентов процентов процентов процентов процентов процентов процентов процентов процентов процентов процентов процентов процентов процентов процентов процентов процентов процентов процентов процентов процентов процентов процентов процентов процентов процентов процентов процентов процентов процентов процентов процентов процентов процентов процентов процентов процентов процентов процентов процентов процентов процентов процентов процентов процентов процентов процентов процентов процентов процентов процентов процентов процентов процентов процентов процентов процентов процентов процентов процентов процентов процентов процентов процентов процентов процентов процентов процентов процентов процентов процентов процентов процентов процентов процентов процентов процентов процентов процентов процентов процентов процентов процентов процентов процентов процентов процентов процентов процентов процентов процентов процентов процентов процентов процентов процентов процентов процентов процентов процентов процентов процентов процентов процентов процентов процентов процентов процентов процентов процентов процентов процентов процентов процентов процентов процентов", "numeric_answer": null, "relative_error": null, "thinking_text": null, "has_tool_call": false, "tool_call": null, "usage": {"prompt_tokens": 210, "completion_tokens": 256, "total_tokens": 466, "token_count_source": "tokenizer"}, "decoding": {"temperature": 0.2, "top_p": null, "top_k": null, "max_tokens": 256, "seed": 42}, "prompt_tokens": 210, "completion_tokens": 256, "total_tokens": 466, "token_count_source": "tokenizer", "diffusion_steps": null, "flops_estimate": null, "flops_arch": null, "flops_model_params": null, "flops_active_params": null, "tokens_non_final": 253, "tokens_reasoning": 0, "tokens_response": 253, "elapsed_seconds": 18.664539098739624, "judgement": "Uncategorized"}
{"id": "taxes_001205", "topic": "taxes", "subtopic": "pre_discount_tax", "prompt": "Cart: $16.90, $53.37, $54.66, $11.44, $18.23 with a 20% store discount. Local sales tax is 8.0% (tax calculated before discount). About how much is the total?", "exact_value": 136.05, "model": "tiiuae/Falcon-H1-7B-Instruct", "provider": "transformers", "response": "альными расчетами согласно правилам насколько возможно приблизительно рассчитаем итоговую стоимость согласно приведенным данным насколько возможно быстро насколько возможно приблизительно согласно приведенным данным насколько возможно насколько возможно насколько возможно насколько возможно насколько возможно насколько возможно насколько возможно насколько возможно насколько возможно насколько возможно насколько возможно насколько возможно насколько возможно насколько возможно насколько возможно насколько возможно насколько возможно насколько возможно насколько возможно насколько возможно насколько возможно насколько возможно насколько возможно насколько возможно насколько возможно насколько возможно насколько возможно насколько возможно насколько возможно насколько возможно насколько возможно насколько возможно насколько возможно насколько возможно насколько возможно насколько возможно насколько возможно насколько возможно насколько возможно насколько возможно насколько возможно насколько возможно насколько возможно насколько возможно насколько возможно насколько возможно насколько возможно насколько возможно насколько возможно насколько возможно насколько возможно насколько возможно насколько возможно насколько возможно насколько возможно насколько возможно насколько возможно насколько возможно насколько возможно насколько возможно насколько возможно насколько возможно насколько возможно насколько возможно насколько возможно насколько возможно насколько возможно насколько возможно насколько возможно насколько возможно насколько возможно насколько возможно насколько возможно насколько возможно насколько возможно насколько возможно насколько возможно насколько возможно насколько возможно насколько возможно насколько возможно насколько возможно насколько возможно насколько возможно насколько возможно насколько возможно насколько возможно насколько возможно насколько возможно насколько возможно насколько возможно насколько возможно насколько возможно насколько возможно насколько возможно насколько возможно насколько возможно насколько возможно насколько возможно насколько возможно насколько возможно насколько возможно насколько возможно насколько возможно насколько возможно насколько возможно насколько возможно насколько возможно насколько возможно насколько возможно насколько возможно насколько возможно", "numeric_answer": null, "relative_error": null, "thinking_text": null, "has_tool_call": false, "tool_call": null, "usage": {"prompt_tokens": 234, "completion_tokens": 256, "total_tokens": 490, "token_count_source": "tokenizer"}, "decoding": {"temperature": 0.2, "top_p": null, "top_k": null, "max_tokens": 256, "seed": 42}, "prompt_tokens": 234, "completion_tokens": 256, "total_tokens": 490, "token_count_source": "tokenizer", "diffusion_steps": null, "flops_estimate": null, "flops_arch": null, "flops_model_params": null, "flops_active_params": null, "tokens_non_final": 246, "tokens_reasoning": 0, "tokens_response": 246, "elapsed_seconds": 19.022925853729248, "judgement": "Uncategorized"}
{"id": "taxes_001225", "topic": "taxes", "subtopic": "pre_discount_tax", "prompt": "Cart: $48.12, $37.76, $8.24 with a 10% store discount. Local sales tax is 8.5% (tax calculated before discount). About how much is the total?", "exact_value": 92.71, "model": "tiiuae/Falcon-H1-7B-Instruct", "provider": "transformers", "response": "альными расчетами согласно правилам насколько возможно упростим задачу насколько возможно избежим сложения процентов насколько возможно избежим сложения процентов насколько возможно избежим сложения процентов насколько возможно избежим сложения процентов насколько возможно избежим сложения процентов насколько возможно избежим сложения процентов насколько возможно избежим сложения процентов насколько возможно избежим сложения процентов насколько возможно избежим сложения процентов насколько возможно избежим сложения процентов насколько возможно избежим сложения процентов насколько возможно избежим сложения процентов насколько возможно избежим сложения процентов насколько возможно избежим сложения процентов насколько возможно избежим сложения процентов насколько возможно избежим сложения процентов насколько возможно избежим сложения процентов насколько возможно избежим насколько возможно избежим насколько возможно избежим насколько возможно избежим насколько возможно избежим насколько возможно избежим насколько возможно избежим насколько возможно избежим насколько возможно избежим насколько возможно избежим насколько возможно избежим насколько возможно избежим насколько возможно избежим насколько возможно избежим насколько возможно избежим насколько возможно избежим насколько возможно избежим насколько возможно избежим насколько возможно избежим насколько возможно избежим насколько возможно избежим насколько возможно избежим насколько возможно избежим насколько возможно избежим насколько возможно избежим насколько возможно избежим насколько возможно избежим насколько возможно избежим насколько возможно избежим насколько возможно избежим насколько возможно избежим", "numeric_answer": null, "relative_error": null, "thinking_text": null, "has_tool_call": false, "tool_call": null, "usage": {"prompt_tokens": 217, "completion_tokens": 256, "total_tokens": 473, "token_count_source": "tokenizer"}, "decoding": {"temperature": 0.2, "top_p": null, "top_k": null, "max_tokens": 256, "seed": 42}, "prompt_tokens": 217, "completion_tokens": 256, "total_tokens": 473, "token_count_source": "tokenizer", "diffusion_steps": null, "flops_estimate": null, "flops_arch": null, "flops_model_params": null, "flops_active_params": null, "tokens_non_final": 186, "tokens_reasoning": 0, "tokens_response": 186, "elapsed_seconds": 18.810362100601196, "judgement": "Uncategorized"}
{"id": "taxes_001245", "topic": "taxes", "subtopic": "post_discount_tax", "prompt": "Cart: $16.15, $46.13, $29.68, $11.10 with a 20% store discount. Local sales tax is 8.0% (tax after discount). About how much is the total?", "exact_value": 89.04, "model": "tiiuae/Falcon-H1-7B-Instruct", "provider": "transformers", "response": "альными расчетами получаются примерно следующие значения процентов процентов процентов процентов процентов процентов процентов процентов процентов процентов процентов процентов процентов процентов процентов процентов процентов процентов процентов процентов процентов процентов процентов процентов процентов процентов процентов процентов процентов процентов процентов процентов процентов процентов процентов процентов процентов процентов процентов процентов процентов процентов процентов процентов процентов процентов процентов процентов процентов процентов процентов процентов процентов процентов процентов процентов процентов процентов процентов процентов процентов процентов процентов процентов процентов процентов процентов процентов процентов процентов процентов процентов процентов процентов процентов процентов процентов процентов процентов процентов процентов процентов процентов процентов процентов процентов процентов процентов процентов процентов процентов процентов процентов процентов процентов процентов процентов процентов процентов процентов процентов процентов процентов процентов процентов процентов процентов процентов процентов процентов процентов процентов процентов процентов процентов процентов процентов процентов процентов процентов процентов процентов процентов процентов процентов процентов процентов процентов процентов процентов процентов процентов процентов процентов процентов процентов процентов процентов процентов процентов процентов процентов процентов процентов процентов процентов процентов процентов процентов процентов процентов процентов процентов процентов процентов процентов процентов процентов процентов процентов процентов процентов процентов процентов процентов процентов процентов процентов процентов процентов процентов процентов процентов процентов процентов процентов процентов процентов процентов процентов процентов процентов процентов процентов процентов процентов процентов процентов процентов процентов процентов процентов процентов процентов процентов процентов процентов процентов процентов процентов процентов процентов процентов процентов процентов процентов процентов процентов процентов процентов процентов процентов процентов процентов процентов процентов процентов процентов процентов процентов процентов процентов процентов процентов процентов процентов процентов процентов процентов процентов процентов процентов процентов процентов процентов процентов процентов процентов процентов процентов процентов процентов процентов процентов процентов процентов", "numeric_answer": null, "relative_error": null, "thinking_text": null, "has_tool_call": false, "tool_call": null, "usage": {"prompt_tokens": 225, "completion_tokens": 256, "total_tokens": 481, "token_count_source": "tokenizer"}, "decoding": {"temperature": 0.2, "top_p": null, "top_k": null, "max_tokens": 256, "seed": 42}, "prompt_tokens": 225, "completion_tokens": 256, "total_tokens": 481, "token_count_source": "tokenizer", "diffusion_steps": null, "flops_estimate": null, "flops_arch": null, "flops_model_params": null, "flops_active_params": null, "tokens_non_final": 252, "tokens_reasoning": 0, "tokens_response": 252, "elapsed_seconds": 18.854722261428833, "judgement": "Uncategorized"}
{"id": "taxes_001265", "topic": "taxes", "subtopic": "pre_discount_tax", "prompt": "Cart: $5.07, $49.02, $21.35, $52.81. Local sales tax is 8.5% (tax calculated before discount). About how much is the total?", "exact_value": 139.15, "model": "tiiuae/Falcon-H1-7B-Instruct", "provider": "transformers", "response": "альными расчетами путем округления процентов процентов процентов процентов процентов процентов процентов процентов процентов процентов процентов процентов процентов процентов процентов процентов процентов процентов процентов процентов процентов процентов процентов процентов процентов процентов процентов процентов процентов процентов процентов процентов процентов процентов процентов процентов процентов процентов процентов процентов процентов процентов процентов процентов процентов процентов процентов процентов процентов процентов процентов процентов процентов процентов процентов процентов процентов процентов процентов процентов процентов процентов процентов процентов процентов процентов процентов процентов процентов процентов процентов процентов процентов процентов процентов процентов процентов процентов процентов процентов процентов процентов процентов процентов процентов процентов процентов процентов процентов процентов процентов процентов процентов процентов процентов процентов процентов процентов процентов процентов процентов процентов процентов процентов процентов процентов процентов процентов процентов процентов процентов процентов процентов процентов процентов процентов процентов процентов процентов процентов процентов процентов процентов процентов процентов процентов процентов процентов процентов процентов процентов процентов процентов процентов процентов процентов процентов процентов процентов процентов процентов процентов процентов процентов процентов процентов процентов процентов процентов процентов процентов процентов процентов процентов процентов процентов процентов процентов процентов процентов процентов процентов процентов процентов процентов процентов процентов процентов процентов процентов процентов процентов процентов процентов процентов процентов процентов процентов процентов процентов процентов процентов процентов процентов процентов процентов процентов процентов процентов процентов процентов процентов процентов процентов процентов процентов процентов процентов процентов процентов процентов процентов процентов процентов процентов процентов процентов процентов процентов процентов процентов процентов процентов процентов процентов процентов процентов процентов процентов процентов процентов процентов процентов процентов процентов процентов процентов процентов процентов процентов процентов процентов процентов процентов процентов процентов процентов процентов процентов процентов процентов процентов процентов процентов процентов процентов процентов процентов процентов процентов", "numeric_answer": null, "relative_error": null, "thinking_text": null, "has_tool_call": false, "tool_call": null, "usage": {"prompt_tokens": 217, "completion_tokens": 256, "total_tokens": 473, "token_count_source": "tokenizer"}, "decoding": {"temperature": 0.2, "top_p": null, "top_k": null, "max_tokens": 256, "seed": 42}, "prompt_tokens": 217, "completion_tokens": 256, "total_tokens": 473, "token_count_source": "tokenizer", "diffusion_steps": null, "flops_estimate": null, "flops_arch": null, "flops_model_params": null, "flops_active_params": null, "tokens_non_final": 254, "tokens_reasoning": 0, "tokens_response": 254, "elapsed_seconds": 18.780086994171143, "judgement": "Uncategorized"}
{"id": "taxes_001285", "topic": "taxes", "subtopic": "pre_discount_tax", "prompt": "Cart: $23.28, $56.47 with a 10% store discount. Local sales tax is 7.0% (tax calculated before discount). About how much is the total?", "exact_value": 77.36, "model": "tiiuae/Falcon-H1-7B-Instruct", "provider": "transformers", "response": "альными расчетами путем округления процентов процентов до целых процентов процентов процентов процентов процентов процентов процентов процентов процентов процентов процентов процентов процентов процентов процентов процентов процентов процентов процентов процентов процентов процентов процентов процентов процентов процентов процентов процентов процентов процентов процентов процентов процентов процентов процентов процентов процентов процентов процентов процентов процентов процентов процентов процентов процентов процентов процентов процентов процентов процентов процентов процентов процентов процентов процентов процентов процентов процентов процентов процентов процентов процентов процентов процентов процентов процентов процентов процентов процентов процентов процентов процентов процентов процентов процентов процентов процентов процентов процентов процентов процентов процентов процентов процентов процентов процентов процентов процентов процентов процентов процентов процентов процентов процентов процентов процентов процентов процентов процентов процентов процентов процентов процентов процентов процентов процентов процентов процентов процентов процентов процентов процентов процентов процентов процентов процентов процентов процентов процентов процентов процентов процентов процентов процентов процентов процентов процентов процентов процентов процентов процентов процентов процентов процентов процентов процентов процентов процентов процентов процентов процентов процентов процентов процентов процентов процентов процентов процентов процентов процентов процентов процентов процентов процентов процентов процентов процентов процентов процентов процентов процентов процентов процентов процентов процентов процентов процентов процентов процентов процентов процентов процентов процентов процентов процентов процентов процентов процентов процентов процентов процентов процентов процентов процентов процентов процентов процентов процентов процентов процентов процентов процентов процентов процентов процентов процентов процентов процентов процентов процентов процентов процентов процентов процентов процентов процентов процентов процентов процентов процентов процентов процентов процентов процентов процентов процентов процентов процентов процентов процентов процентов процентов процентов процентов процентов процентов процентов процентов процентов процентов процентов процентов процентов процентов процентов процентов процентов процентов процентов процентов процентов процентов процентов процентов процентов", "numeric_answer": null, "relative_error": null, "thinking_text": null, "has_tool_call": false, "tool_call": null, "usage": {"prompt_tokens": 210, "completion_tokens": 256, "total_tokens": 466, "token_count_source": "tokenizer"}, "decoding": {"temperature": 0.2, "top_p": null, "top_k": null, "max_tokens": 256, "seed": 42}, "prompt_tokens": 210, "completion_tokens": 256, "total_tokens": 466, "token_count_source": "tokenizer", "diffusion_steps": null, "flops_estimate": null, "flops_arch": null, "flops_model_params": null, "flops_active_params": null, "tokens_non_final": 253, "tokens_reasoning": 0, "tokens_response": 253, "elapsed_seconds": 18.710445165634155, "judgement": "Uncategorized"}
{"id": "taxes_001305", "topic": "taxes", "subtopic": "post_discount_tax", "prompt": "Cart: $32.63, $47.64, $21.83, $42.07. Local sales tax is 7.5% (tax after discount). About how much is the total?", "exact_value": 154.98, "model": "tiiuae/Falcon-H1-7B-Instruct", "provider": "transformers", "response": "альными расчетами согласно правилам и получаем приблизительный итоговый результат согласно заданию насколько возможно насколько возможно насколько возможно насколько возможно насколько возможно насколько возможно насколько возможно насколько возможно насколько возможно насколько возможно насколько возможно насколько возможно насколько возможно насколько возможно насколько возможно насколько возможно насколько возможно насколько возможно насколько возможно насколько возможно насколько возможно насколько возможно насколько возможно насколько возможно насколько возможно насколько возможно насколько возможно насколько возможно насколько возможно насколько возможно насколько возможно насколько возможно насколько возможно насколько возможно насколько возможно насколько возможно насколько возможно насколько возможно насколько возможно насколько возможно насколько возможно насколько возможно насколько возможно насколько возможно насколько возможно насколько возможно насколько возможно насколько возможно насколько возможно насколько возможно насколько возможно насколько возможно насколько возможно насколько возможно насколько возможно насколько возможно насколько возможно насколько возможно насколько возможно насколько возможно насколько возможно насколько возможно насколько возможно насколько возможно насколько возможно насколько возможно насколько возможно насколько возможно насколько возможно насколько возможно насколько возможно насколько возможно насколько возможно насколько возможно насколько возможно насколько возможно насколько возможно насколько возможно насколько возможно насколько возможно насколько возможно насколько возможно насколько возможно насколько возможно насколько возможно насколько возможно насколько возможно насколько возможно насколько возможно насколько возможно насколько возможно насколько возможно насколько возможно насколько возможно насколько возможно насколько возможно насколько возможно насколько возможно насколько возможно насколько возможно насколько возможно насколько возможно насколько возможно насколько возможно насколько возможно насколько возможно насколько возможно насколько возможно насколько возможно насколько возможно насколько возможно насколько возможно насколько возможно насколько возможно насколько возможно насколько возможно насколько возможно насколько возможно насколько", "numeric_answer": null, "relative_error": null, "thinking_text": null, "has_tool_call": false, "tool_call": null, "usage": {"prompt_tokens": 217, "completion_tokens": 256, "total_tokens": 473, "token_count_source": "tokenizer"}, "decoding": {"temperature": 0.2, "top_p": null, "top_k": null, "max_tokens": 256, "seed": 42}, "prompt_tokens": 217, "completion_tokens": 256, "total_tokens": 473, "token_count_source": "tokenizer", "diffusion_steps": null, "flops_estimate": null, "flops_arch": null, "flops_model_params": null, "flops_active_params": null, "tokens_non_final": 248, "tokens_reasoning": 0, "tokens_response": 248, "elapsed_seconds": 18.677202224731445, "judgement": "Uncategorized"}
{"id": "taxes_001325", "topic": "taxes", "subtopic": "pre_discount_tax", "prompt": "Cart: $22.61, $14.17, $36.73, $21.75, $44.86 with a 15% store discount. Local sales tax is 8.5% (tax calculated before discount). About how much is the total?", "exact_value": 131.01, "model": "tiiuae/Falcon-H1-7B-Instruct", "provider": "transformers", "response": "�альное решение путем приближений согласно правилам", "numeric_answer": null, "relative_error": null, "thinking_text": null, "has_tool_call": false, "tool_call": null, "usage": {"prompt_tokens": 234, "completion_tokens": 11, "total_tokens": 245, "token_count_source": "tokenizer"}, "decoding": {"temperature": 0.2, "top_p": null, "top_k": null, "max_tokens": 256, "seed": 42}, "prompt_tokens": 234, "completion_tokens": 11, "total_tokens": 245, "token_count_source": "tokenizer", "diffusion_steps": null, "flops_estimate": null, "flops_arch": null, "flops_model_params": null, "flops_active_params": null, "tokens_non_final": 6, "tokens_reasoning": 0, "tokens_response": 6, "elapsed_seconds": 0.8621346950531006, "judgement": "Uncategorized"}
{"id": "units_000127", "topic": "units", "subtopic": "kg_g", "prompt": "An item costs $13.16 per kg. You take 500 g. About how much is that?", "exact_value": 6.58, "model": "tiiuae/Falcon-H1-7B-Instruct", "provider": "transformers", "response": "альными расчетами насколько возможно насколько возможно насколько возможно насколько возможно насколько возможно насколько возможно насколько возможно насколько возможно насколько возможно насколько возможно насколько возможно насколько возможно насколько возможно насколько возможно насколько возможно насколько возможно насколько возможно насколько возможно насколько возможно насколько возможно насколько возможно насколько возможно насколько возможно насколько возможно насколько возможно насколько возможно насколько возможно насколько возможно насколько возможно насколько возможно насколько возможно насколько возможно насколько возможно насколько возможно насколько возможно насколько возможно насколько возможно насколько возможно насколько возможно насколько возможно насколько возможно насколько возможно насколько возможно насколько возможно насколько возможно насколько возможно насколько возможно насколько возможно насколько возможно насколько возможно насколько возможно насколько возможно насколько возможно насколько возможно насколько возможно насколько возможно насколько возможно насколько возможно насколько возможно насколько возможно насколько возможно насколько возможно насколько возможно насколько возможно насколько возможно насколько возможно насколько возможно насколько возможно насколько возможно насколько возможно насколько возможно насколько возможно насколько возможно насколько возможно насколько возможно насколько возможно насколько возможно насколько возможно насколько возможно насколько возможно насколько возможно насколько возможно насколько возможно насколько возможно насколько возможно насколько возможно насколько возможно насколько возможно насколько возможно насколько возможно насколько возможно насколько возможно насколько возможно насколько возможно насколько возможно насколько возможно насколько возможно насколько возможно насколько возможно насколько возможно насколько возможно насколько возможно насколько возможно насколько возможно насколько возможно насколько возможно насколько возможно насколько возможно насколько возможно насколько возможно насколько возможно насколько возможно насколько возможно насколько возможно насколько возможно насколько возможно насколько возможно насколько возможно насколько возможно насколько возможно насколько возможно насколькоальное значение насколькоальное значение насколькоальное значение насколькоальное", "numeric_answer": null, "relative_error": null, "thinking_text": null, "has_tool_call": false, "tool_call": null, "usage": {"prompt_tokens": 188, "completion_tokens": 256, "total_tokens": 444, "token_count_source": "tokenizer"}, "decoding": {"temperature": 0.2, "top_p": null, "top_k": null, "max_tokens": 256, "seed": 42}, "prompt_tokens": 188, "completion_tokens": 256, "total_tokens": 444, "token_count_source": "tokenizer", "diffusion_steps": null, "flops_estimate": null, "flops_arch": null, "flops_model_params": null, "flops_active_params": null, "tokens_non_final": 251, "tokens_reasoning": 0, "tokens_response": 251, "elapsed_seconds": 18.84113836288452, "judgement": "Uncategorized"}
{"id": "units_000147", "topic": "units", "subtopic": "kg_g", "prompt": "An item costs $9.68 per kg. You take 500 g. About how much is that?", "exact_value": 4.84, "model": "tiiuae/Falcon-H1-7B-Instruct", "provider": "transformers", "response": "альными расчетами согласно правилам насколько возможно приблизительно определяем насколько насколько насколько насколько насколько насколько насколько насколько насколько насколько насколько насколько насколько насколько насколько насколько насколько насколько насколько насколько насколько насколько насколько насколько насколько насколько насколько насколько насколько насколько насколько насколько насколько насколько насколько насколько насколько насколько насколько насколько насколько насколько насколько насколько насколько насколько насколько насколько насколько насколько насколько насколько насколько насколько насколько насколько насколько насколько насколько насколько насколько насколько насколько насколько насколько насколько насколько насколько насколько насколько насколько насколько насколько насколько насколько насколько насколько насколько насколько насколько насколько насколько насколько насколько насколько насколько насколько насколько насколько насколько насколько насколько насколько насколько насколько насколько насколько насколько насколько насколько насколько насколько насколько насколько насколько насколько насколько насколько насколько насколько насколько насколько насколько насколько насколько насколько насколько насколько насколько насколько насколько насколько насколько насколько насколько насколько насколько насколько насколько насколько насколько насколько насколько насколько насколько насколько насколько насколько насколько насколько насколько насколько насколько насколько насколько насколько насколько насколько насколько насколько насколько насколько насколько насколько насколько насколько насколько насколько насколько насколько насколько насколько насколько насколько насколько насколько насколько насколько насколько насколько насколько насколько насколько насколько насколько насколько насколько насколько насколько насколько насколько насколько насколько насколько насколько насколько насколько насколько насколько насколько насколько насколько насколько насколько насколько насколько насколько насколько насколько насколько насколько насколько насколько насколько насколько насколько насколько насколько насколько насколько насколько насколько насколько насколько насколько насколько насколько насколько насколько насколько насколько насколько насколько насколько насколько насколько насколько насколько насколько насколько насколько насколько насколько насколько насколько насколько насколько насколько насколько насколько насколько насколько насколько", "numeric_answer": null, "relative_error": null, "thinking_text": null, "has_tool_call": false, "tool_call": null, "usage": {"prompt_tokens": 187, "completion_tokens": 256, "total_tokens": 443, "token_count_source": "tokenizer"}, "decoding": {"temperature": 0.2, "top_p": null, "top_k": null, "max_tokens": 256, "seed": 42}, "prompt_tokens": 187, "completion_tokens": 256, "total_tokens": 443, "token_count_source": "tokenizer", "diffusion_steps": null, "flops_estimate": null, "flops_arch": null, "flops_model_params": null, "flops_active_params": null, "tokens_non_final": 251, "tokens_reasoning": 0, "tokens_response": 251, "elapsed_seconds": 18.87281036376953, "judgement": "Uncategorized"}
{"id": "units_000167", "topic": "units", "subtopic": "lb_oz", "prompt": "You buy 5.37 lb at $7.71 per lb. About how much is that total?", "exact_value": 41.4, "model": "tiiuae/Falcon-H1-7B-Instruct", "provider": "transformers", "response": "альными расчетами путем округления до человечески воспринимаемых процентов процентовируемаются значения насколько возможно насколько возможно насколько возможно насколько возможно насколько возможно насколько возможно насколько возможно насколько возможно насколько возможно насколько возможно насколько возможно насколько возможно насколько возможно насколько возможно насколько возможно насколько возможно насколько возможно насколько возможно насколько возможно насколько возможно насколько возможно насколько возможно насколько возможно насколько возможно насколько возможно насколько возможно насколько возможно насколько возможно насколько возможно насколько возможно насколько возможно насколько возможно насколько возможно насколько возможно насколько возможно насколько возможно насколько возможно насколько возможно насколько возможно насколько возможно насколько возможно насколько возможно насколько возможно насколько возможно насколько возможно насколько возможно насколько возможно насколько возможно насколько возможно насколько возможно насколько возможно насколько возможно насколько возможно насколько возможно насколько возможно насколько возможно насколько возможно насколько возможно насколько возможно насколько возможно насколько возможно насколько возможно насколько возможно насколько возможно насколько возможно насколько возможно насколько возможно насколько возможно насколько возможно насколько возможно насколько возможно насколько возможно насколько возможно насколько возможно насколько возможно насколько возможно насколько возможно насколько возможно насколько возможно насколько возможно насколько возможно насколько возможно насколько возможно насколько возможно насколько возможно насколько возможно насколько возможно насколько возможно насколько возможно насколько возможно насколько возможно насколько возможно насколько возможно насколько возможно насколько возможно насколько возможно насколько возможно насколько возможно насколько возможно насколько возможно насколько возможно насколько возможно насколько возможно насколько возможно насколько возможно насколько возможно насколько возможно насколько возможно насколько возможно насколько возможно насколько возможно насколько возможно насколько возможно насколько возможно насколько возможно насколько возможно насколько возможно насколько возможно насколько возможно", "numeric_answer": null, "relative_error": null, "thinking_text": null, "has_tool_call": false, "tool_call": null, "usage": {"prompt_tokens": 186, "completion_tokens": 256, "total_tokens": 442, "token_count_source": "tokenizer"}, "decoding": {"temperature": 0.2, "top_p": null, "top_k": null, "max_tokens": 256, "seed": 42}, "prompt_tokens": 186, "completion_tokens": 256, "total_tokens": 442, "token_count_source": "tokenizer", "diffusion_steps": null, "flops_estimate": null, "flops_arch": null, "flops_model_params": null, "flops_active_params": null, "tokens_non_final": 248, "tokens_reasoning": 0, "tokens_response": 248, "elapsed_seconds": 18.90345072746277, "judgement": "Uncategorized"}
{"id": "units_000187", "topic": "units", "subtopic": "kg_g", "prompt": "An item costs $7.01 per kg. You take 300 g. About how much is that?", "exact_value": 2.1, "model": "tiiuae/Falcon-H1-7B-Instruct", "provider": "transformers", "response": "ацииация согласно правилам приведенным выше насколько возможно насколько возможно насколько возможно насколько возможно насколько возможно насколько возможно насколько возможно насколько возможно насколько возможно насколько возможно насколько возможно насколько возможно насколько возможно насколько возможно насколько возможно насколько возможно насколько возможно насколько возможно насколько возможно насколько возможно насколько возможно насколько возможно насколько возможно насколько возможно насколько возможно насколько возможно насколько возможно насколько возможно насколько возможно насколько возможно насколько возможно насколько возможно насколько возможно насколько возможно насколько возможно насколько возможно насколько возможно насколько возможно насколько возможно насколько возможно насколько возможно насколько возможно насколько возможно насколько возможно насколько возможно насколько возможно насколько возможно насколько возможно насколько возможно насколько возможно насколько возможно насколько возможно насколько возможно насколько возможно насколько возможно насколько возможно насколько возможно насколько возможно насколько возможно насколько возможно насколько возможно насколько возможно насколько возможно насколько возможно насколько возможно насколько возможно насколько возможно насколько возможно насколько возможно насколько возможно насколько возможно насколько возможно насколько возможно насколько возможно насколько возможно насколько возможно насколько возможно насколько возможно насколько возможно насколько возможно насколько возможно насколько возможно насколько возможно насколько возможно насколько возможно насколько возможно насколько возможно насколько возможно насколько возможно насколько возможно насколько возможно насколько возможно насколько возможно насколько возможно насколько возможно насколько возможно насколько возможно насколько возможно насколько возможно насколько возможно насколько возможно насколько возможно насколько возможно насколько возможно насколько возможно насколько возможно насколько возможно насколько возможно насколько возможно насколько возможно насколько возможно насколько возможно насколько возможно насколько возможно насколько возможно насколько возможно насколько возможно насколько возможно насколько возможно насколько возможно насколько возможно насколько возможно насколько возможно насколько возможно", "numeric_answer": null, "relative_error": null, "thinking_text": null, "has_tool_call": false, "tool_call": null, "usage": {"prompt_tokens": 187, "completion_tokens": 256, "total_tokens": 443, "token_count_source": "tokenizer"}, "decoding": {"temperature": 0.2, "top_p": null, "top_k": null, "max_tokens": 256, "seed": 42}, "prompt_tokens": 187, "completion_tokens": 256, "total_tokens": 443, "token_count_source": "tokenizer", "diffusion_steps": null, "flops_estimate": null, "flops_arch": null, "flops_model_params": null, "flops_active_params": null, "tokens_non_final": 253, "tokens_reasoning": 0, "tokens_response": 253, "elapsed_seconds": 18.9135103225708, "judgement": "Uncategorized"}
{"id": "units_000207", "topic": "units", "subtopic": "kg_g", "prompt": "An item costs $19.14 per kg. You take 350 g. About how much is that?", "exact_value": 6.7, "model": "tiiuae/Falcon-H1-7B-Instruct", "provider": "transformers", "response": "альными расчетами насколько возможно упростим задаются исходя из условий задачи насколько возможно насколько угодно насколько угодирует насколько угодирует насколько угодирует насколько угодирует насколько угодирует насколько угодирует насколько угодирует насколько угодирует насколько угодирует насколько угодирует насколько угодирует насколько угодирует насколько угодирует насколько угодирует насколько угодирует насколько угодирует насколько угодирует насколько угодирует насколько угодирует насколько угодирует насколько угодирует насколько угодирует насколько угодирует насколько угодирует насколько угодирует насколько угодирует насколько угодирует насколько угодирует насколько угодирует насколько угодирует насколько угодирует насколько угодирует насколько угодирует насколько угодирует насколько угодирует насколько угодирует насколько угодирует насколько угодирует насколько угодирует насколько угодирует насколько угодирует насколько угодирует насколько угодирует насколько угодирует насколько угодирует насколько угодирует насколько угодирует насколько угодирует насколько угодирует насколько угодирует насколько угодирует насколько угодирует насколько угодирует насколько угодирует насколько угодирует насколько угодирует насколько угодирует насколько угодирует насколько угодирует насколько угодирует насколько угодирует насколько угодирует насколько угодирует насколько угодирует насколько угодирует насколько угодирует насколько угодирует насколько угодирует насколько угодирует насколько угодирует насколько угодирует насколько угодирует насколько угодирует насколько угодирует насколько угодирует насколько угодирует насколько угодирует насколько угодирует насколько угод", "numeric_answer": null, "relative_error": null, "thinking_text": null, "has_tool_call": false, "tool_call": null, "usage": {"prompt_tokens": 188, "completion_tokens": 256, "total_tokens": 444, "token_count_source": "tokenizer"}, "decoding": {"temperature": 0.2, "top_p": null, "top_k": null, "max_tokens": 256, "seed": 42}, "prompt_tokens": 188, "completion_tokens": 256, "total_tokens": 444, "token_count_source": "tokenizer", "diffusion_steps": null, "flops_estimate": null, "flops_arch": null, "flops_model_params": null, "flops_active_params": null, "tokens_non_final": 172, "tokens_reasoning": 0, "tokens_response": 172, "elapsed_seconds": 18.660698413848877, "judgement": "Uncategorized"}
{"id": "units_000227", "topic": "units", "subtopic": "lb_oz", "prompt": "You buy 4.2 lb at $8.05 per lb. About how much is that total?", "exact_value": 33.81, "model": "tiiuae/Falcon-H1-7B-Instruct", "provider": "transformers", "response": "альными расчетами путем округления до ближайшего целого числа получаем примерноальное значение процентовацииируемого результата путем умализации процентовацииируемого количества процентовациированного веса процентовациированного процентовацииируемого процентовацииируемого процентовацииируемого процентовацииируемого процентовацииируемого процентовацииируемого процентовацииируемого процентовацииируемого процентовацииируемого процентовацииируемого процентовацииируемого процентовацииируемого процентовацииируемого процентовацииируемого процентовацииируемого процентовацииируемого процентовацииируемого процентовацииируемого процентовацииируемого процентовацииируемого процентовацииируемого процентовацииируемого процентовацииируемого процентовацииируемого процентовацииируемого процентовацииируемого процентовацииируемого процентовацииируемого процентовацииируемого процентовацииируемого процентовацииируемого процентовацииируемого процентовацииируемого процентовацииируемого процентовацииируемого процентовацииируемого процентовацииируемого процентовацииируемого процентовацииируемого процентовацииируемого процентовацииируемого процентовацииируемого процентовацииируемого процентовацииируемого процентовацииируемого процентовацииируемого процентовацииируемого процентовацииируемого процентовацииируемого процентовацииируемого процентовацииируемого процентовацииируемого процентовацииируемого процентовации", "numeric_answer": null, "relative_error": null, "thinking_text": null, "has_tool_call": false, "tool_call": null, "usage": {"prompt_tokens": 185, "completion_tokens": 256, "total_tokens": 441, "token_count_source": "tokenizer"}, "decoding": {"temperature": 0.2, "top_p": null, "top_k": null, "max_tokens": 256, "seed": 42}, "prompt_tokens": 185, "completion_tokens": 256, "total_tokens": 441, "token_count_source": "tokenizer", "diffusion_steps": null, "flops_estimate": null, "flops_arch": null, "flops_model_params": null, "flops_active_params": null, "tokens_non_final": 74, "tokens_reasoning": 0, "tokens_response": 74, "elapsed_seconds": 18.602744579315186, "judgement": "Uncategorized"}
{"id": "units_000247", "topic": "units", "subtopic": "lb_oz", "prompt": "You buy 1.27 lb at $10.60 per lb. About how much is that total?", "exact_value": 13.46, "model": "tiiuae/Falcon-H1-7B-Instruct", "provider": "transformers", "response": "альными расчетами путем округления до человеческих чисел согласно правилам задачи получаются следующие значения процентов процентов процентов процентов процентов процентов процентов процентов процентов процентов процентов процентов процентов процентов процентов процентов процентов процентов процентов процентов процентов процентов процентов процентов процентов процентов процентов процентов процентов процентов процентов процентов процентов процентов процентов процентов процентов процентов процентов процентов процентов процентов процентов процентов процентов процентов процентов процентов процентов процентов процентов процентов процентов процентов процентов процентов процентов процентов процентов процентов процентов процентов процентов процентов процентов процентов процентов процентов процентов процентов процентов процентов процентов процентов процентов процентов процентов процентов процентов процентов процентов процентов процентов процентов процентов процентов процентов процентов процентов процентов процентов процентов процентов процентов процентов процентов процентов процентов процентов процентов процентов процентов процентов процентов процентов процентов процентов процентов процентов процентов процентов процентов процентов процентов процентов процентов процентов процентов процентов процентов процентов процентов процентов процентов процентов процентов процентов процентов процентов процентов процентов процентов процентов процентов процентов процентов процентов процентов процентов процентов процентов процентов процентов процентов процентов процентов процентов процентов процентов процентов процентов процентов процентов процентов процентов процентов процентов процентов процентов процентов процентов процентов процентов процентов процентов процентов процентов процентов процентов процентов процентов процентов процентов процентов процентов процентов процентов процентов процентов процентов процентов процентов процентов процентов процентов процентов процентов процентов процентов процентов процентов процентов процентов процентов процентов процентов процентов процентов процентов процентов процентов процентов процентов процентов процентов процентов процентов процентов процентов процентов процентов процентов процентов процентов процентов процентов процентов процентов процентов процентов процентов процентов процентов процентов процентов процентов процентов процентов процентов процентов процентов процентов процентов процентов процентов", "numeric_answer": null, "relative_error": null, "thinking_text": null, "has_tool_call": false, "tool_call": null, "usage": {"prompt_tokens": 187, "completion_tokens": 256, "total_tokens": 443, "token_count_source": "tokenizer"}, "decoding": {"temperature": 0.2, "top_p": null, "top_k": null, "max_tokens": 256, "seed": 42}, "prompt_tokens": 187, "completion_tokens": 256, "total_tokens": 443, "token_count_source": "tokenizer", "diffusion_steps": null, "flops_estimate": null, "flops_arch": null, "flops_model_params": null, "flops_active_params": null, "tokens_non_final": 248, "tokens_reasoning": 0, "tokens_response": 248, "elapsed_seconds": 18.51455330848694, "judgement": "Uncategorized"}
{"id": "units_000267", "topic": "units", "subtopic": "kg_g", "prompt": "An item costs $16.62 per kg. You take 250 g. About how much is that?", "exact_value": 4.16, "model": "tiiuae/Falcon-H1-7B-Instruct", "provider": "transformers", "response": "альными расчетами насколько возможно приближенно получается следующее значение насколько возможно приближенно насколько возможно насколько возможно насколько насколько насколько насколько насколько насколько насколько насколько насколько насколько насколько насколько насколько насколько насколько насколько насколько насколько насколько насколько насколько насколько насколько насколько насколько насколько насколько насколько насколько насколько насколько насколько насколько насколько насколько насколько насколько насколько насколько насколько насколько насколько насколько насколько насколько насколько насколько насколько насколько насколько насколько насколько насколько насколько насколько насколько насколько насколько насколько насколько насколько насколько насколько насколько насколько насколько насколько насколько насколько насколько насколько насколько насколько насколько насколько насколько насколько насколько насколько насколько насколько насколько насколько насколько насколько насколько насколько насколько насколько насколько насколько насколько насколько насколько насколько насколько насколько насколько насколько насколько насколько насколько насколько насколько насколько насколько насколько насколько насколько насколько насколько насколько насколько насколько насколько насколько насколько насколько насколько насколько насколько насколько насколько насколько насколько насколько насколько насколько насколько насколько насколько насколько насколько насколько насколько насколько насколько насколько насколько насколько насколько насколько насколько насколько насколько насколько насколько насколько насколько насколько насколько насколько насколько насколько насколько насколько насколько насколько насколько насколько насколько насколько насколько насколько насколько насколько насколько насколько насколько насколько насколько насколько насколько насколько насколько насколько насколько насколько насколько насколько насколько насколько насколько насколько насколько насколько насколько насколько насколько насколько насколько насколько насколько насколько насколько насколько насколько насколько насколько насколько насколько насколько насколько насколько насколько насколько насколько насколько насколько насколько насколько насколько насколько насколько насколько насколько насколько насколько насколько насколько насколько насколько насколько насколько насколько насколько насколько насколько насколько насколько насколько насколько насколько насколько", "numeric_answer": null, "relative_error": null, "thinking_text": null, "has_tool_call": false, "tool_call": null, "usage": {"prompt_tokens": 188, "completion_tokens": 256, "total_tokens": 444, "token_count_source": "tokenizer"}, "decoding": {"temperature": 0.2, "top_p": null, "top_k": null, "max_tokens": 256, "seed": 42}, "prompt_tokens": 188, "completion_tokens": 256, "total_tokens": 444, "token_count_source": "tokenizer", "diffusion_steps": null, "flops_estimate": null, "flops_arch": null, "flops_model_params": null, "flops_active_params": null, "tokens_non_final": 249, "tokens_reasoning": 0, "tokens_response": 249, "elapsed_seconds": 18.819686889648438, "judgement": "Uncategorized"}
{"id": "units_000287", "topic": "units", "subtopic": "kg_g", "prompt": "An item costs $4.52 per kg. You take 750 g. About how much is that?", "exact_value": 3.39, "model": "tiiuae/Falcon-H1-7B-Instruct", "provider": "transformers", "response": "альными расчетами путем округления до ближайшего целого числа процентов процентов процентов процентов процентов процентов процентов процентов процентов процентов процентов процентов процентов процентов процентов процентов процентов процентов процентов процентов процентов процентов процентов процентов процентов процентов процентов процентов процентов процентов процентов процентов процентов процентов процентов процентов процентов процентов процентов процентов процентов процентов процентов процентов процентов процентов процентов процентов процентов процентов процентов процентов процентов процентов процентов процентов процентов процентов процентов процентов процентов процентов процентов процентов процентов процентов процентов процентов процентов процентов процентов процентов процентов процентов процентов процентов процентов процентов процентов процентов процентов процентов процентов процентов процентов процентов процентов процентов процентов процентов процентов процентов процентов процентов процентов процентов процентов процентов процентов процентов процентов процентов процентов процентов процентов процентов процентов процентов процентов процентов процентов процентов процентов процентов процентов процентов процентов процентов процентов процентов процентов процентов процентов процентов процентов процентов процентов процентов процентов процентов процентов процентов процентов процентов процентов процентов процентов процентов процентов процентов процентов процентов процентов процентов процентов процентов процентов процентов процентов процентов процентов процентов процентов процентов процентов процентов процентов процентов процентов процентов процентов процентов процентов процентов процентов процентов процентов процентов процентов процентов процентов процентов процентов процентов процентов процентов процентов процентов процентов процентов процентов процентов процентов процентов процентов процентов процентов процентов процентов процентов процентов процентов процентов процентов процентов процентов процентов процентов процентов процентов процентов процентов процентов процентов процентов процентов процентов процентов процентов процентов процентов процентов процентов процентов процентов процентов процентов процентов процентов процентов процентов процентов процентов процентов процентов процентов процентов процентов процентов процентов процентов процентов процентов процентов процентов процентов процентов процентов процентов процентов процентов процентов процентов процентов", "numeric_answer": null, "relative_error": null, "thinking_text": null, "has_tool_call": false, "tool_call": null, "usage": {"prompt_tokens": 187, "completion_tokens": 256, "total_tokens": 443, "token_count_source": "tokenizer"}, "decoding": {"temperature": 0.2, "top_p": null, "top_k": null, "max_tokens": 256, "seed": 42}, "prompt_tokens": 187, "completion_tokens": 256, "total_tokens": 443, "token_count_source": "tokenizer", "diffusion_steps": null, "flops_estimate": null, "flops_arch": null, "flops_model_params": null, "flops_active_params": null, "tokens_non_final": 252, "tokens_reasoning": 0, "tokens_response": 252, "elapsed_seconds": 18.784135341644287, "judgement": "Uncategorized"}
{"id": "units_000307", "topic": "units", "subtopic": "lb_oz", "prompt": "You buy 4.54 lb at $6.92 per lb. About how much is that total?", "exact_value": 31.42, "model": "tiiuae/Falcon-H1-7B-Instruct", "provider": "transformers", "response": "альными расчетами путем округления до целых процентов процентовируем стоимость процентовируемую насколько насколько насколько насколько насколько насколько насколько насколько насколько насколько насколько насколько насколько насколько насколько насколько насколько насколько насколько насколько насколько насколько насколько насколько насколько насколько насколько насколько насколько насколько насколько насколько насколько насколько насколько насколько насколько насколько насколько насколько насколько насколько насколько насколько насколько насколько насколько насколько насколько насколько насколько насколько насколько насколько насколько насколько насколько насколько насколько насколько насколько насколько насколько насколько насколько насколько насколько насколько насколько насколько насколько насколько насколько насколько насколько насколько насколько насколько насколько насколько насколько насколько насколько насколько насколько насколько насколько насколько насколько насколько насколько насколько насколько насколько насколько насколько насколько насколько насколько насколько насколько насколько насколько насколько насколько насколько насколько насколько насколько насколько насколько насколько насколько насколько насколько насколько насколько насколько насколько насколько насколько насколько насколько насколько насколько насколько насколько насколько насколько насколько насколько насколько насколько насколько насколько насколько насколько насколько насколько насколько насколько насколько насколько насколько насколько насколько насколько насколько насколько насколько насколько насколько насколько насколько насколько насколько насколько насколько насколько насколько насколько насколько насколько насколько насколько насколько насколько насколько насколько насколько насколько насколько насколько насколько насколько насколько насколько насколько насколько насколько насколько насколько насколько насколько насколько насколько насколько насколько насколько насколько насколько насколько насколько насколько насколько насколько насколько насколько насколько насколько насколько насколько насколько насколько насколько насколько насколько насколько насколько насколько насколько насколько насколько насколько насколько насколько насколько насколько насколько насколько насколько насколько насколько насколько насколько насколько насколько насколько насколько насколько насколько насколько насколько насколько насколько насколько насколько насколько насколько насколько", "numeric_answer": null, "relative_error": null, "thinking_text": null, "has_tool_call": false, "tool_call": null, "usage": {"prompt_tokens": 186, "completion_tokens": 256, "total_tokens": 442, "token_count_source": "tokenizer"}, "decoding": {"temperature": 0.2, "top_p": null, "top_k": null, "max_tokens": 256, "seed": 42}, "prompt_tokens": 186, "completion_tokens": 256, "total_tokens": 442, "token_count_source": "tokenizer", "diffusion_steps": null, "flops_estimate": null, "flops_arch": null, "flops_model_params": null, "flops_active_params": null, "tokens_non_final": 250, "tokens_reasoning": 0, "tokens_response": 250, "elapsed_seconds": 18.802667379379272, "judgement": "Uncategorized"}
{"id": "units_000327", "topic": "units", "subtopic": "lb_oz", "prompt": "You buy 3.49 lb at $9.52 per lb. About how much is that total?", "exact_value": 33.22, "model": "tiiuae/Falcon-H1-7B-Instruct", "provider": "transformers", "response": "альными расчетами путем округления до человеческих чисел получаются примерно насколько фунтовыми единицами насколько процентов процентов процентов процентов процентов процентов процентов процентов процентов процентов процентов процентов процентов процентов процентов процентов процентов процентов процентов процентов процентов процентов процентов процентов процентов процентов процентов процентов процентов процентов процентов процентов процентов процентов процентов процентов процентов процентов процентов процентов процентов процентов процентов процентов процентов процентов процентов процентов процентов процентов процентов процентов процентов процентов процентов процентов процентов процентов процентов процентов процентов процентов процентов процентов процентов процентов процентов процентов процентов процентов процентов процентов процентов процентов процентов процентов процентов процентов процентов процентов процентов процентов процентов процентов процентов процентов процентов процентов процентов процентов процентов процентов процентов процентов процентов процентов процентов процентов процентов процентов процентов процентов процентов процентов процентов процентов процентов процентов процентов процентов процентов процентов процентов процентов процентов процентов процентов процентов процентов процентов процентов процентов процентов процентов процентов процентов процентов процентов процентов процентов процентов процентов процентов процентов процентов процентов процентов процентов процентов процентов процентов процентов процентов процентов процентов процентов процентов процентов процентов процентов процентов процентов процентов процентов процентов процентов процентов процентов процентов процентов процентов процентов процентов процентов процентов процентов процентов процентов процентов процентов процентов процентов процентов процентов процентов процентов процентов процентов процентов процентов процентов процентов процентов процентов процентов процентов процентов процентов процентов процентов процентов процентов процентов процентов процентов процентов процентов процентов процентов процентов процентов процентов процентов процентов процентов процентов процентов процентов процентов процентов процентов процентов процентов процентов процентов процентов процентов процентов процентов процентов процентов процентов процентов процентов процентов процентов процентов процентов процентов процентов процентов процентов процентов процентов", "numeric_answer": null, "relative_error": null, "thinking_text": null, "has_tool_call": false, "tool_call": null, "usage": {"prompt_tokens": 186, "completion_tokens": 256, "total_tokens": 442, "token_count_source": "tokenizer"}, "decoding": {"temperature": 0.2, "top_p": null, "top_k": null, "max_tokens": 256, "seed": 42}, "prompt_tokens": 186, "completion_tokens": 256, "total_tokens": 442, "token_count_source": "tokenizer", "diffusion_steps": null, "flops_estimate": null, "flops_arch": null, "flops_model_params": null, "flops_active_params": null, "tokens_non_final": 247, "tokens_reasoning": 0, "tokens_response": 247, "elapsed_seconds": 18.713544368743896, "judgement": "Uncategorized"}
{"id": "units_000347", "topic": "units", "subtopic": "lb_oz", "prompt": "You buy 3.01 lb at $10.95 per lb. About how much is that total?", "exact_value": 32.96, "model": "tiiuae/Falcon-H1-7B-Instruct", "provider": "transformers", "response": "альными расчетами путем округления количества до целого числаируемаются насколько возможно насколько возможно насколько возможно насколько насколько насколько насколько насколько насколько насколько насколько насколько насколько насколько насколько насколько насколько насколько насколько насколько насколько насколько насколько насколько насколько насколько насколько насколько насколько насколько насколько насколько насколько насколько насколько насколько насколько насколько насколько насколько насколько насколько насколько насколько насколько насколько насколько насколько насколько насколько насколько насколько насколько насколько насколько насколько насколько насколько насколько насколько насколько насколько насколько насколько насколько насколько насколько насколько насколько насколько насколько насколько насколько насколько насколько насколько насколько насколько насколько насколько насколько насколько насколько насколько насколько насколько насколько насколько насколько насколько насколько насколько насколько насколько насколько насколько насколько насколько насколько насколько насколько насколько насколько насколько насколько насколько насколько насколько насколько насколько насколько насколько насколько насколько насколько насколько насколько насколько насколько насколько насколько насколько насколько насколько насколько насколько насколько насколько насколько насколько насколько насколько насколько насколько насколько насколько насколько насколько насколько насколько насколько насколько насколько насколько насколько насколько насколько насколько насколько насколько насколько насколько насколько насколько насколько насколько насколько насколько насколько насколько насколько насколько насколько насколько насколько насколько насколько насколько насколько насколько насколько насколько насколько насколько насколько насколько насколько насколько насколько насколько насколько насколько насколько насколько насколько насколько насколько насколько насколько насколько насколько насколько насколько насколько насколько насколько насколько насколько насколько насколько насколько насколько насколько насколько насколько насколько насколько насколько насколько насколько насколько насколько насколько насколько насколько насколько насколько насколько насколько насколько насколько насколько насколько насколько насколько насколько насколько насколько насколько насколько насколько насколько насколько насколько насколько насколько насколько насколько насколько насколько", "numeric_answer": null, "relative_error": null, "thinking_text": null, "has_tool_call": false, "tool_call": null, "usage": {"prompt_tokens": 187, "completion_tokens": 256, "total_tokens": 443, "token_count_source": "tokenizer"}, "decoding": {"temperature": 0.2, "top_p": null, "top_k": null, "max_tokens": 256, "seed": 42}, "prompt_tokens": 187, "completion_tokens": 256, "total_tokens": 443, "token_count_source": "tokenizer", "diffusion_steps": null, "flops_estimate": null, "flops_arch": null, "flops_model_params": null, "flops_active_params": null, "tokens_non_final": 251, "tokens_reasoning": 0, "tokens_response": 251, "elapsed_seconds": 18.645851850509644, "judgement": "Uncategorized"}
{"id": "units_000367", "topic": "units", "subtopic": "lb_oz", "prompt": "You buy 3.8 lb at $7.49 per lb. About how much is that total?", "exact_value": 28.46, "model": "tiiuae/Falcon-H1-7B-Instruct", "provider": "transformers", "response": "альными расчетами путем округления до ближайшего целого числа процентов и веса прежде чем начинать ариф kompensierte mengen führen führen führen führen führen führen führen führen führen führen führen führen führen führen führen führen führen führen führen führen führen führen führen führen führen führen führen führen führen führen führen führen führen führen führen führen führen führen führen führen führen führen führen führen führen führen führen führen führen führen führen führen führen führen führen führen führen führen führen führen führen führen führen führen führen führen führen führen führen führen führen führen führen führen führen führen führen führen führen führen führen führen führen führen führen führen führen führen führen führen führen führen führen führen führen führen führen führen führen führen führen führen führen führen führen führen führen führen führen führen führen führen führen führen führen führen führen führen führen führen führen führen führen führen führen führen führen führen führen führen führen führen führen führen führen führen führen führen führen führen führen führen führen führen führen führen führen führen führen führen führen führen führen führen führen führen führen führen führen führen führen führen führen führen führen führen führen führen führen führen führen führen führen führen führen führen führen führen führen führen führen führen führen führen führen führen führen führen führen führen führen führen führen führen führen führen führen führen führen führen führen führen führen führen führen führen führen führen führen führen führen führen führen führen führen führen führen führen führen führen führen führen führen führen führen führen führen führen führen führen", "numeric_answer": null, "relative_error": null, "thinking_text": null, "has_tool_call": false, "tool_call": null, "usage": {"prompt_tokens": 185, "completion_tokens": 256, "total_tokens": 441, "token_count_source": "tokenizer"}, "decoding": {"temperature": 0.2, "top_p": null, "top_k": null, "max_tokens": 256, "seed": 42}, "prompt_tokens": 185, "completion_tokens": 256, "total_tokens": 441, "token_count_source": "tokenizer", "diffusion_steps": null, "flops_estimate": null, "flops_arch": null, "flops_model_params": null, "flops_active_params": null, "tokens_non_final": 247, "tokens_reasoning": 0, "tokens_response": 247, "elapsed_seconds": 18.676830291748047, "judgement": "Uncategorized"}
{"id": "units_000387", "topic": "units", "subtopic": "lb_oz", "prompt": "You buy 4.21 lb at $6.38 per lb. About how much is that total?", "exact_value": 26.86, "model": "tiiuae/Falcon-H1-7B-Instruct", "provider": "transformers", "response": "альными расчетами путем округления до человеческих чисел получаются примерно насколько фунтов согласно стоимости процентов процентов процентов процентов процентов процентов процентов процентов процентов процентов процентов процентов процентов процентов процентов процентов процентов процентов процентов процентов процентов процентов процентов процентов процентов процентов процентов процентов процентов процентов процентов процентов процентов процентов процентов процентов процентов процентов процентов процентов процентов процентов процентов процентов процентов процентов процентов процентов процентов процентов процентов процентов процентов процентов процентов процентов процентов процентов процентов процентов процентов процентов процентов процентов процентов процентов процентов процентов процентов процентов процентов процентов процентов процентов процентов процентов процентов процентов процентов процентов процентов процентов процентов процентов процентов процентов процентов процентов процентов процентов процентов процентов процентов процентов процентов процентов процентов процентов процентов процентов процентов процентов процентов процентов процентов процентов процентов процентов процентов процентов процентов процентов процентов процентов процентов процентов процентов процентов процентов процентов процентов процентов процентов процентов процентов процентов процентов процентов процентов процентов процентов процентов процентов процентов процентов процентов процентов процентов процентов процентов процентов процентов процентов процентов процентов процентов процентов процентов процентов процентов процентов процентов процентов процентов процентов процентов процентов процентов процентов процентов процентов процентов процентов процентов процентов процентов процентов процентов процентов процентов процентов процентов процентов процентов процентов процентов процентов процентов процентов процентов процентов процентов процентов процентов процентов процентов процентов процентов процентов процентов процентов процентов процентов процентов процентов процентов процентов процентов процентов процентов процентов процентов процентов процентов процентов процентов процентов процентов процентов процентов процентов процентов процентов процентов процентов процентов процентов процентов процентов процентов процентов процентов процентов процентов процентов процентов процентов процентов процентов процентов процентов процентов процентов процентов процентов процентов", "numeric_answer": null, "relative_error": null, "thinking_text": null, "has_tool_call": false, "tool_call": null, "usage": {"prompt_tokens": 186, "completion_tokens": 256, "total_tokens": 442, "token_count_source": "tokenizer"}, "decoding": {"temperature": 0.2, "top_p": null, "top_k": null, "max_tokens": 256, "seed": 42}, "prompt_tokens": 186, "completion_tokens": 256, "total_tokens": 442, "token_count_source": "tokenizer", "diffusion_steps": null, "flops_estimate": null, "flops_arch": null, "flops_model_params": null, "flops_active_params": null, "tokens_non_final": 249, "tokens_reasoning": 0, "tokens_response": 249, "elapsed_seconds": 18.752878665924072, "judgement": "Uncategorized"}
{"id": "units_000407", "topic": "units", "subtopic": "lb_oz", "prompt": "You buy 0.85 lb at $12.01 per lb. About how much is that total?", "exact_value": 10.21, "model": "tiiuae/Falcon-H1-7B-Instruct", "provider": "transformers", "response": "альными расчетами путем округления до ближайшего целого числа получаем примерно следующее значение процентов процентов процентов процентов процентов процентов процентов процентов процентов процентов процентов процентов процентов процентов процентов процентов процентов процентов процентов процентов процентов процентов процентов процентов процентов процентов процентов процентов процентов процентов процентов процентов процентов процентов процентов процентов процентов процентов процентов процентов процентов процентов процентов процентов процентов процентов процентов процентов процентов процентов процентов процентов процентов процентов процентов процентов процентов процентов процентов процентов процентов процентов процентов процентов процентов процентов процентов процентов процентов процентов процентов процентов процентов процентов процентов процентов процентов процентов процентов процентов процентов процентов процентов процентов процентов процентов процентов процентов процентов процентов процентов процентов процентов процентов процентов процентов процентов процентов процентов процентов процентов процентов процентов процентов процентов процентов процентов процентов процентов процентов процентов процентов процентов процентов процентов процентов процентов процентов процентов процентов процентов процентов процентов процентов процентов процентов процентов процентов процентов процентов процентов процентов процентов процентов процентов процентов процентов процентов процентов процентов процентов процентов процентов процентов процентов процентов процентов процентов процентов процентов процентов процентов процентов процентов процентов процентов процентов процентов процентов процентов процентов процентов процентов процентов процентов процентов процентов процентов процентов процентов процентов процентов процентов процентов процентов процентов процентов процентов процентов процентов процентов процентов процентов процентов процентов процентов процентов процентов процентов процентов процентов процентов процентов процентов процентов процентов процентов процентов процентов процентов процентов процентов процентов процентов процентов процентов процентов процентов процентов процентов процентов процентов процентов процентов процентов процентов процентов процентов процентов процентов процентов процентов процентов процентов процентов процентов процентов процентов процентов процентов процентов процентов процентов процентов процентов процентов процентов", "numeric_answer": null, "relative_error": null, "thinking_text": null, "has_tool_call": false, "tool_call": null, "usage": {"prompt_tokens": 187, "completion_tokens": 256, "total_tokens": 443, "token_count_source": "tokenizer"}, "decoding": {"temperature": 0.2, "top_p": null, "top_k": null, "max_tokens": 256, "seed": 42}, "prompt_tokens": 187, "completion_tokens": 256, "total_tokens": 443, "token_count_source": "tokenizer", "diffusion_steps": null, "flops_estimate": null, "flops_arch": null, "flops_model_params": null, "flops_active_params": null, "tokens_non_final": 249, "tokens_reasoning": 0, "tokens_response": 249, "elapsed_seconds": 18.67047953605652, "judgement": "Uncategorized"}
{"id": "units_000427", "topic": "units", "subtopic": "kg_g", "prompt": "An item costs $11.43 per kg. You take 400 g. About how much is that?", "exact_value": 4.57, "model": "tiiuae/Falcon-H1-7B-Instruct", "provider": "transformers", "response": "альными расчетами насколько возможно насколько возможно насколько возможно насколько возможно насколько возможно насколько возможно насколько возможно насколько возможно насколько возможно насколько возможно насколько возможно насколько возможно насколько возможно насколько возможно насколько возможно насколько возможно насколько возможно насколько возможно насколько возможно насколько возможно насколько возможно насколько возможно насколько возможно насколько возможно насколько возможно насколько возможно насколько возможно насколько возможно насколько возможно насколько возможно насколько возможно насколько возможно насколько возможно насколько возможно насколько возможно насколько возможно насколько возможно насколько возможно насколько возможно насколько возможно насколько возможно насколько возможно насколько возможно насколько возможно насколько возможно насколько возможно насколько возможно насколько возможно насколько возможно насколько возможно насколько возможно насколько возможно насколько возможно насколько возможно насколько возможно насколько возможно насколько возможно насколько возможно насколько возможно насколько возможно насколько возможно насколько возможно насколько возможно насколько возможно насколько возможно насколько возможно насколько возможно насколько возможно насколько возможно насколько возможно насколько возможно насколько возможно насколько возможно насколько возможно насколько возможно насколько возможно насколько возможно насколько возможно насколько возможно насколько возможно насколько возможно насколько возможно насколько возможно насколько возможно насколько возможно насколько возможно насколько возможно насколько возможно насколько возможно насколько возможно насколько возможно насколько возможно насколько возможно насколько возможно насколько возможно насколько возможно насколько возможно насколько возможно насколько возможно насколько возможно насколько возможно насколько возможно насколько возможно насколько возможно насколько возможно насколько возможно насколько возможно насколько возможно насколько возможно насколько возможно насколько возможно насколько возможно насколько возможно насколько возможно насколько возможно насколько возможно насколько возможно насколько возможно насколько возможно насколько возможно насколько возможно насколько возможно насколько возможно насколько возможно насколько возможно насколько возможно насколько", "numeric_answer": null, "relative_error": null, "thinking_text": null, "has_tool_call": false, "tool_call": null, "usage": {"prompt_tokens": 188, "completion_tokens": 256, "total_tokens": 444, "token_count_source": "tokenizer"}, "decoding": {"temperature": 0.2, "top_p": null, "top_k": null, "max_tokens": 256, "seed": 42}, "prompt_tokens": 188, "completion_tokens": 256, "total_tokens": 444, "token_count_source": "tokenizer", "diffusion_steps": null, "flops_estimate": null, "flops_arch": null, "flops_model_params": null, "flops_active_params": null, "tokens_non_final": 255, "tokens_reasoning": 0, "tokens_response": 255, "elapsed_seconds": 18.454147577285767, "judgement": "Uncategorized"}
{"id": "units_000447", "topic": "units", "subtopic": "lb_oz", "prompt": "You buy 3.87 lb at $13.72 per lb. About how much is that total?", "exact_value": 53.1, "model": "tiiuae/Falcon-H1-7B-Instruct", "provider": "transformers", "response": "альными расчетами путем округления до целых чисел получаем примерно следующее значение процентов процентов процентов процентов процентов процентов процентов процентов процентов процентов процентов процентов процентов процентов процентов процентов процентов процентов процентов процентов процентов процентов процентов процентов процентов процентов процентов процентов процентов процентов процентов процентов процентов процентов процентов процентов процентов процентов процентов процентов процентов процентов процентов процентов процентов процентов процентов процентов процентов процентов процентов процентов процентов процентов процентов процентов процентов процентов процентов процентов процентов процентов процентов процентов процентов процентов процентов процентов процентов процентов процентов процентов процентов процентов процентов процентов процентов процентов процентов процентов процентов процентов процентов процентов процентов процентов процентов процентов процентов процентов процентов процентов процентов процентов процентов процентов процентов процентов процентов процентов процентов процентов процентов процентов процентов процентов процентов процентов процентов процентов процентов процентов процентов процентов процентов процентов процентов процентов процентов процентов процентов процентов процентов процентов процентов процентов процентов процентов процентов процентов процентов процентов процентов процентов процентов процентов процентов процентов процентов процентов процентов процентов процентов процентов процентов процентов процентов процентов процентов процентов процентов процентов процентов процентов процентов процентов процентов процентов процентов процентов процентов процентов процентов процентов процентов процентов процентов процентов процентов процентов процентов процентов процентов процентов процентов процентов процентов процентов процентов процентов процентов процентов процентов процентов процентов процентов процентов процентов процентов процентов процентов процентов процентов процентов процентов процентов процентов процентов процентов процентов процентов процентов процентов процентов процентов процентов процентов процентов процентов процентов процентов процентов процентов процентов процентов процентов процентов процентов процентов процентов процентов процентов процентов процентов процентов процентов процентов процентов процентов процентов процентов процентов процентов процентов процентов процентов процентов процентов", "numeric_answer": null, "relative_error": null, "thinking_text": null, "has_tool_call": false, "tool_call": null, "usage": {"prompt_tokens": 187, "completion_tokens": 256, "total_tokens": 443, "token_count_source": "tokenizer"}, "decoding": {"temperature": 0.2, "top_p": null, "top_k": null, "max_tokens": 256, "seed": 42}, "prompt_tokens": 187, "completion_tokens": 256, "total_tokens": 443, "token_count_source": "tokenizer", "diffusion_steps": null, "flops_estimate": null, "flops_arch": null, "flops_model_params": null, "flops_active_params": null, "tokens_non_final": 249, "tokens_reasoning": 0, "tokens_response": 249, "elapsed_seconds": 18.463820695877075, "judgement": "Uncategorized"}
{"id": "units_000467", "topic": "units", "subtopic": "lb_oz", "prompt": "You buy 0.68 lb at $7.36 per lb. About how much is that total?", "exact_value": 5.0, "model": "tiiuae/Falcon-H1-7B-Instruct", "provider": "transformers", "response": "альными расчетами путем округления до приблизительно человеческих чисел получаем следующее значение насколько могу насколько могу насколько могу насколько могу насколько могу насколько могу насколько могу насколько могу насколько могу насколько могу насколько могу насколько могу насколько могу насколько могу насколько могу насколько могу насколько могу насколько могу насколько могу насколько могу насколько могу насколько могу насколько могу насколько могу насколько могу насколько могу насколько могу насколько могу насколько могу насколько могу насколько могу насколько могу насколько могу насколько могу насколько могу насколько могу насколько могу насколько могу насколько могу насколько могу насколько могу насколько могу насколько могу насколько могу насколько могу насколько могу насколько могу насколько могу насколько могу насколько могу насколько могу насколько могу насколько могу насколько могу насколько могу насколько могу насколько могу насколько могу насколько могу насколько могу насколько могу насколько могу насколько могу насколько могу насколько могу насколько могу насколько могу насколько могу насколько могу насколько могу насколько могу насколько могу насколько могу насколько могу насколько могу насколько могу насколько могу насколько могу насколько могу насколько могу насколько могу насколько могу насколько могу насколько могу насколько могу насколько могу насколько могу насколько могу насколько могу насколько могу насколько могу насколько могу насколько могу насколько могу насколько могу насколько могу насколько могу насколько могу насколько могу насколько могу насколько могу насколько могу насколько могу насколько могу насколько могу насколько могу насколько могу насколько могу насколько могу насколько могу насколько могу насколько могу насколько могу насколько могу насколько могу насколько могу насколько могу насколько могу", "numeric_answer": null, "relative_error": null, "thinking_text": null, "has_tool_call": false, "tool_call": null, "usage": {"prompt_tokens": 186, "completion_tokens": 256, "total_tokens": 442, "token_count_source": "tokenizer"}, "decoding": {"temperature": 0.2, "top_p": null, "top_k": null, "max_tokens": 256, "seed": 42}, "prompt_tokens": 186, "completion_tokens": 256, "total_tokens": 442, "token_count_source": "tokenizer", "diffusion_steps": null, "flops_estimate": null, "flops_arch": null, "flops_model_params": null, "flops_active_params": null, "tokens_non_final": 247, "tokens_reasoning": 0, "tokens_response": 247, "elapsed_seconds": 18.45281672477722, "judgement": "Uncategorized"}
{"id": "units_000487", "topic": "units", "subtopic": "lb_oz", "prompt": "You buy 4.95 lb at $8.57 per lb. About how much is that total?", "exact_value": 42.42, "model": "tiiuae/Falcon-H1-7B-Instruct", "provider": "transformers", "response": "альными расчетами путем округления до целых чисел получаем примерно следующее значение процентовацииируемыми числами путем округления процентовируемыми числами путем округления процентовируемыми числами путем процентовацииируемыми числами путем процентовацииируемыми числами путем процентовацииируемыми числами путем процентовацииируемыми числами путем процентовацииируемыми числами путем процентовацииируемыми числами путем процентовацииируемыми числами путем процентовацииируемыми числами путем процентовацииируемыми числами путем процентовацииируемыми числами путем процентовацииируемыми числами путем процентовацииируемыми числами путем процентовацииируемыми числами путем процентовацииируемыми числами путем процентовацииируемыми числами путем процентовацииируемыми числами путем процентовацииируемыми числами путем процентовацииируемыми числами путем процентовацииируемыми числами путем процентовацииируемыми числами путем процентовацииируемыми числами путем процентовацииируемыми числами путем процентовацииируемыми числами путем процентовацииируемыми числами путем процентовацииируемыми числами путем процентовацииируемыми числами путем процентовацииируемыми числами путем процентовацииируемыми числами путем процентовацииируемыми числами путем процентовацииируемыми числами путем процентовацииируемыми чис", "numeric_answer": null, "relative_error": null, "thinking_text": null, "has_tool_call": false, "tool_call": null, "usage": {"prompt_tokens": 186, "completion_tokens": 256, "total_tokens": 442, "token_count_source": "tokenizer"}, "decoding": {"temperature": 0.2, "top_p": null, "top_k": null, "max_tokens": 256, "seed": 42}, "prompt_tokens": 186, "completion_tokens": 256, "total_tokens": 442, "token_count_source": "tokenizer", "diffusion_steps": null, "flops_estimate": null, "flops_arch": null, "flops_model_params": null, "flops_active_params": null, "tokens_non_final": 114, "tokens_reasoning": 0, "tokens_response": 114, "elapsed_seconds": 18.46850037574768, "judgement": "Uncategorized"}
{"id": "units_000507", "topic": "units", "subtopic": "lb_oz", "prompt": "You buy 0.55 lb at $7.62 per lb. About how much is that total?", "exact_value": 4.19, "model": "tiiuae/Falcon-H1-7B-Instruct", "provider": "transformers", "response": "альными расчетами путем округления получаем примерноальное значениеируемыми числами согласно правилацииируемыми числами согласно правилацииируемыми числами согласно правилацииируемыми числами согласно правилацииируемыми числами согласно правилацииируемыми числами согласно правилацииируемыми числами согласно правилацииируемыми числами согласно правилацииируемыми числами согласно правилацииируемыми числами согласно правилацииируемыми числами согласно правилацииируемыми числами согласно правилацииируемыми числами согласно правилацииируемыми числами согласно правилацииируемыми числами согласно правилацииируемыми числами согласно правилацииируемыми числами согласно правилацииируемыми числами согласно правилацииируемыми числами согласно правилацииируемыми числами согласно правилацииируемыми числами согласно правилацииируемыми числами согласно правилацииируемыми числами согласно правилацииируемыми числами согласно правилацииируемыми числами согласно правилацииируемыми числами согласно правилацииируемыми числами согласно правилацииируемыми числами согласно правилацииируемыми числами согласно правилацииируемыми числами согласно правилацииируемыми числами согласно правилацииируемыми числами согласно правилацииируемыми числами согласно правилацииируемыми числами согласно правилацииируемыми числами согласно правил", "numeric_answer": null, "relative_error": null, "thinking_text": null, "has_tool_call": false, "tool_call": null, "usage": {"prompt_tokens": 186, "completion_tokens": 256, "total_tokens": 442, "token_count_source": "tokenizer"}, "decoding": {"temperature": 0.2, "top_p": null, "top_k": null, "max_tokens": 256, "seed": 42}, "prompt_tokens": 186, "completion_tokens": 256, "total_tokens": 442, "token_count_source": "tokenizer", "diffusion_steps": null, "flops_estimate": null, "flops_arch": null, "flops_model_params": null, "flops_active_params": null, "tokens_non_final": 112, "tokens_reasoning": 0, "tokens_response": 112, "elapsed_seconds": 18.495190858840942, "judgement": "Uncategorized"}
{"id": "units_000527", "topic": "units", "subtopic": "kg_g", "prompt": "An item costs $6.70 per kg. You take 750 g. About how much is that?", "exact_value": 5.03, "model": "tiiuae/Falcon-H1-7B-Instruct", "provider": "transformers", "response": "ацииация согласно правилам приведенным выше насколько это возможно насколько это возможно насколько насколько насколько насколько насколько насколько насколько насколько насколько насколько насколько насколько насколько насколько насколько насколько насколько насколько насколько насколько насколько насколько насколько насколько насколько насколько насколько насколько насколько насколько насколько насколько насколько насколько насколько насколько насколько насколько насколько насколько насколько насколько насколько насколько насколько насколько насколько насколько насколько насколько насколько насколько насколько насколько насколько насколько насколько насколько насколько насколько насколько насколько насколько насколько насколько насколько насколько насколько насколько насколько насколько насколько насколько насколько насколько насколько насколько насколько насколько насколько насколько насколько насколько насколько насколько насколько насколько насколько насколько насколько насколько насколько насколько насколько насколько насколько насколько насколько насколько насколько насколько насколько насколько насколько насколько насколько насколько насколько насколько насколько насколько насколько насколько насколько насколько насколько насколько насколько насколько насколько насколько насколько насколько насколько насколько насколько насколько насколько насколько насколько насколько насколько насколько насколько насколько насколько насколько насколько насколько насколько насколько насколько насколько насколько насколько насколько насколько насколько насколько насколько насколько насколько насколько насколько насколько насколько насколько насколько насколько насколько насколько насколько насколько насколько насколько насколько насколько насколько насколько насколько насколько насколько насколько насколько насколько насколько насколько насколько насколько насколько насколько насколько насколько насколько насколько насколько насколько насколько насколько насколько насколько насколько насколько насколько насколько насколько насколько насколько насколько насколько насколько насколько насколько насколько насколько насколько насколько насколько насколько насколько насколько насколько насколько насколько насколько насколько насколько насколько насколько насколько насколько насколько насколько насколько насколько насколько насколько насколько насколько насколько насколько насколько насколько насколько насколько насколько насколько насколько насколько насколько насколько насколько", "numeric_answer": null, "relative_error": null, "thinking_text": null, "has_tool_call": false, "tool_call": null, "usage": {"prompt_tokens": 187, "completion_tokens": 256, "total_tokens": 443, "token_count_source": "tokenizer"}, "decoding": {"temperature": 0.2, "top_p": null, "top_k": null, "max_tokens": 256, "seed": 42}, "prompt_tokens": 187, "completion_tokens": 256, "total_tokens": 443, "token_count_source": "tokenizer", "diffusion_steps": null, "flops_estimate": null, "flops_arch": null, "flops_model_params": null, "flops_active_params": null, "tokens_non_final": 253, "tokens_reasoning": 0, "tokens_response": 253, "elapsed_seconds": 18.48916459083557, "judgement": "Uncategorized"}
{"id": "units_000547", "topic": "units", "subtopic": "kg_g", "prompt": "An item costs $7.37 per kg. You take 350 g. About how much is that?", "exact_value": 2.58, "model": "tiiuae/Falcon-H1-7B-Instruct", "provider": "transformers", "response": "альными расчетами насколько возможно приближенно определяем стоимость взятого количества согласно заданным правилальным расчетами насколько возможно приближенно определяем стоимость взятого количества согласно заданным правилальным расчетальным путем путем путем путем путем путем путем путем путем путем путем путем путем путем путем путем путем путем путем путем путем путем путем путем путем путем путем путем путем путем путем путем путем путем путем путем путем путем путем путем путем путем путем путем путем путем путем путем путем путем путем путем путем путем путем путем путем путем путем путем путем путем путем путем путем путем путем путем путем путем путем путем путем путем путем путем путем путем путем путем путем путем путем путем путем путем путем путем путем путем путем путем путем путем путем путем путем путем путем путем путем путем путем путем путем путем путем путем путем путем путем путем путем путем путем путем путем путем путем путем путем путем путем путем путем путем путем путем путем путем путем путем путем путем путем путем путем путем путем путем путем путем путем путем путем путем путем путем путем путем путем путем путем путем путем путем путем путем путем путем путем путем путем путем путем путем путем путем путем путем путем путем путем путем путем путем путем путем путем путем путем путем путем путем путем путем путем путем путем путем путем путем путем путем путем путем путем путем путем путем путем путем путем путем путем путем путем путем путем путем путем путем путем путем путем путем путем", "numeric_answer": null, "relative_error": null, "thinking_text": null, "has_tool_call": false, "tool_call": null, "usage": {"prompt_tokens": 187, "completion_tokens": 256, "total_tokens": 443, "token_count_source": "tokenizer"}, "decoding": {"temperature": 0.2, "top_p": null, "top_k": null, "max_tokens": 256, "seed": 42}, "prompt_tokens": 187, "completion_tokens": 256, "total_tokens": 443, "token_count_source": "tokenizer", "diffusion_steps": null, "flops_estimate": null, "flops_arch": null, "flops_model_params": null, "flops_active_params": null, "tokens_non_final": 241, "tokens_reasoning": 0, "tokens_response": 241, "elapsed_seconds": 18.445714712142944, "judgement": "Uncategorized"}
{"id": "units_000567", "topic": "units", "subtopic": "kg_g", "prompt": "An item costs $10.70 per kg. You take 900 g. About how much is that?", "exact_value": 9.63, "model": "tiiuae/Falcon-H1-7B-Instruct", "provider": "transformers", "response": "альными расчетами насколько возможно насколько возможно насколько возможно насколько возможно насколько возможно насколько возможно насколько возможно насколько возможно насколько возможно насколько возможно насколько возможно насколько возможно насколько возможно насколько возможно насколько возможно насколько возможно насколько возможно насколько возможно насколько возможно насколько возможно насколько возможно насколько возможно насколько возможно насколько возможно насколько возможно насколько возможно насколько возможно насколько возможно насколько возможно насколько возможно насколько возможно насколько возможно насколько возможно насколько возможно насколько возможно насколько возможно насколько возможно насколько возможно насколько возможно насколько возможно насколько возможно насколько возможно насколько возможно насколько возможно насколько возможно насколько возможно насколько возможно насколько возможно насколько возможно насколько возможно насколько возможно насколько возможно насколько возможно насколько возможно насколько возможно насколько возможно насколько возможно насколько возможно насколько возможно насколько возможно насколько возможно насколько возможно насколько возможно насколько возможно насколько возможно насколько возможно насколько возможно насколько возможно насколько возможно насколько возможно насколько возможно насколько возможно насколько возможно насколько возможно насколько возможно насколько возможно насколько возможно насколько возможно насколько возможно насколько возможно насколько возможно насколько возможно насколько возможно насколько возможно насколько возможно насколько возможно насколько возможно насколько возможно насколько возможно насколько возможно насколько возможно насколько возможно насколько возможно насколько возможно насколько возможно насколько возможно насколько возможно насколько возможно насколько возможно насколько возможно насколько возможно насколько возможно насколько возможно насколько возможно насколько возможно насколько возможно насколько возможно насколько возможно насколько возможно насколько возможно насколько возможно насколько возможно насколько возможно насколько возможно насколько возможно насколько возможно насколько возможно насколько возможно насколько возможно насколько возможно насколько возможно насколько возможно насколько возможно насколько возможно насколько возможно насколько возможно насколько", "numeric_answer": null, "relative_error": null, "thinking_text": null, "has_tool_call": false, "tool_call": null, "usage": {"prompt_tokens": 188, "completion_tokens": 256, "total_tokens": 444, "token_count_source": "tokenizer"}, "decoding": {"temperature": 0.2, "top_p": null, "top_k": null, "max_tokens": 256, "seed": 42}, "prompt_tokens": 188, "completion_tokens": 256, "total_tokens": 444, "token_count_source": "tokenizer", "diffusion_steps": null, "flops_estimate": null, "flops_arch": null, "flops_model_params": null, "flops_active_params": null, "tokens_non_final": 255, "tokens_reasoning": 0, "tokens_response": 255, "elapsed_seconds": 18.433844804763794, "judgement": "Uncategorized"}
{"id": "units_000587", "topic": "units", "subtopic": "kg_g", "prompt": "An item costs $4.94 per kg. You take 350 g. About how much is that?", "exact_value": 1.73, "model": "tiiuae/Falcon-H1-7B-Instruct", "provider": "transformers", "response": "альными расчетами насколько возможно приближенно определяем насколько насколько насколько насколько насколько насколько насколько насколько насколько насколько насколько насколько насколько насколько насколько насколько насколько насколько насколько насколько насколько насколько насколько насколько насколько насколько насколько насколько насколько насколько насколько насколько насколько насколько насколько насколько насколько насколько насколько насколько насколько насколько насколько насколько насколько насколько насколько насколько насколько насколько насколько насколько насколько насколько насколько насколько насколько насколько насколько насколько насколько насколько насколько насколько насколько насколько насколько насколько насколько насколько насколько насколько насколько насколько насколько насколько насколько насколько насколько насколько насколько насколько насколько насколько насколько насколько насколько насколько насколько насколько насколько насколько насколько насколько насколько насколько насколько насколько насколько насколько насколько насколько насколько насколько насколько насколько насколько насколько насколько насколько насколько насколько насколько насколько насколько насколько насколько насколько насколько насколько насколько насколько насколько насколько насколько насколько насколько насколько насколько насколько насколько насколько насколько насколько насколько насколько насколько насколько насколько насколько насколько насколько насколько насколько насколько насколько насколько насколько насколько насколько насколько насколько насколько насколько насколько насколько насколько насколько насколько насколько насколько насколько насколько насколько насколько насколько насколько насколько насколько насколько насколько насколько насколько насколько насколько насколько насколько насколько насколько насколько насколько насколько насколько насколько насколько насколько насколько насколько насколько насколько насколько насколько насколько насколько насколько насколько насколько насколько насколько насколько насколько насколько насколько насколько насколько насколько насколько насколько насколько насколько насколько насколько насколько насколько насколько насколько насколько насколько насколько насколько насколько насколько насколько насколько насколько насколько насколько насколько насколько насколько насколько насколько насколько насколько насколько насколько насколько насколько насколько насколько насколько насколько насколько насколько насколько насколько", "numeric_answer": null, "relative_error": null, "thinking_text": null, "has_tool_call": false, "tool_call": null, "usage": {"prompt_tokens": 187, "completion_tokens": 256, "total_tokens": 443, "token_count_source": "tokenizer"}, "decoding": {"temperature": 0.2, "top_p": null, "top_k": null, "max_tokens": 256, "seed": 42}, "prompt_tokens": 187, "completion_tokens": 256, "total_tokens": 443, "token_count_source": "tokenizer", "diffusion_steps": null, "flops_estimate": null, "flops_arch": null, "flops_model_params": null, "flops_active_params": null, "tokens_non_final": 252, "tokens_reasoning": 0, "tokens_response": 252, "elapsed_seconds": 18.808025121688843, "judgement": "Uncategorized"}
{"id": "units_000607", "topic": "units", "subtopic": "kg_g", "prompt": "An item costs $11.97 per kg. You take 400 g. About how much is that?", "exact_value": 4.79, "model": "tiiuae/Falcon-H1-7B-Instruct", "provider": "transformers", "response": "альными расчетами насколько возможно приближенно определяем насколько насколько насколько насколько насколько насколько насколько насколько насколько насколько насколько насколько насколько насколько насколько насколько насколько насколько насколько насколько насколько насколько насколько насколько насколько насколько насколько насколько насколько насколько насколько насколько насколько насколько насколько насколько насколько насколько насколько насколько насколько насколько насколько насколько насколько насколько насколько насколько насколько насколько насколько насколько насколько насколько насколько насколько насколько насколько насколько насколько насколько насколько насколько насколько насколько насколько насколько насколько насколько насколько насколько насколько насколько насколько насколько насколько насколько насколько насколько насколько насколько насколько насколько насколько насколько насколько насколько насколько насколько насколько насколько насколько насколько насколько насколько насколько насколько насколько насколько насколько насколько насколько насколько насколько насколько насколько насколько насколько насколько насколько насколько насколько насколько насколько насколько насколько насколько насколько насколько насколько насколько насколько насколько насколько насколько насколько насколько насколько насколько насколько насколько насколько насколько насколько насколько насколько насколько насколько насколько насколько насколько насколько насколько насколько насколько насколько насколько насколько насколько насколько насколько насколько насколько насколько насколько насколько насколько насколько насколько насколько насколько насколько насколько насколько насколько насколько насколько насколько насколько насколько насколько насколько насколько насколько насколько насколько насколько насколько насколько насколько насколько насколько насколько насколько насколько насколько насколько насколько насколько насколько насколько насколько насколько насколько насколько насколько насколько насколько насколько насколько насколько насколько насколько насколько насколько насколько насколько насколько насколько насколько насколько насколько насколько насколько насколько насколько насколько насколько насколько насколько насколько насколько насколько насколько насколько насколько насколько насколько насколько насколько насколько насколько насколько насколько насколько насколько насколько насколько насколько насколько насколько насколько насколько насколько насколько насколько", "numeric_answer": null, "relative_error": null, "thinking_text": null, "has_tool_call": false, "tool_call": null, "usage": {"prompt_tokens": 188, "completion_tokens": 256, "total_tokens": 444, "token_count_source": "tokenizer"}, "decoding": {"temperature": 0.2, "top_p": null, "top_k": null, "max_tokens": 256, "seed": 42}, "prompt_tokens": 188, "completion_tokens": 256, "total_tokens": 444, "token_count_source": "tokenizer", "diffusion_steps": null, "flops_estimate": null, "flops_arch": null, "flops_model_params": null, "flops_active_params": null, "tokens_non_final": 252, "tokens_reasoning": 0, "tokens_response": 252, "elapsed_seconds": 18.654115676879883, "judgement": "Uncategorized"}
{"id": "units_000627", "topic": "units", "subtopic": "lb_oz", "prompt": "You buy 2.13 lb at $11.95 per lb. About how much is that total?", "exact_value": 25.45, "model": "tiiuae/Falcon-H1-7B-Instruct", "provider": "transformers", "response": "альными расчетами путем округления до ближайшего целого числа получаем примерноальное значение процентов процентов процентов процентов процентов процентов процентов процентов процентов процентов процентов процентов процентов процентов процентов процентов процентов процентов процентов процентов процентов процентов процентов процентов процентов процентов процентов процентов процентов процентов процентов процентов процентов процентов процентов процентов процентов процентов процентов процентов процентов процентов процентов процентов процентов процентов процентов процентов процентов процентов процентов процентов процентов процентов процентов процентов процентов процентов процентов процентов процентов процентов процентов процентов процентов процентов процентов процентов процентов процентов процентов процентов процентов процентов процентов процентов процентов процентов процентов процентов процентов процентов процентов процентов процентов процентов процентов процентов процентов процентов процентов процентов процентов процентов процентов процентов процентов процентов процентов процентов процентов процентов процентов процентов процентов процентов процентов процентов процентов процентов процентов процентов процентов процентов процентов процентов процентов процентов процентов процентов процентов процентов процентов процентов процентов процентов процентов процентов процентов процентов процентов процентов процентов процентов процентов процентов процентов процентов процентов процентов процентов процентов процентов процентов процентов процентов процентов процентов процентов процентов процентов процентов процентов процентов процентов процентов процентов процентов процентов процентов процентов процентов процентов процентов процентов процентов процентов процентов процентов процентов процентов процентов процентов процентов процентов процентов процентов процентов процентов процентов процентов процентов процентов процентов процентов процентов процентов процентов процентов процентов процентов процентов процентов процентов процентов процентов процентов процентов процентов процентов процентов процентов процентов процентов процентов процентов процентов процентов процентов процентов процентов процентов процентов процентов процентов процентов процентов процентов процентов процентов процентов процентов процентов процентов процентов процентов процентов процентов процентов процентов процентов процентов процентов процентов процентов процентов процентов процентов", "numeric_answer": null, "relative_error": null, "thinking_text": null, "has_tool_call": false, "tool_call": null, "usage": {"prompt_tokens": 187, "completion_tokens": 256, "total_tokens": 443, "token_count_source": "tokenizer"}, "decoding": {"temperature": 0.2, "top_p": null, "top_k": null, "max_tokens": 256, "seed": 42}, "prompt_tokens": 187, "completion_tokens": 256, "total_tokens": 443, "token_count_source": "tokenizer", "diffusion_steps": null, "flops_estimate": null, "flops_arch": null, "flops_model_params": null, "flops_active_params": null, "tokens_non_final": 249, "tokens_reasoning": 0, "tokens_response": 249, "elapsed_seconds": 18.61880660057068, "judgement": "Uncategorized"}
{"id": "units_000647", "topic": "units", "subtopic": "kg_g", "prompt": "An item costs $10.91 per kg. You take 900 g. About how much is that?", "exact_value": 9.82, "model": "tiiuae/Falcon-H1-7B-Instruct", "provider": "transformers", "response": "альными расчетами насколько возможно насколько возможно насколько возможно насколько возможно насколько возможно насколько возможно насколько возможно насколько возможно насколько возможно насколько возможно насколько возможно насколько возможно насколько возможно насколько возможно насколько возможно насколько возможно насколько возможно насколько возможно насколько возможно насколько возможно насколько возможно насколько возможно насколько возможно насколько возможно насколько возможно насколько возможно насколько возможно насколько возможно насколько возможно насколько возможно насколько возможно насколько возможно насколько возможно насколько возможно насколько возможно насколько возможно насколько возможно насколько возможно насколько возможно насколько возможно насколько возможно насколько возможно насколько возможно насколько возможно насколько возможно насколько возможно насколько возможно насколько возможно насколько возможно насколько возможно насколько возможно насколько возможно насколько возможно насколько возможно насколько возможно насколько возможно насколько возможно насколько возможно насколько возможно насколько возможно насколько возможно насколько возможно насколько возможно насколько возможно насколько возможно насколько возможно насколько возможно насколько возможно насколько возможно насколько возможно насколько возможно насколько возможно насколько возможно насколько возможно насколькоальное значение насколькоальное значение насколькоальное значение насколькоальное значение насколькоальное значение насколькоальное значение насколькоальное значение насколькоальное значение насколькоальное значение насколькоальное значение насколькоальное значение насколькоальное значение насколькоальное значение насколькоальное значение насколькоальное значение насколькоальное значение насколькоальное значение насколькоальное значение насколькоальное значение насколькоальное значение насколькоальное значение насколькоальное значение насколькоальное значение насколькоальное значение насколькоальное значение насколькоальное значение насколькоальное значение насколькоальное значение насколькоальное значение насколькоальное значение насколькоальное значение насколькоальное значение насколькоальное значение насколькоальное значение насколькоальное значение", "numeric_answer": null, "relative_error": null, "thinking_text": null, "has_tool_call": false, "tool_call": null, "usage": {"prompt_tokens": 188, "completion_tokens": 256, "total_tokens": 444, "token_count_source": "tokenizer"}, "decoding": {"temperature": 0.2, "top_p": null, "top_k": null, "max_tokens": 256, "seed": 42}, "prompt_tokens": 188, "completion_tokens": 256, "total_tokens": 444, "token_count_source": "tokenizer", "diffusion_steps": null, "flops_estimate": null, "flops_arch": null, "flops_model_params": null, "flops_active_params": null, "tokens_non_final": 220, "tokens_reasoning": 0, "tokens_response": 220, "elapsed_seconds": 18.556472778320312, "judgement": "Uncategorized"}
{"id": "units_000667", "topic": "units", "subtopic": "kg_g", "prompt": "An item costs $13.39 per kg. You take 300 g. About how much is that?", "exact_value": 4.02, "model": "tiiuae/Falcon-H1-7B-Instruct", "provider": "transformers", "response": "альными расчетами насколько возможно приближенно определяем насколько насколько насколько насколько насколько насколько насколько насколько насколько насколько насколько насколько насколько насколько насколько насколько насколько насколько насколько насколько насколько насколько насколько насколько насколько насколько насколько насколько насколько насколько насколько насколько насколько насколько насколько насколько насколько насколько насколько насколько насколько насколько насколько насколько насколько насколько насколько насколько насколько насколько насколько насколько насколько насколько насколько насколько насколько насколько насколько насколько насколько насколько насколько насколько насколько насколько насколько насколько насколько насколько насколько насколько насколько насколько насколько насколько насколько насколько насколько насколько насколько насколько насколько насколько насколько насколько насколько насколько насколько насколько насколько насколько насколько насколько насколько насколько насколько насколько насколько насколько насколько насколько насколько насколько насколько насколько насколько насколько насколько насколько насколько насколько насколько насколько насколько насколько насколько насколько насколько насколько насколько насколько насколько насколько насколько насколько насколько насколько насколько насколько насколько насколько насколько насколько насколько насколько насколько насколько насколько насколько насколько насколько насколько насколько насколько насколько насколько насколько насколько насколько насколько насколько насколько насколько насколько насколько насколько насколько насколько насколько насколько насколько насколько насколько насколько насколько насколько насколько насколько насколько насколько насколько насколько насколько насколько насколько насколько насколько насколько насколько насколько насколько насколько насколько насколько насколько насколько насколько насколько насколько насколько насколько насколько насколько насколько насколько насколько насколько насколько насколько насколько насколько насколько насколько насколько насколько насколько насколько насколько насколько насколько насколько насколько насколько насколько насколько насколько насколько насколько насколько насколько насколько насколько насколько насколько насколько насколько насколько насколько насколько насколько насколько насколько насколько насколько насколько насколько насколько насколько насколько насколько насколько насколько насколько насколько насколько", "numeric_answer": null, "relative_error": null, "thinking_text": null, "has_tool_call": false, "tool_call": null, "usage": {"prompt_tokens": 188, "completion_tokens": 256, "total_tokens": 444, "token_count_source": "tokenizer"}, "decoding": {"temperature": 0.2, "top_p": null, "top_k": null, "max_tokens": 256, "seed": 42}, "prompt_tokens": 188, "completion_tokens": 256, "total_tokens": 444, "token_count_source": "tokenizer", "diffusion_steps": null, "flops_estimate": null, "flops_arch": null, "flops_model_params": null, "flops_active_params": null, "tokens_non_final": 252, "tokens_reasoning": 0, "tokens_response": 252, "elapsed_seconds": 18.655829191207886, "judgement": "Uncategorized"}
{"id": "units_000687", "topic": "units", "subtopic": "lb_oz", "prompt": "You buy 1.93 lb at $5.24 per lb. About how much is that total?", "exact_value": 10.11, "model": "tiiuae/Falcon-H1-7B-Instruct", "provider": "transformers", "response": "альными расчетами насколько возможно приблизительно насколько возможно насколько возможно насколько возможно насколько возможно насколько возможно насколько возможно насколько возможно насколько возможно насколько возможно насколько возможно насколько возможно насколько возможно насколько возможно насколько возможно насколько возможно насколько возможно насколько возможно насколько возможно насколько возможно насколько возможно насколько возможно насколько возможно насколько возможно насколько возможно насколько возможно насколько возможно насколько возможно насколько возможно насколько возможно насколько возможно насколько возможно насколько возможно насколько возможно насколько возможно насколько возможно насколько возможно насколько возможно насколько возможно насколько возможно насколько возможно насколько возможно насколько возможно насколько возможно насколько возможно насколько возможно насколько возможно насколько возможно насколько возможно насколько возможно насколько возможно насколько возможно насколько возможно насколько возможно насколько возможно насколько возможно насколько возможно насколько возможно насколько возможно насколько возможно насколько возможно насколько возможно насколько возможно насколько возможно насколько возможно насколько возможно насколько возможно насколько возможно насколько возможно насколько возможно насколько возможно насколько возможно насколько возможно насколько возможно насколько возможно насколько возможно насколько возможно насколько возможно насколько возможно насколько возможно насколько возможно насколько возможно насколько возможно насколько возможно насколько возможно насколько возможно насколько возможно насколько возможно насколько возможно насколько возможно насколько возможно насколько возможно насколько возможно насколько возможно насколько возможно насколько возможно насколько возможно насколько возможно насколько возможно насколько возможно насколько возможно насколько возможно насколько возможно насколько возможно насколько возможно насколько возможно насколько возможно насколько возможно насколько возможно насколько возможно насколько возможно насколько возможно насколько возможно насколько возможно насколько возможно насколько возможно насколько возможно насколько возможно насколько возможно насколько возможно насколько возможно насколько возможно насколько возможно насколько возможно насколько возможно", "numeric_answer": null, "relative_error": null, "thinking_text": null, "has_tool_call": false, "tool_call": null, "usage": {"prompt_tokens": 186, "completion_tokens": 256, "total_tokens": 442, "token_count_source": "tokenizer"}, "decoding": {"temperature": 0.2, "top_p": null, "top_k": null, "max_tokens": 256, "seed": 42}, "prompt_tokens": 186, "completion_tokens": 256, "total_tokens": 442, "token_count_source": "tokenizer", "diffusion_steps": null, "flops_estimate": null, "flops_arch": null, "flops_model_params": null, "flops_active_params": null, "tokens_non_final": 253, "tokens_reasoning": 0, "tokens_response": 253, "elapsed_seconds": 18.618406057357788, "judgement": "Uncategorized"}
{"id": "units_000707", "topic": "units", "subtopic": "kg_g", "prompt": "An item costs $7.61 per kg. You take 400 g. About how much is that?", "exact_value": 3.04, "model": "tiiuae/Falcon-H1-7B-Instruct", "provider": "transformers", "response": "альными расчетами вместо точных процентов процентов процентов процентов процентов процентов процентов процентов процентов процентов процентов процентов процентов процентов процентов процентов процентов процентов процентов процентов процентов процентов процентов процентов процентов процентов процентов процентов процентов процентов процентов процентов процентов процентов процентов процентов процентов процентов процентов процентов процентов процентов процентов процентов процентов процентов процентов процентов процентов процентов процентов процентов процентов процентов процентов процентов процентов процентов процентов процентов процентов процентов процентов процентов процентов процентов процентов процентов процентов процентов процентов процентов процентов процентов процентов процентов процентов процентов процентов процентов процентов процентов процентов процентов процентов процентов процентов процентов процентов процентов процентов процентов процентов процентов процентов процентов процентов процентов процентов процентов процентов процентов процентов процентов процентов процентов процентов процентов процентов процентов процентов процентов процентов процентов процентов процентов процентов процентов процентов процентов процентов процентов процентов процентов процентов процентов процентов процентов процентов процентов процентов процентов процентов процентов процентов процентов процентов процентов процентов процентов процентов процентов процентов процентов процентов процентов процентов процентов процентов процентов процентов процентов процентов процентов процентов процентов процентов процентов процентов процентов процентов процентов процентов процентов процентов процентов процентов процентов процентов процентов процентов процентов процентов процентов процентов процентов процентов процентов процентов процентов процентов процентов процентов процентов процентов процентов процентов процентов процентов процентов процентов процентов процентов процентов процентов процентов процентов процентов процентов процентов процентов процентов процентов процентов процентов процентов процентов процентов процентов процентов процентов процентов процентов процентов процентов процентов процентов процентов процентов процентов процентов процентов процентов процентов процентов процентов процентов процентов процентов процентов процентов процентов процентов процентов процентов процентов процентов процентов процентов процентов процентов процентов процентов процентов процентов процентов процентов процентов процентов процентов", "numeric_answer": null, "relative_error": null, "thinking_text": null, "has_tool_call": false, "tool_call": null, "usage": {"prompt_tokens": 187, "completion_tokens": 256, "total_tokens": 443, "token_count_source": "tokenizer"}, "decoding": {"temperature": 0.2, "top_p": null, "top_k": null, "max_tokens": 256, "seed": 42}, "prompt_tokens": 187, "completion_tokens": 256, "total_tokens": 443, "token_count_source": "tokenizer", "diffusion_steps": null, "flops_estimate": null, "flops_arch": null, "flops_model_params": null, "flops_active_params": null, "tokens_non_final": 254, "tokens_reasoning": 0, "tokens_response": 254, "elapsed_seconds": 18.548622846603394, "judgement": "Uncategorized"}
{"id": "units_000727", "topic": "units", "subtopic": "lb_oz", "prompt": "You buy 3.59 lb at $10.93 per lb. About how much is that total?", "exact_value": 39.24, "model": "tiiuae/Falcon-H1-7B-Instruct", "provider": "transformers", "response": "альными расчетами путем округления до целых чисел получаем примерно следующее значение процентов процентов процентов процентов процентов процентов процентов процентов процентов процентов процентов процентов процентов процентов процентов процентов процентов процентов процентов процентов процентов процентов процентов процентов процентов процентов процентов процентов процентов процентов процентов процентов процентов процентов процентов процентов процентов процентов процентов процентов процентов процентов процентов процентов процентов процентов процентов процентов процентов процентов процентов процентов процентов процентов процентов процентов процентов процентов процентов процентов процентов процентов процентов процентов процентов процентов процентов процентов процентов процентов процентов процентов процентов процентов процентов процентов процентов процентов процентов процентов процентов процентов процентов процентов процентов процентов процентов процентов процентов процентов процентов процентов процентов процентов процентов процентов процентов процентов процентов процентов процентов процентов процентов процентов процентов процентов процентов процентов процентов процентов процентов процентов процентов процентов процентов процентов процентов процентов процентов процентов процентов процентов процентов процентов процентов процентов процентов процентов процентов процентов процентов процентов процентов процентов процентов процентов процентов процентов процентов процентов процентов процентов процентов процентов процентов процентов процентов процентов процентов процентов процентов процентов процентов процентов процентов процентов процентов процентов процентов процентов процентов процентов процентов процентов процентов процентов процентов процентов процентов процентов процентов процентов процентов процентов процентов процентов процентов процентов процентов процентов процентов процентов процентов процентов процентов процентов процентов процентов процентов процентов процентов процентов процентов процентов процентов процентов процентов процентов процентов процентов процентов процентов процентов процентов процентов процентов процентов процентов процентов процентов процентов процентов процентов процентов процентов процентов процентов процентов процентов процентов процентов процентов процентов процентов процентов процентов процентов процентов процентов процентов процентов процентов процентов процентов процентов процентов процентов процентов", "numeric_answer": null, "relative_error": null, "thinking_text": null, "has_tool_call": false, "tool_call": null, "usage": {"prompt_tokens": 187, "completion_tokens": 256, "total_tokens": 443, "token_count_source": "tokenizer"}, "decoding": {"temperature": 0.2, "top_p": null, "top_k": null, "max_tokens": 256, "seed": 42}, "prompt_tokens": 187, "completion_tokens": 256, "total_tokens": 443, "token_count_source": "tokenizer", "diffusion_steps": null, "flops_estimate": null, "flops_arch": null, "flops_model_params": null, "flops_active_params": null, "tokens_non_final": 249, "tokens_reasoning": 0, "tokens_response": 249, "elapsed_seconds": 18.524156093597412, "judgement": "Uncategorized"}
{"id": "units_000747", "topic": "units", "subtopic": "lb_oz", "prompt": "You buy 2.72 lb at $3.64 per lb. About how much is that total?", "exact_value": 9.9, "model": "tiiuae/Falcon-H1-7B-Instruct", "provider": "transformers", "response": "альными расчетами путем округления до целых чисел получаем примерно следующее значение процентовацииируемыми значениямиируемымиальнымиальнымиальнымиальнымиальнымиальнымиальнымиальнымиальнымиальнымиальнымиальнымиальнымиальнымиальнымиальнымиальнымиальнымиальнымиальнымиальнымиальнымиальнымиальнымиальнымиальнымиальнымиальнымиальнымиальнымиальнымиальнымиальнымиальнымиальнымиальнымиальнымиальнымиальнымиальнымиальнымиальнымиальнымиальнымиальнымиальнымиальнымиальнымиальнымиальнымиальнымиальнымиальнымиальнымиальнымиальнымиальнымиальнымиальнымиальнымиальнымиальнымиальнымиальнымиальнымиальнымиальнымиальнымиальнымиальнымиальнымиальнымиальнымиальнымиальнымиальнымиальнымиальнымиальнымиальнымиальнымиальнымиальнымиальнымиальнымиальнымиальнымиальнымиальнымиальнымиальнымиальнымиальнымиальнымиальнымиальнымиальнымиальнымиальнымиальнымиальнымиальнымиальнымиальнымиальнымиальнымиальнымиальнымиальнымиальнымиальнымиальнымиальнымиальнымиальнымиальнымиальнымиальнымиальнымиальнымиальнымиальнымиальнымиальнымиальнымиальнымиальнымиальнымиальнымиальнымиальнымиальнымиальнымиальнымиальнымиальнымиальнымиальнымиальнымиальнымиальнымиальнымиальнымиальнымиальнымиальнымиальнымиальнымиальнымиальнымиальнымиальнымиальнымиальнымиальнымиальнымиальнымиальнымиальнымиальнымиальнымиальнымиальнымиальнымиальнымиальнымиальнымиальнымиальнымиальнымиальнымиальнымиальнымиальнымиальнымиальнымиальнымиальнымиальнымиальнымиальнымиальнымиальнымиальнымиальнымиальнымиальнымиальнымиальнымиальнымиальнымиальнымиальнымиальнымиальнымиальнымиальнымиальнымиальнымиальнымиальнымиальнымиальнымиальнымиальнымиальнымиальнымиальнымиальнымиальнымиальнымиальнымиальнымиальнымиальнымиальнымиальнымиальнымиальнымиальнымиальнымиальнымиальнымиальнымиальнымиальнымиальнымиальнымиальнымиальными", "numeric_answer": null, "relative_error": null, "thinking_text": null, "has_tool_call": false, "tool_call": null, "usage": {"prompt_tokens": 186, "completion_tokens": 256, "total_tokens": 442, "token_count_source": "tokenizer"}, "decoding": {"temperature": 0.2, "top_p": null, "top_k": null, "max_tokens": 256, "seed": 42}, "prompt_tokens": 186, "completion_tokens": 256, "total_tokens": 442, "token_count_source": "tokenizer", "diffusion_steps": null, "flops_estimate": null, "flops_arch": null, "flops_model_params": null, "flops_active_params": null, "tokens_non_final": 13, "tokens_reasoning": 0, "tokens_response": 13, "elapsed_seconds": 18.586317539215088, "judgement": "Uncategorized"}
{"id": "units_000767", "topic": "units", "subtopic": "kg_g", "prompt": "An item costs $11.67 per kg. You take 900 g. About how much is that?", "exact_value": 10.5, "model": "tiiuae/Falcon-H1-7B-Instruct", "provider": "transformers", "response": "альными расчетами путем округления до целых процентов стоимости и до граммов насколько возможно насколько просто насколько возможно насколько просто насколько возможно насколько просто насколько возможно насколько просто насколько возможно насколько просто насколько возможно насколько просто насколько возможно насколько просто насколько возможно насколько просто насколько возможно насколько просто насколько возможно насколько просто насколько возможно насколько просто насколько возможно насколько просто насколько возможно насколько просто насколько возможно насколько просто насколько возможно насколько просто насколько возможно насколько просто насколько возможно насколько просто насколько возможно насколько просто насколько возможно насколько просто насколько возможно насколько просто насколько возможно насколько просто насколько возможно насколько просто насколько возможно насколько просто насколько возможно насколько просто насколько возможно насколько просто насколько возможно насколько просто насколько возможно насколько просто насколько возможно насколько просто насколько возможно насколько просто насколько возможно насколько просто насколько возможно насколько просто насколько возможно насколько просто насколько возможно насколько просто насколько возможно насколько просто насколько возможно насколько просто насколько возможно насколько просто насколько возможно насколько просто насколько возможно насколько просто насколько возможно насколько просто насколько возможно насколько просто насколько возможно насколько просто насколько возможно насколько просто насколько возможно насколько просто насколько возможно насколько просто насколько возможно насколько просто насколько возможно насколько просто насколько возможно насколько просто насколько возможно насколько просто насколько возможно насколько просто насколько возможно насколько просто насколько возможно насколько просто насколько возможно насколько просто насколько возможно насколько просто насколько возможно насколько просто насколько возможно насколько просто насколько возможно насколько просто насколько возможно насколько просто насколько возможно насколько просто насколько возможно насколько просто насколько возможно насколько просто насколько", "numeric_answer": null, "relative_error": null, "thinking_text": null, "has_tool_call": false, "tool_call": null, "usage": {"prompt_tokens": 188, "completion_tokens": 256, "total_tokens": 444, "token_count_source": "tokenizer"}, "decoding": {"temperature": 0.2, "top_p": null, "top_k": null, "max_tokens": 256, "seed": 42}, "prompt_tokens": 188, "completion_tokens": 256, "total_tokens": 444, "token_count_source": "tokenizer", "diffusion_steps": null, "flops_estimate": null, "flops_arch": null, "flops_model_params": null, "flops_active_params": null, "tokens_non_final": 252, "tokens_reasoning": 0, "tokens_response": 252, "elapsed_seconds": 18.77994465827942, "judgement": "Uncategorized"}
{"id": "units_000787", "topic": "units", "subtopic": "kg_g", "prompt": "An item costs $10.33 per kg. You take 400 g. About how much is that?", "exact_value": 4.13, "model": "tiiuae/Falcon-H1-7B-Instruct", "provider": "transformers", "response": "альными расчетами насколько возможно приближенно насколько возможно приближенно насколько возможно насколько возможно насколько возможно насколько возможно насколько возможно насколько возможно насколько возможно насколько возможно насколько возможно насколько возможно насколько возможно насколько возможно насколько возможно насколько возможно насколько возможно насколько возможно насколько возможно насколько возможно насколько возможно насколько возможно насколько возможно насколько возможно насколько возможно насколько возможно насколько возможно насколько возможно насколько возможно насколько возможно насколько возможно насколько возможно насколько возможно насколько возможно насколько возможно насколько возможно насколько возможно насколько возможно насколько возможно насколько возможно насколько возможно насколько возможно насколько возможно насколько возможно насколько возможно насколько возможно насколько возможно насколько возможно насколько возможно насколько возможно насколько возможно насколько возможно насколько возможно насколько возможно насколько возможно насколько возможно насколько возможно насколько возможно насколько возможно насколько возможно насколько возможно насколько возможно насколько возможно насколько возможно насколько возможно насколько возможно насколько возможно насколько возможно насколько возможно насколько возможно насколько возможно насколько возможно насколько возможно насколько возможно насколько возможно насколько возможно насколько возможно насколько возможно насколько возможно насколько возможно насколько возможно насколько возможно насколько возможно насколько возможно насколько возможно насколько возможно насколько возможно насколько возможно насколько возможно насколько возможно насколько возможно насколько возможно насколько возможно насколько возможно насколько возможно насколько возможно насколько возможно насколько возможно насколько возможно насколько возможно насколько возможно насколько возможно насколько возможно насколько возможно насколько возможно насколько возможно насколько возможно насколько возможно насколько возможно насколько возможно насколько возможно насколько возможно насколько возможно насколько возможно насколько возможно насколько возможно насколько возможно насколько возможно насколько возможно насколько возможно насколько возможно насколько возможно насколько возможно насколько", "numeric_answer": null, "relative_error": null, "thinking_text": null, "has_tool_call": false, "tool_call": null, "usage": {"prompt_tokens": 188, "completion_tokens": 256, "total_tokens": 444, "token_count_source": "tokenizer"}, "decoding": {"temperature": 0.2, "top_p": null, "top_k": null, "max_tokens": 256, "seed": 42}, "prompt_tokens": 188, "completion_tokens": 256, "total_tokens": 444, "token_count_source": "tokenizer", "diffusion_steps": null, "flops_estimate": null, "flops_arch": null, "flops_model_params": null, "flops_active_params": null, "tokens_non_final": 251, "tokens_reasoning": 0, "tokens_response": 251, "elapsed_seconds": 18.581706762313843, "judgement": "Uncategorized"}
{"id": "units_000807", "topic": "units", "subtopic": "kg_g", "prompt": "An item costs $17.42 per kg. You take 400 g. About how much is that?", "exact_value": 6.97, "model": "tiiuae/Falcon-H1-7B-Instruct", "provider": "transformers", "response": "альными расчетами насколько возможно насколько возможно насколько возможно насколько возможно насколько возможно насколько возможно насколько возможно насколько возможно насколько возможно насколько возможно насколько возможно насколько возможно насколько возможно насколько возможно насколько возможно насколько возможно насколько возможно насколько возможно насколько возможно насколько возможно насколько возможно насколько возможно насколько возможно насколько возможно насколько возможно насколько возможно насколько возможно насколько возможно насколько возможно насколько возможно насколько возможно насколько возможно насколько возможно насколько возможно насколько возможно насколько возможно насколько возможно насколько возможно насколько возможно насколько возможно насколько возможно насколько возможно насколько возможно насколько возможно насколько возможно насколько возможно насколько возможно насколько возможно насколько возможно насколько возможно насколько возможно насколько возможно насколько возможно насколько возможно насколько возможно насколько возможно насколько возможно насколько возможно насколько возможно насколько возможно насколько возможно насколько возможно насколько возможно насколько возможно насколько возможно насколько возможно насколько возможно насколько возможно насколько возможно насколько возможно насколько возможно насколько возможно насколько возможно насколько возможно насколько возможно насколько возможно насколько возможно насколько возможно насколько возможно насколько возможно насколько возможно насколько возможно насколько возможно насколько возможно насколько возможно насколько возможно насколько возможно насколько возможно насколько возможно насколько возможно насколько возможно насколько возможно насколько возможно насколько возможно насколько возможно насколько возможно насколько возможно насколько возможно насколько возможно насколько возможно насколько возможно насколько возможно насколько возможно насколько возможно насколько возможно насколько возможно насколько возможно насколько возможно насколько возможно насколько возможно насколько возможно насколько возможно насколько возможно насколько возможно насколько возможно насколько возможно насколько возможно насколько возможно насколько возможно насколько возможно насколько возможно насколько возможно насколько возможно насколько возможно насколько возможно насколько возможно насколько", "numeric_answer": null, "relative_error": null, "thinking_text": null, "has_tool_call": false, "tool_call": null, "usage": {"prompt_tokens": 188, "completion_tokens": 256, "total_tokens": 444, "token_count_source": "tokenizer"}, "decoding": {"temperature": 0.2, "top_p": null, "top_k": null, "max_tokens": 256, "seed": 42}, "prompt_tokens": 188, "completion_tokens": 256, "total_tokens": 444, "token_count_source": "tokenizer", "diffusion_steps": null, "flops_estimate": null, "flops_arch": null, "flops_model_params": null, "flops_active_params": null, "tokens_non_final": 255, "tokens_reasoning": 0, "tokens_response": 255, "elapsed_seconds": 18.53996753692627, "judgement": "Uncategorized"}
{"id": "units_000827", "topic": "units", "subtopic": "lb_oz", "prompt": "You buy 3.71 lb at $14.59 per lb. About how much is that total?", "exact_value": 54.13, "model": "tiiuae/Falcon-H1-7B-Instruct", "provider": "transformers", "response": "альными расчетами путем округления до ближайшего целого числа получаем примерно следующее значение процентов процентов процентов процентов процентов процентов процентов процентов процентов процентов процентов процентов процентов процентов процентов процентов процентов процентов процентов процентов процентов процентов процентов процентов процентов процентов процентов процентов процентов процентов процентов процентов процентов процентов процентов процентов процентов процентов процентов процентов процентов процентов процентов процентов процентов процентов процентов процентов процентов процентов процентов процентов процентов процентов процентов процентов процентов процентов процентов процентов процентов процентов процентов процентов процентов процентов процентов процентов процентов процентов процентов процентов процентов процентов процентов процентов процентов процентов процентов процентов процентов процентов процентов процентов процентов процентов процентов процентов процентов процентов процентов процентов процентов процентов процентов процентов процентов процентов процентов процентов процентов процентов процентов процентов процентов процентов процентов процентов процентов процентов процентов процентов процентов процентов процентов процентов процентов процентов процентов процентов процентов процентов процентов процентов процентов процентов процентов процентов процентов процентов процентов процентов процентов процентов процентов процентов процентов процентов процентов процентов процентов процентов процентов процентов процентов процентов процентов процентов процентов процентов процентов процентов процентов процентов процентов процентов процентов процентов процентов процентов процентов процентов процентов процентов процентов процентов процентов процентов процентов процентов процентов процентов процентов процентов процентов процентов процентов процентов процентов процентов процентов процентов процентов процентов процентов процентов процентов процентов процентов процентов процентов процентов процентов процентов процентов процентов процентов процентов процентов процентов процентов процентов процентов процентов процентов процентов процентов процентов процентов процентов процентов процентов процентов процентов процентов процентов процентов процентов процентов процентов процентов процентов процентов процентов процентов процентов процентов процентов процентов процентов процентов процентов процентов процентов процентов процентов процентов", "numeric_answer": null, "relative_error": null, "thinking_text": null, "has_tool_call": false, "tool_call": null, "usage": {"prompt_tokens": 187, "completion_tokens": 256, "total_tokens": 443, "token_count_source": "tokenizer"}, "decoding": {"temperature": 0.2, "top_p": null, "top_k": null, "max_tokens": 256, "seed": 42}, "prompt_tokens": 187, "completion_tokens": 256, "total_tokens": 443, "token_count_source": "tokenizer", "diffusion_steps": null, "flops_estimate": null, "flops_arch": null, "flops_model_params": null, "flops_active_params": null, "tokens_non_final": 249, "tokens_reasoning": 0, "tokens_response": 249, "elapsed_seconds": 18.65439248085022, "judgement": "Uncategorized"}
{"id": "units_000847", "topic": "units", "subtopic": "kg_g", "prompt": "An item costs $16.02 per kg. You take 300 g. About how much is that?", "exact_value": 4.81, "model": "tiiuae/Falcon-H1-7B-Instruct", "provider": "transformers", "response": "альными расчетами насколько возможно насколько возможно насколько возможно насколько возможно насколько возможно насколько возможно насколько возможно насколько возможно насколько возможно насколько возможно насколько возможно насколько возможно насколько возможно насколько возможно насколько возможно насколько возможно насколько возможно насколько возможно насколько возможно насколько возможно насколько возможно насколько возможно насколько возможно насколько возможно насколько возможно насколько возможно насколько возможно насколько возможно насколько возможно насколько возможно насколько возможно насколько возможно насколько возможно насколько возможно насколько возможно насколько возможно насколько возможно насколько возможно насколько возможно насколько возможно насколько возможно насколько возможно насколько возможно насколько возможно насколько возможно насколько возможно насколько возможно насколько возможно насколько возможно насколько возможно насколько возможно насколько возможно насколько возможно насколько возможно насколько возможно насколько возможно насколько возможно насколько возможно насколько возможно насколько возможно насколько возможно насколько возможно насколько возможно насколько возможно насколько возможно насколько возможно насколько возможно насколько возможно насколько возможно насколько возможно насколько возможно насколько возможно насколько возможно насколько возможно насколько возможно насколько возможно насколько возможно насколько возможно насколько возможно насколько возможно насколько возможно насколько возможно насколько возможно насколько возможно насколько возможно насколько возможно насколько возможно насколько возможно насколько возможно насколько возможно насколько возможно насколько возможно насколько возможно насколько возможно насколько возможно насколько возможно насколько возможно насколько возможно насколько возможно насколько возможно насколько возможно насколько возможно насколько возможно насколько возможно насколько возможно насколько возможно насколько возможно насколько возможно насколько возможно насколько возможно насколько возможно насколько возможно насколько возможно насколько возможно насколько возможно насколько возможно насколько возможно насколько возможно насколько возможно насколько возможно насколько возможно насколько возможно насколько возможно насколько возможно насколько возможно насколько возможно насколько", "numeric_answer": null, "relative_error": null, "thinking_text": null, "has_tool_call": false, "tool_call": null, "usage": {"prompt_tokens": 188, "completion_tokens": 256, "total_tokens": 444, "token_count_source": "tokenizer"}, "decoding": {"temperature": 0.2, "top_p": null, "top_k": null, "max_tokens": 256, "seed": 42}, "prompt_tokens": 188, "completion_tokens": 256, "total_tokens": 444, "token_count_source": "tokenizer", "diffusion_steps": null, "flops_estimate": null, "flops_arch": null, "flops_model_params": null, "flops_active_params": null, "tokens_non_final": 255, "tokens_reasoning": 0, "tokens_response": 255, "elapsed_seconds": 18.55783462524414, "judgement": "Uncategorized"}
{"id": "units_000867", "topic": "units", "subtopic": "kg_g", "prompt": "An item costs $19.16 per kg. You take 750 g. About how much is that?", "exact_value": 14.37, "model": "tiiuae/Falcon-H1-7B-Instruct", "provider": "transformers", "response": "альными расчетами путем округления до целых процентов стоимости и до более удобных процентов весаируемого количества получаем примерноальное значение стоимости взятого количества товара насколько это возможноальноальноальноальноальноальноальноальноальноальноальноальноальноальноальноальноальноальноальноальноальноальноальноальноальноальноальноальноальноальноальноальноальноальноальноальноальноальноальноальноальноальноальноальноальноальноальноальноальноальноальноальноальноальноальноальноальноальноальноальноальноальноальноальноальноальноальноальноальноальноальноальноальноальноальноальноальноальноальноальноальноальноальноальноальноальноальноальноальноальноальноальноальноальноальноальноальноальноальноальноальноальноальноальноальноальноальноальноальноальноальноальноальноальноальноальноальноальноальноальноальноальноальноальноальноальноальноальноальноальноальноальноальноальноальноальноальноальноальноальноальноальноальноальноальноальноальноальноальноальноальноальноальноальноальноальноальноальноальноальноальноальноальноальноальноальноальноальноальноальноальноальноальноальноальноальноальноальноальноальноальноальноальноальноальноальноальноальноальноальноальноальноальноальноальноальноальноальноальноальноальноальноальноальноальноальноальноальноальноальноальноальноальноальноальноальноальноальноально", "numeric_answer": null, "relative_error": null, "thinking_text": null, "has_tool_call": false, "tool_call": null, "usage": {"prompt_tokens": 188, "completion_tokens": 256, "total_tokens": 444, "token_count_source": "tokenizer"}, "decoding": {"temperature": 0.2, "top_p": null, "top_k": null, "max_tokens": 256, "seed": 42}, "prompt_tokens": 188, "completion_tokens": 256, "total_tokens": 444, "token_count_source": "tokenizer", "diffusion_steps": null, "flops_estimate": null, "flops_arch": null, "flops_model_params": null, "flops_active_params": null, "tokens_non_final": 25, "tokens_reasoning": 0, "tokens_response": 25, "elapsed_seconds": 18.565869092941284, "judgement": "Uncategorized"}
{"id": "units_000887", "topic": "units", "subtopic": "kg_g", "prompt": "An item costs $4.82 per kg. You take 750 g. About how much is that?", "exact_value": 3.62, "model": "tiiuae/Falcon-H1-7B-Instruct", "provider": "transformers", "response": "альными расчетами путем округления до целых процентов стоимости и до килограмма веса исходного количества получаем примерно следующее значение насколько насколько насколько насколько насколько насколько насколько насколько насколько насколько насколько насколько насколько насколько насколько насколько насколько насколько насколько насколько насколько насколько насколько насколько насколько насколько насколько насколько насколько насколько насколько насколько насколько насколько насколько насколько насколько насколько насколько насколько насколько насколько насколько насколько насколько насколько насколько насколько насколько насколько насколько насколько насколько насколько насколько насколько насколько насколько насколько насколько насколько насколько насколько насколько насколько насколько насколько насколько насколько насколько насколько насколько насколько насколько насколько насколько насколько насколько насколько насколько насколько насколько насколько насколько насколько насколько насколько насколько насколько насколько насколько насколько насколько насколько насколько насколько насколько насколько насколько насколько насколько насколько насколько насколько насколько насколько насколько насколько насколько насколько насколько насколько насколько насколько насколько насколько насколько насколько насколько насколько насколько насколько насколько насколько насколько насколько насколько насколько насколько насколько насколько насколько насколько насколько насколько насколько насколько насколько насколько насколько насколько насколько насколько насколько насколько насколько насколько насколько насколько насколько насколько насколько насколько насколько насколько насколько насколько насколько насколько насколько насколько насколько насколько насколько насколько насколько насколько насколько насколько насколько насколько насколько насколько насколько насколько насколько насколько насколько насколько насколько насколько насколько насколько насколько насколько насколько насколько насколько насколько насколько насколько насколько насколько насколько насколько насколько насколько насколько насколько насколько насколько насколько насколько насколько насколько насколько насколько насколько насколько насколько насколько насколько насколько насколько насколько насколько насколько насколько насколько насколько насколько насколько насколько насколько насколько насколько насколько насколько насколько", "numeric_answer": null, "relative_error": null, "thinking_text": null, "has_tool_call": false, "tool_call": null, "usage": {"prompt_tokens": 187, "completion_tokens": 256, "total_tokens": 443, "token_count_source": "tokenizer"}, "decoding": {"temperature": 0.2, "top_p": null, "top_k": null, "max_tokens": 256, "seed": 42}, "prompt_tokens": 187, "completion_tokens": 256, "total_tokens": 443, "token_count_source": "tokenizer", "diffusion_steps": null, "flops_estimate": null, "flops_arch": null, "flops_model_params": null, "flops_active_params": null, "tokens_non_final": 247, "tokens_reasoning": 0, "tokens_response": 247, "elapsed_seconds": 18.637765884399414, "judgement": "Uncategorized"}
{"id": "units_000907", "topic": "units", "subtopic": "lb_oz", "prompt": "You buy 1.03 lb at $7.95 per lb. About how much is that total?", "exact_value": 8.19, "model": "tiiuae/Falcon-H1-7B-Instruct", "provider": "transformers", "response": "альными расчетами путем округления до ближайшего целого числа получаем примерно следующее значение согласно заданию насколько могу насколько могу насколько могу насколько могу насколько могу насколько могу насколько могу насколько могу насколько могу насколько могу насколько могу насколько могу насколько могу насколько могу насколько могу насколько могу насколько могу насколько могу насколько могу насколько могу насколько могу насколько могу насколько могу насколько могу насколько могу насколько могу насколько могу насколько могу насколько могу насколько могу насколько могу насколько могу насколько могу насколько могу насколько могу насколько могу насколько могу насколько могу насколько могу насколько могу насколько могу насколько могу насколько могу насколько могу насколько могу насколько могу насколько могу насколько могу насколько могу насколько могу насколько могу насколько могу насколько могу насколько могу насколько могу насколько могу насколько могу насколько могу насколько могу насколько могу насколько могу насколько могу насколько могу насколько могу насколько могу насколько могу насколько могу насколько могу насколько могу насколько могу насколько могу насколько могу насколько могу насколько могу насколько могу насколько могу насколько могу насколько могу насколько могу насколько могу насколько могу насколько могу насколько могу насколько могу насколько могу насколько могу насколько могу насколько могу насколько могу насколько могу насколько могу насколько могу насколько могу насколько могу насколько могу насколько могу насколько могу насколько могу насколько могу насколько могу насколько могу насколько могу насколько могу насколько могу насколько могу насколько могу насколько могу насколько могу насколько могу насколько могу насколько могу насколько могу насколько могу насколько могу насколько могу насколько могу насколько могу", "numeric_answer": null, "relative_error": null, "thinking_text": null, "has_tool_call": false, "tool_call": null, "usage": {"prompt_tokens": 186, "completion_tokens": 256, "total_tokens": 442, "token_count_source": "tokenizer"}, "decoding": {"temperature": 0.2, "top_p": null, "top_k": null, "max_tokens": 256, "seed": 42}, "prompt_tokens": 186, "completion_tokens": 256, "total_tokens": 442, "token_count_source": "tokenizer", "diffusion_steps": null, "flops_estimate": null, "flops_arch": null, "flops_model_params": null, "flops_active_params": null, "tokens_non_final": 248, "tokens_reasoning": 0, "tokens_response": 248, "elapsed_seconds": 18.92130708694458, "judgement": "Uncategorized"}
{"id": "units_000927", "topic": "units", "subtopic": "lb_oz", "prompt": "You buy 4.57 lb at $4.76 per lb. About how much is that total?", "exact_value": 21.75, "model": "tiiuae/Falcon-H1-7B-Instruct", "provider": "transformers", "response": "альными расчетами путем округления количества до процентов процентов процентов процентов процентов процентов процентов процентов процентов процентов процентов процентов процентов процентов процентов процентов процентов процентов процентов процентов процентов процентов процентов процентов процентов процентов процентов процентов процентов процентов процентов процентов процентов процентов процентов процентов процентов процентов процентов процентов процентов процентов процентов процентов процентов процентов процентов процентов процентов процентов процентов процентов процентов процентов процентов процентов процентов процентов процентов процентов процентов процентов процентов процентов процентов процентов процентов процентов процентов процентов процентов процентов процентов процентов процентов процентов процентов процентов процентов процентов процентов процентов процентов процентов процентов процентов процентов процентов процентов процентов процентов процентов процентов процентов процентов процентов процентов процентов процентов процентов процентов процентов процентов процентов процентов процентов процентов процентов процентов процентов процентов процентов процентов процентов процентов процентов процентов процентов процентов процентов процентов процентов процентов процентов процентов процентов процентов процентов процентов процентов процентов процентов процентов процентов процентов процентов процентов процентов процентов процентов процентов процентов процентов процентов процентов процентов процентов процентов процентов процентов процентов процентов процентов процентов процентов процентов процентов процентов процентов процентов процентов процентов процентов процентов процентов процентов процентов процентов процентов процентов процентов процентов процентов процентов процентов процентов процентов процентов процентов процентов процентов процентов процентов процентов процентов процентов процентов процентов процентов процентов процентов процентов процентов процентов процентов процентов процентов процентов процентов процентов процентов процентов процентов процентов процентов процентов процентов процентов процентов процентов процентов процентов процентов процентов процентов процентов процентов процентов процентов процентов процентов процентов процентов процентов процентов процентов процентов процентов процентов процентов процентов процентов процентов процентов процентов процентов процентов процентов процентов процентов процентов процентов процентов процентов процентов процентов процентов процентов", "numeric_answer": null, "relative_error": null, "thinking_text": null, "has_tool_call": false, "tool_call": null, "usage": {"prompt_tokens": 186, "completion_tokens": 256, "total_tokens": 442, "token_count_source": "tokenizer"}, "decoding": {"temperature": 0.2, "top_p": null, "top_k": null, "max_tokens": 256, "seed": 42}, "prompt_tokens": 186, "completion_tokens": 256, "total_tokens": 442, "token_count_source": "tokenizer", "diffusion_steps": null, "flops_estimate": null, "flops_arch": null, "flops_model_params": null, "flops_active_params": null, "tokens_non_final": 254, "tokens_reasoning": 0, "tokens_response": 254, "elapsed_seconds": 18.801133394241333, "judgement": "Uncategorized"}
{"id": "units_000947", "topic": "units", "subtopic": "lb_oz", "prompt": "You buy 1.79 lb at $7.65 per lb. About how much is that total?", "exact_value": 13.69, "model": "tiiuae/Falcon-H1-7B-Instruct", "provider": "transformers", "response": "альными расчетами путем округления до человеческих чисел получаются примерно следующееösenwicklung ergibtтическиальное значение путем округления до человеческих чисadeceрует примерно следующееösenwicklung ergibtтическиальное значение путем округления доальнымиальнымиальнымиальнымиальнымиальнымиальнымиальнымиальнымиальнымиальнымиальнымиальнымиальнымиальнымиальнымиальнымиальнымиальнымиальнымиальнымиальнымиальнымиальнымиальнымиальнымиальнымиальнымиальнымиальнымиальнымиальнымиальнымиальнымиальнымиальнымиальнымиальнымиальнымиальнымиальнымиальнымиальнымиальнымиальнымиальнымиальнымиальнымиальнымиальнымиальнымиальнымиальнымиальнымиальнымиальнымиальнымиальнымиальнымиальнымиальнымиальнымиальнымиальнымиальнымиальнымиальнымиальнымиальнымиальнымиальнымиальнымиальнымиальнымиальнымиальнымиальнымиальнымиальнымиальнымиальнымиальнымиальнымиальнымиальнымиальнымиальнымиальнымиальнымиальнымиальнымиальнымиальнымиальнымиальнымиальнымиальнымиальнымиальнымиальнымиальнымиальнымиальнымиальнымиальнымиальнымиальнымиальнымиальнымиальнымиальнымиальнымиальнымиальнымиальнымиальнымиальнымиальнымиальнымиальнымиальнымиальнымиальнымиальнымиальнымиальнымиальнымиальнымиальнымиальнымиальнымиальнымиальнымиальнымиальнымиальнымиальнымиальнымиальнымиальнымиальнымиальнымиальнымиальнымиальнымиальнымиальнымиальнымиальнымиальнымиальнымиальнымиальнымиальнымиальнымиальнымиальнымиальнымиальнымиальнымиальнымиальнымиальнымиальнымиальнымиальнымиальнымиальнымиальнымиальнымиальнымиальнымиальнымиальнымиальнымиальнымиальнымиальнымиальнымиальнымиальнымиальнымиальнымиальнымиальнымиальнымиальнымиальнымиальнымиальнымиальнымиальнымиальнымиальнымиальнымиальнымиальнымиальнымиальнымиальнымиальнымиальнымиальнымиальнымиальнымиальнымиальнымиальнымиальнымиальнымиальными", "numeric_answer": null, "relative_error": null, "thinking_text": null, "has_tool_call": false, "tool_call": null, "usage": {"prompt_tokens": 186, "completion_tokens": 256, "total_tokens": 442, "token_count_source": "tokenizer"}, "decoding": {"temperature": 0.2, "top_p": null, "top_k": null, "max_tokens": 256, "seed": 42}, "prompt_tokens": 186, "completion_tokens": 256, "total_tokens": 442, "token_count_source": "tokenizer", "diffusion_steps": null, "flops_estimate": null, "flops_arch": null, "flops_model_params": null, "flops_active_params": null, "tokens_non_final": 24, "tokens_reasoning": 0, "tokens_response": 24, "elapsed_seconds": 18.917884826660156, "judgement": "Uncategorized"}
{"id": "units_000967", "topic": "units", "subtopic": "lb_oz", "prompt": "You buy 2.01 lb at $13.92 per lb. About how much is that total?", "exact_value": 27.98, "model": "tiiuae/Falcon-H1-7B-Instruct", "provider": "transformers", "response": "альными расчетами вместо точных процентов процентов процентов процентов процентов процентов процентов процентов процентов процентов процентов процентов процентов процентов процентов процентов процентов процентов процентов процентов процентов процентов процентов процентов процентов процентов процентов процентов процентов процентов процентов процентов процентов процентов процентов процентов процентов процентов процентов процентов процентов процентов процентов процентов процентов процентов процентов процентов процентов процентов процентов процентов процентов процентов процентов процентов процентов процентов процентов процентов процентов процентов процентов процентов процентов процентов процентов процентов процентов процентов процентов процентов процентов процентов процентов процентов процентов процентов процентов процентов процентов процентов процентов процентов процентов процентов процентов процентов процентов процентов процентов процентов процентов процентов процентов процентов процентов процентов процентов процентов процентов процентов процентов процентов процентов процентов процентов процентов процентов процентов процентов процентов процентов процентов процентов процентов процентов процентов процентов процентов процентов процентов процентов процентов процентов процентов процентов процентов процентов процентов процентов процентов процентов процентов процентов процентов процентов процентов процентов процентов процентов процентов процентов процентов процентов процентов процентов процентов процентов процентов процентов процентов процентов процентов процентов процентов процентов процентов процентов процентов процентов процентов процентов процентов процентов процентов процентов процентов процентов процентов процентов процентов процентов процентов процентов процентов процентов процентов процентов процентов процентов процентов процентов процентов процентов процентов процентов процентов процентов процентов процентов процентов процентов процентов процентов процентов процентов процентов процентов процентов процентов процентов процентов процентов процентов процентов процентов процентов процентов процентов процентов процентов процентов процентов процентов процентов процентов процентов процентов процентов процентов процентов процентов процентов процентов процентов процентов процентов процентов процентов процентов процентов процентов процентов процентов процентов процентов процентов процентов процентов процентов процентов процентов процентов процентов процентов процентов процентов процентов процентов", "numeric_answer": null, "relative_error": null, "thinking_text": null, "has_tool_call": false, "tool_call": null, "usage": {"prompt_tokens": 187, "completion_tokens": 256, "total_tokens": 443, "token_count_source": "tokenizer"}, "decoding": {"temperature": 0.2, "top_p": null, "top_k": null, "max_tokens": 256, "seed": 42}, "prompt_tokens": 187, "completion_tokens": 256, "total_tokens": 443, "token_count_source": "tokenizer", "diffusion_steps": null, "flops_estimate": null, "flops_arch": null, "flops_model_params": null, "flops_active_params": null, "tokens_non_final": 254, "tokens_reasoning": 0, "tokens_response": 254, "elapsed_seconds": 18.798168659210205, "judgement": "Uncategorized"}
{"id": "units_000987", "topic": "units", "subtopic": "kg_g", "prompt": "An item costs $17.96 per kg. You take 500 g. About how much is that?", "exact_value": 8.98, "model": "tiiuae/Falcon-H1-7B-Instruct", "provider": "transformers", "response": "альными расчетами вместо точных процентов процентов процентов процентов процентов процентов процентов процентов процентов процентов процентов процентов процентов процентов процентов процентов процентов процентов процентов процентов процентов процентов процентов процентов процентов процентов процентов процентов процентов процентов процентов процентов процентов процентов процентов процентов процентов процентов процентов процентов процентов процентов процентов процентов процентов процентов процентов процентов процентов процентов процентов процентов процентов процентов процентов процентов процентов процентов процентов процентов процентов процентов процентов процентов процентов процентов процентов процентов процентов процентов процентов процентов процентов процентов процентов процентов процентов процентов процентов процентов процентов процентов процентов процентов процентов процентов процентов процентов процентов процентов процентов процентов процентов процентов процентов процентов процентов процентов процентов процентов процентов процентов процентов процентов процентов процентов процентов процентов процентов процентов процентов процентов процентов процентов процентов процентов процентов процентов процентов процентов процентов процентов процентов процентов процентов процентов процентов процентов процентов процентов процентов процентов процентов процентов процентов процентов процентов процентов процентов процентов процентов процентов процентов процентов процентов процентов процентов процентов процентов процентов процентов процентов процентов процентов процентов процентов процентов процентов процентов процентов процентов процентов процентов процентов процентов процентов процентов процентов процентов процентов процентов процентов процентов процентов процентов процентов процентов процентов процентов процентов процентов процентов процентов процентов процентов процентов процентов процентов процентов процентов процентов процентов процентов процентов процентов процентов процентов процентов процентов процентов процентов процентов процентов процентов процентов процентов процентов процентов процентов процентов процентов процентов процентов процентов процентов процентов процентов процентов процентов процентов процентов процентов процентов процентов процентов процентов процентов процентов процентов процентов процентов процентов процентов процентов процентов процентов процентов процентов процентов процентов процентов процентов процентов процентов процентов процентов процентов процентов процентов процентов", "numeric_answer": null, "relative_error": null, "thinking_text": null, "has_tool_call": false, "tool_call": null, "usage": {"prompt_tokens": 188, "completion_tokens": 256, "total_tokens": 444, "token_count_source": "tokenizer"}, "decoding": {"temperature": 0.2, "top_p": null, "top_k": null, "max_tokens": 256, "seed": 42}, "prompt_tokens": 188, "completion_tokens": 256, "total_tokens": 444, "token_count_source": "tokenizer", "diffusion_steps": null, "flops_estimate": null, "flops_arch": null, "flops_model_params": null, "flops_active_params": null, "tokens_non_final": 254, "tokens_reasoning": 0, "tokens_response": 254, "elapsed_seconds": 18.77198839187622, "judgement": "Uncategorized"}
{"id": "units_001007", "topic": "units", "subtopic": "lb_oz", "prompt": "You buy 3.75 lb at $12.94 per lb. About how much is that total?", "exact_value": 48.53, "model": "tiiuae/Falcon-H1-7B-Instruct", "provider": "transformers", "response": "альными расчетами путем округления до целых чисел получаем примерно следующее значение процентов процентов процентов процентов процентов процентов процентов процентов процентов процентов процентов процентов процентов процентов процентов процентов процентов процентов процентов процентов процентов процентов процентов процентов процентов процентов процентов процентов процентов процентов процентов процентов процентов процентов процентов процентов процентов процентов процентов процентов процентов процентов процентов процентов процентов процентов процентов процентов процентов процентов процентов процентов процентов процентов процентов процентов процентов процентов процентов процентов процентов процентов процентов процентов процентов процентов процентов процентов процентов процентов процентов процентов процентов процентов процентов процентов процентов процентов процентов процентов процентов процентов процентов процентов процентов процентов процентов процентов процентов процентов процентов процентов процентов процентов процентов процентов процентов процентов процентов процентов процентов процентов процентов процентов процентов процентов процентов процентов процентов процентов процентов процентов процентов процентов процентов процентов процентов процентов процентов процентов процентов процентов процентов процентов процентов процентов процентов процентов процентов процентов процентов процентов процентов процентов процентов процентов процентов процентов процентов процентов процентов процентов процентов процентов процентов процентов процентов процентов процентов процентов процентов процентов процентов процентов процентов процентов процентов процентов процентов процентов процентов процентов процентов процентов процентов процентов процентов процентов процентов процентов процентов процентов процентов процентов процентов процентов процентов процентов процентов процентов процентов процентов процентов процентов процентов процентов процентов процентов процентов процентов процентов процентов процентов процентов процентов процентов процентов процентов процентов процентов процентов процентов процентов процентов процентов процентов процентов процентов процентов процентов процентов процентов процентов процентов процентов процентов процентов процентов процентов процентов процентов процентов процентов процентов процентов процентов процентов процентов процентов процентов процентов процентов процентов процентов процентов процентов процентов процентов", "numeric_answer": null, "relative_error": null, "thinking_text": null, "has_tool_call": false, "tool_call": null, "usage": {"prompt_tokens": 187, "completion_tokens": 256, "total_tokens": 443, "token_count_source": "tokenizer"}, "decoding": {"temperature": 0.2, "top_p": null, "top_k": null, "max_tokens": 256, "seed": 42}, "prompt_tokens": 187, "completion_tokens": 256, "total_tokens": 443, "token_count_source": "tokenizer", "diffusion_steps": null, "flops_estimate": null, "flops_arch": null, "flops_model_params": null, "flops_active_params": null, "tokens_non_final": 249, "tokens_reasoning": 0, "tokens_response": 249, "elapsed_seconds": 19.080987453460693, "judgement": "Uncategorized"}
{"id": "units_001027", "topic": "units", "subtopic": "kg_g", "prompt": "An item costs $17.61 per kg. You take 900 g. About how much is that?", "exact_value": 15.85, "model": "tiiuae/Falcon-H1-7B-Instruct", "provider": "transformers", "response": "альными расчетами насколько возможно насколько возможно насколько возможно насколько возможно насколько возможно насколько возможно насколько возможно насколько возможно насколько возможно насколько возможно насколько возможно насколько возможно насколько возможно насколько возможно насколько возможно насколько возможно насколько возможно насколько возможно насколько возможно насколько возможно насколько возможно насколько возможно насколько возможно насколько возможно насколько возможно насколько возможно насколько возможно насколько возможно насколько возможно насколько возможно насколько возможно насколько возможно насколько возможно насколько возможно насколько возможно насколько возможно насколько возможно насколько возможно насколько возможно насколько возможно насколько возможно насколько возможно насколько возможно насколько возможно насколько возможно насколько возможно насколько возможно насколько возможно насколько возможно насколько возможно насколько возможно насколько возможно насколько возможно насколько возможно насколько возможно насколько возможно насколько возможно насколько возможно насколько возможно насколько возможно насколько возможно насколько возможно насколько возможно насколько возможно насколько возможно насколько возможно насколько возможно насколько возможно насколько возможно насколько возможно насколько возможно насколько возможно насколько возможно насколько возможно насколько возможно насколько возможно насколько возможно насколько возможно насколько возможно насколько возможно насколько возможно насколько возможно насколько возможно насколько возможно насколько возможно насколько возможно насколько возможно насколько возможно насколько возможно насколько возможно насколько возможно насколько возможно насколько возможно насколько возможно насколько возможно насколько возможно насколько возможно насколько возможно насколько возможно насколько возможно насколько возможно насколько возможно насколько возможно насколько возможно насколько возможно насколько возможно насколько возможно насколько возможно насколько возможно насколько возможно насколько возможно насколько возможно насколько возможно насколько возможно насколько возможно насколько возможно насколько возможно насколько возможно насколько возможно насколько возможно насколько возможно насколько возможно насколько возможно насколько возможно насколько возможно насколько возможно насколько", "numeric_answer": null, "relative_error": null, "thinking_text": null, "has_tool_call": false, "tool_call": null, "usage": {"prompt_tokens": 188, "completion_tokens": 256, "total_tokens": 444, "token_count_source": "tokenizer"}, "decoding": {"temperature": 0.2, "top_p": null, "top_k": null, "max_tokens": 256, "seed": 42}, "prompt_tokens": 188, "completion_tokens": 256, "total_tokens": 444, "token_count_source": "tokenizer", "diffusion_steps": null, "flops_estimate": null, "flops_arch": null, "flops_model_params": null, "flops_active_params": null, "tokens_non_final": 255, "tokens_reasoning": 0, "tokens_response": 255, "elapsed_seconds": 18.94046425819397, "judgement": "Uncategorized"}
{"id": "units_001047", "topic": "units", "subtopic": "kg_g", "prompt": "An item costs $4.66 per kg. You take 750 g. About how much is that?", "exact_value": 3.5, "model": "tiiuae/Falcon-H1-7B-Instruct", "provider": "transformers", "response": "альными расчетами насколько возможно насколько возможно насколько возможно насколько возможно насколько возможно насколько возможно насколько возможно насколько возможно насколько возможно насколько возможно насколько возможно насколько возможно насколько возможно насколько возможно насколько возможно насколько возможно насколько возможно насколько возможно насколько возможно насколько возможно насколько возможно насколько возможно насколько возможно насколько возможно насколько возможно насколько возможно насколько возможно насколько возможно насколько возможно насколько возможно насколько возможно насколько возможно насколько возможно насколько возможно насколько возможно насколько возможно насколько возможно насколько возможно насколько возможно насколько возможно насколько возможно насколько возможно насколько возможно насколько возможно насколько возможно насколько возможно насколько возможно насколько возможно насколько возможно насколько возможно насколько возможно насколько возможно насколько возможно насколько возможно насколько возможно насколько возможно насколько возможно насколько возможно насколько возможно насколько возможно насколько возможно насколько возможно насколько возможно насколько возможно насколько возможно насколько возможно насколько возможно насколько возможно насколько возможно насколько возможно насколько возможно насколько возможно насколько возможно насколько возможно насколько возможно насколько возможно насколько возможно насколько возможно насколько возможно насколько возможно насколько возможно насколько возможно насколько возможно насколько возможно насколько возможно насколько возможно насколько возможно насколько возможно насколько возможно насколько возможно насколько возможно насколько возможно насколько возможно насколько возможно насколько возможно насколько возможно насколько возможно насколько возможно насколько возможно насколько возможно насколько возможно насколько возможно насколько возможно насколько возможно насколько возможно насколько возможно насколько возможно насколько возможно насколько возможно насколько возможно насколько возможно насколько возможно насколько возможно насколько возможно насколько возможно насколько возможно насколько возможно насколько возможно насколько возможно насколько возможно насколько возможно насколько возможно насколько возможно насколько возможно насколько возможно насколько возможно насколько", "numeric_answer": null, "relative_error": null, "thinking_text": null, "has_tool_call": false, "tool_call": null, "usage": {"prompt_tokens": 187, "completion_tokens": 256, "total_tokens": 443, "token_count_source": "tokenizer"}, "decoding": {"temperature": 0.2, "top_p": null, "top_k": null, "max_tokens": 256, "seed": 42}, "prompt_tokens": 187, "completion_tokens": 256, "total_tokens": 443, "token_count_source": "tokenizer", "diffusion_steps": null, "flops_estimate": null, "flops_arch": null, "flops_model_params": null, "flops_active_params": null, "tokens_non_final": 255, "tokens_reasoning": 0, "tokens_response": 255, "elapsed_seconds": 19.01536273956299, "judgement": "Uncategorized"}
{"id": "units_001067", "topic": "units", "subtopic": "lb_oz", "prompt": "You buy 5.21 lb at $3.37 per lb. About how much is that total?", "exact_value": 17.56, "model": "tiiuae/Falcon-H1-7B-Instruct", "provider": "transformers", "response": "альными расчетами путем округления до человечески воспринимаемых процентов процентовируемаются значения насколько возможно насколько возможно насколько возможно насколько возможно насколько возможно насколько возможно насколько возможно насколько возможно насколько возможно насколько возможно насколько возможно насколько возможно насколько возможно насколько возможно насколько возможно насколько возможно насколько возможно насколько возможно насколько возможно насколько возможно насколько возможно насколько возможно насколько возможно насколько возможно насколько возможно насколько возможно насколько возможно насколько возможно насколько возможно насколько возможно насколько возможно насколько возможно насколько возможно насколько возможно насколько возможно насколько возможно насколько возможно насколько возможно насколько возможно насколько возможно насколько возможно насколько возможно насколько возможно насколько возможно насколько возможно насколько возможно насколько возможно насколько возможно насколько возможно насколько возможно насколько возможно насколько возможно насколько возможно насколько возможно насколько возможно насколько возможно насколько возможно насколько возможно насколько возможно насколько возможно насколько возможно насколько возможно насколько возможно насколько возможно насколько возможно насколько возможно насколько возможно насколько возможно насколько возможно насколько возможно насколько возможно насколько возможно насколько возможно насколько возможно насколько возможно насколько возможно насколько возможно насколько возможно насколько возможно насколько возможно насколько возможно насколько возможно насколько возможно насколько возможно насколько возможно насколько возможно насколько возможно насколько возможно насколько возможно насколько возможно насколько возможно насколько возможно насколько возможно насколько возможно насколько возможно насколько возможно насколько возможно насколько возможно насколько возможно насколько возможно насколько возможно насколько возможно насколько возможно насколько возможно насколько возможно насколько возможно насколько возможно насколько возможно насколько возможно насколько возможно насколько возможно насколько возможно насколько возможно насколько возможно насколько возможно насколько возможно насколько возможно насколько возможно насколько возможно", "numeric_answer": null, "relative_error": null, "thinking_text": null, "has_tool_call": false, "tool_call": null, "usage": {"prompt_tokens": 186, "completion_tokens": 256, "total_tokens": 442, "token_count_source": "tokenizer"}, "decoding": {"temperature": 0.2, "top_p": null, "top_k": null, "max_tokens": 256, "seed": 42}, "prompt_tokens": 186, "completion_tokens": 256, "total_tokens": 442, "token_count_source": "tokenizer", "diffusion_steps": null, "flops_estimate": null, "flops_arch": null, "flops_model_params": null, "flops_active_params": null, "tokens_non_final": 248, "tokens_reasoning": 0, "tokens_response": 248, "elapsed_seconds": 18.9751193523407, "judgement": "Uncategorized"}
{"id": "units_001087", "topic": "units", "subtopic": "kg_g", "prompt": "An item costs $7.42 per kg. You take 400 g. About how much is that?", "exact_value": 2.97, "model": "tiiuae/Falcon-H1-7B-Instruct", "provider": "transformers", "response": "альными расчетами насколько возможно насколько возможно насколько возможно насколько возможно насколько возможно насколько возможно насколько возможно насколько возможно насколько возможно насколько возможно насколько возможно насколько возможно насколько возможно насколько возможно насколько возможно насколько возможно насколько возможно насколько возможно насколько возможно насколько возможно насколько возможно насколько возможно насколько возможно насколько возможно насколько возможно насколько возможно насколько возможно насколько возможно насколько возможно насколько возможно насколько возможно насколько возможно насколько возможно насколько возможно насколько возможно насколько возможно насколько возможно насколько возможно насколько возможно насколько возможно насколько возможно насколько возможно насколько возможно насколько возможно насколько возможно насколько возможно насколько возможно насколько возможно насколько возможно насколько возможно насколько возможно насколько возможно насколько возможно насколько возможно насколько возможно насколько возможно насколько возможно насколько возможно насколько возможно насколько возможно насколько возможно насколько возможно насколько возможно насколько возможно насколько возможно насколько возможно насколько возможно насколько возможно насколько возможно насколько возможно насколько возможно насколько возможно насколько возможно насколько возможно насколько возможно насколько возможно насколько возможно насколько возможно насколько возможно насколько возможно насколько возможно насколько возможно насколько возможно насколько возможно насколько возможно насколько возможно насколько возможно насколько возможно насколько возможно насколько возможно насколько возможно насколько возможно насколько возможно насколько возможно насколько возможно насколько возможно насколько возможно насколько возможно насколько возможно насколько возможно насколько возможно насколько возможно насколько возможно насколько возможно насколько возможно насколько возможно насколько возможно насколько возможно насколько возможно насколько возможно насколько возможно насколько возможно насколько возможно насколько возможно насколько возможно насколько возможно насколько возможно насколько возможно насколько возможно насколько возможно насколько возможно насколько возможно насколько возможно насколько возможно насколько возможно насколько возможно насколько", "numeric_answer": null, "relative_error": null, "thinking_text": null, "has_tool_call": false, "tool_call": null, "usage": {"prompt_tokens": 187, "completion_tokens": 256, "total_tokens": 443, "token_count_source": "tokenizer"}, "decoding": {"temperature": 0.2, "top_p": null, "top_k": null, "max_tokens": 256, "seed": 42}, "prompt_tokens": 187, "completion_tokens": 256, "total_tokens": 443, "token_count_source": "tokenizer", "diffusion_steps": null, "flops_estimate": null, "flops_arch": null, "flops_model_params": null, "flops_active_params": null, "tokens_non_final": 255, "tokens_reasoning": 0, "tokens_response": 255, "elapsed_seconds": 18.862281560897827, "judgement": "Uncategorized"}
{"id": "units_001107", "topic": "units", "subtopic": "kg_g", "prompt": "An item costs $19.86 per kg. You take 400 g. About how much is that?", "exact_value": 7.94, "model": "tiiuae/Falcon-H1-7B-Instruct", "provider": "transformers", "response": "альными расчетами насколько возможно насколько возможно насколько возможно насколько возможно насколько возможно насколько возможно насколько возможно насколько возможно насколько возможно насколько возможно насколько возможно насколько возможно насколько возможно насколько возможно насколько возможно насколько возможно насколько возможно насколько возможно насколько возможно насколько возможно насколько возможно насколько возможно насколько возможно насколько возможно насколько возможно насколько возможно насколько возможно насколько возможно насколько возможно насколько возможно насколько возможно насколько возможно насколько возможно насколько возможно насколько возможно насколько возможно насколько возможно насколько возможно насколько возможно насколько возможно насколько возможно насколько возможно насколько возможно насколько возможно насколько возможно насколько возможно насколько возможно насколько возможно насколько возможно насколько возможно насколько возможно насколько возможно насколько возможно насколько возможно насколько возможно насколько возможно насколько возможно насколько возможно насколько возможно насколько возможно насколько возможно насколько возможно насколько возможно насколько возможно насколько возможно насколько возможно насколько возможно насколько возможно насколько возможно насколько возможно насколько возможно насколько возможно насколько возможно насколько возможно насколько возможно насколько возможно насколько возможно насколько возможно насколько возможно насколько возможно насколько возможно насколько возможно насколько возможно насколько возможно насколько возможно насколько возможно насколько возможно насколько возможно насколько возможно насколько возможно насколько возможно насколько возможно насколько возможно насколько возможно насколько возможно насколько возможно насколько возможно насколько возможно насколько возможно насколько возможно насколько возможно насколько возможно насколько возможно насколько возможно насколько возможно насколько возможно насколько возможно насколько возможно насколько возможно насколько возможно насколько возможно насколько возможно насколько возможно насколько возможно насколько возможно насколько возможно насколько возможно насколько возможно насколько возможно насколько возможно насколько возможно насколько возможно насколько возможно насколько возможно насколько возможно насколько возможно насколько", "numeric_answer": null, "relative_error": null, "thinking_text": null, "has_tool_call": false, "tool_call": null, "usage": {"prompt_tokens": 188, "completion_tokens": 256, "total_tokens": 444, "token_count_source": "tokenizer"}, "decoding": {"temperature": 0.2, "top_p": null, "top_k": null, "max_tokens": 256, "seed": 42}, "prompt_tokens": 188, "completion_tokens": 256, "total_tokens": 444, "token_count_source": "tokenizer", "diffusion_steps": null, "flops_estimate": null, "flops_arch": null, "flops_model_params": null, "flops_active_params": null, "tokens_non_final": 255, "tokens_reasoning": 0, "tokens_response": 255, "elapsed_seconds": 18.925837755203247, "judgement": "Uncategorized"}
{"id": "units_001127", "topic": "units", "subtopic": "kg_g", "prompt": "An item costs $5.63 per kg. You take 400 g. About how much is that?", "exact_value": 2.25, "model": "tiiuae/Falcon-H1-7B-Instruct", "provider": "transformers", "response": "альными расчетами путем округления до ближайшего целого числа процентов взята масацияируемого продукта относительно полной масацииируемой единицы согласно стоимости согласно стоимости согласно стоимости согласно стоимости согласно стоимости согласно стоимости согласно стоимости согласно стоимости согласно стоимости согласно стоимости согласно стоимости согласно стоимости согласно стоимости согласно стоимости согласно стоимости согласно стоимости согласно стоимости согласно стоимости согласно стоимости согласно стоимости согласно стоимости согласно стоимости согласно стоимости согласно стоимости согласно стоимости согласно стоимости согласно стоимости согласно стоимости согласно стоимости согласно стоимости согласно стоимости согласно стоимости согласно стоимости согласно стоимости согласно стоимости согласно стоимости согласно стоимости согласно стоимости согласно стоимости согласно стоимости согласно стоимости согласно стоимости согласно стоимости согласно стоимости согласно стоимости согласно стоимости согласно стоимости согласно стоимости согласно стоимости согласно стоимости согласно стоимости согласно стоимости согласно стоимости согласно стоимости согласно стоимости согласно стоимости согласно стоимости согласно стоимости согласно стоимости согласно стоимости согласно стоимости согласно стоимости согласно стоимости согласно стоимости согласно стоимости согласно стоимости согласно стоимости согласно стоимости согласно стоимости согласно стоимости согласно стоимости согласно стоимости согласно стоимости согласно стоимости согласно стоимости согласно стоимости согласно стоимости согласно стоимости согласно стоимости согласно стоимости согласно стоимости согласно стоимости согласно стоимости согласно стоимости согласно стоимости согласно стоимости согласно стоимости согласно стоимости согласно стоимости согласно стоимости согласно стоимости согласно стоимости согласно стоимости согласно стоимости согласно стоимости согласно стоимости согласно стоимости согласно стоимости согласно стоимости согласно стоимости согласно стоимости согласно стоимости согласно стоимости согласно стоимости согласно стоимости согласно стоимости согласно стоимости согласно стоимости согласно стоимости согласно стоимости согласно стоимости согласно стоимости согласно стоимости согласно", "numeric_answer": null, "relative_error": null, "thinking_text": null, "has_tool_call": false, "tool_call": null, "usage": {"prompt_tokens": 187, "completion_tokens": 256, "total_tokens": 443, "token_count_source": "tokenizer"}, "decoding": {"temperature": 0.2, "top_p": null, "top_k": null, "max_tokens": 256, "seed": 42}, "prompt_tokens": 187, "completion_tokens": 256, "total_tokens": 443, "token_count_source": "tokenizer", "diffusion_steps": null, "flops_estimate": null, "flops_arch": null, "flops_model_params": null, "flops_active_params": null, "tokens_non_final": 243, "tokens_reasoning": 0, "tokens_response": 243, "elapsed_seconds": 18.405521154403687, "judgement": "Uncategorized"}
{"id": "units_001147", "topic": "units", "subtopic": "lb_oz", "prompt": "You buy 0.86 lb at $7.70 per lb. About how much is that total?", "exact_value": 6.62, "model": "tiiuae/Falcon-H1-7B-Instruct", "provider": "transformers", "response": "альными расчетами путем округления до ближайшего целого числа получаем примерно следующее значение процентов процентов процентов процентов процентов процентов процентов процентов процентов процентов процентов процентов процентов процентов процентов процентов процентов процентов процентов процентов процентов процентов процентов процентов процентов процентов процентов процентов процентов процентов процентов процентов процентов процентов процентов процентов процентов процентов процентов процентов процентов процентов процентов процентов процентов процентов процентов процентов процентов процентов процентов процентов процентов процентов процентов процентов процентов процентов процентов процентов процентов процентов процентов процентов процентов процентов процентов процентов процентов процентов процентов процентов процентов процентов процентов процентов процентов процентов процентов процентов процентов процентов процентов процентов процентов процентов процентов процентов процентов процентов процентов процентов процентов процентов процентов процентов процентов процентов процентов процентов процентов процентов процентов процентов процентов процентов процентов процентов процентов процентов процентов процентов процентов процентов процентов процентов процентов процентов процентов процентов процентов процентов процентов процентов процентов процентов процентов процентов процентов процентов процентов процентов процентов процентов процентов процентов процентов процентов процентов процентов процентов процентов процентов процентов процентов процентов процентов процентов процентов процентов процентов процентов процентов процентов процентов процентов процентов процентов процентов процентов процентов процентов процентов процентов процентов процентов процентов процентов процентов процентов процентов процентов процентов процентов процентов процентов процентов процентов процентов процентов процентов процентов процентов процентов процентов процентов процентов процентов процентов процентов процентов процентов процентов процентов процентов процентов процентов процентов процентов процентов процентов процентов процентов процентов процентов процентов процентов процентов процентов процентов процентов процентов процентов процентов процентов процентов процентов процентов процентов процентов процентов процентов процентов процентов процентов процентов процентов процентов процентов процентов процентов процентов процентов процентов процентов процентов процентов", "numeric_answer": null, "relative_error": null, "thinking_text": null, "has_tool_call": false, "tool_call": null, "usage": {"prompt_tokens": 186, "completion_tokens": 256, "total_tokens": 442, "token_count_source": "tokenizer"}, "decoding": {"temperature": 0.2, "top_p": null, "top_k": null, "max_tokens": 256, "seed": 42}, "prompt_tokens": 186, "completion_tokens": 256, "total_tokens": 442, "token_count_source": "tokenizer", "diffusion_steps": null, "flops_estimate": null, "flops_arch": null, "flops_model_params": null, "flops_active_params": null, "tokens_non_final": 249, "tokens_reasoning": 0, "tokens_response": 249, "elapsed_seconds": 18.612431049346924, "judgement": "Uncategorized"}
{"id": "units_001167", "topic": "units", "subtopic": "kg_g", "prompt": "An item costs $5.90 per kg. You take 400 g. About how much is that?", "exact_value": 2.36, "model": "tiiuae/Falcon-H1-7B-Instruct", "provider": "transformers", "response": "альными расчетами путем округления до ближайшего целого числа процентов взята масацияируемого продукта относительно общего веса согласно стоимости за кгируем согласно условию задачиируем согласно стоимости за кгируем согласно условию задачиируем согласно стоимости за кгируем согласно условиюации согласно условию согласно условию согласно условию согласно условию согласно условию согласно условию согласно условию согласно условию согласно условию согласно условию согласно условию согласно условию согласно условию согласно условию согласно условию согласно условию согласно условию согласно условию согласно условию согласно условию согласно условию согласно условию согласно условию согласно условию согласно условию согласно условию согласно условию согласно условию согласно условию согласно условию согласно условию согласно условию согласно условию согласно условию согласно условию согласно условию согласно условию согласно условию согласно условию согласно условию согласно условию согласно условию согласно условию согласно условию согласно условию согласно условию согласно условию согласно условию согласно условию согласно условию согласно условию согласно условию согласно условию согласно условию согласно условию согласно условию согласно условию согласно условию согласно условию согласно условию согласно условию согласно условию согласно условию согласно условию согласно условию согласно условию согласно условию согласно", "numeric_answer": null, "relative_error": null, "thinking_text": null, "has_tool_call": false, "tool_call": null, "usage": {"prompt_tokens": 187, "completion_tokens": 256, "total_tokens": 443, "token_count_source": "tokenizer"}, "decoding": {"temperature": 0.2, "top_p": null, "top_k": null, "max_tokens": 256, "seed": 42}, "prompt_tokens": 187, "completion_tokens": 256, "total_tokens": 443, "token_count_source": "tokenizer", "diffusion_steps": null, "flops_estimate": null, "flops_arch": null, "flops_model_params": null, "flops_active_params": null, "tokens_non_final": 170, "tokens_reasoning": 0, "tokens_response": 170, "elapsed_seconds": 18.957154273986816, "judgement": "Uncategorized"}
{"id": "units_001187", "topic": "units", "subtopic": "lb_oz", "prompt": "You buy 3.21 lb at $10.48 per lb. About how much is that total?", "exact_value": 33.64, "model": "tiiuae/Falcon-H1-7B-Instruct", "provider": "transformers", "response": "альными расчетами путем округления до человечески понятных чисел получаются примерно следующие значения согласно заданию насколько могу судировать насколько могу судировать насколько могу судировать насколько могу судировать насколько могу судировать насколько могу судировать насколько могу судировать насколько могу насколько могу насколько могу насколько могу насколько могу насколько могу насколько могу насколько могу насколько могу насколько могу насколько могу насколько могу насколько могу насколько могу насколько могу насколько могу насколько могу насколько могу насколько могу насколько могу насколько могу насколько могу насколько могу насколько могу насколько могу насколько могу насколько могу насколько могу насколько могу насколько могу насколько могу насколько могу насколько могу насколько могу насколько могу насколько могу насколько могу насколько могу насколько могу насколько могу насколько могу насколько могу насколько могу насколько могу насколько могу насколько могу насколько могу насколько могу насколько могу насколько могу насколько могу насколько могу насколько могу насколько могу насколько могу насколько могу насколько могу насколько могу насколько могу насколько могу насколько могу насколько могу насколько могу насколько могу насколько могу насколько могу насколько могу насколько могу насколько могу насколько могу насколько могу насколько могу насколько могу насколько могу насколько могу насколько могу насколько могу насколько могу насколько могу насколько могу насколько могу насколько могу насколько могу насколько могу насколько могу насколько могу насколько могу насколько могу насколько могу насколько могу насколько могу насколько могу насколько могу насколько могу насколько могу насколько могу насколько могу насколько могу насколько могу насколько могу насколько могу насколько", "numeric_answer": null, "relative_error": null, "thinking_text": null, "has_tool_call": false, "tool_call": null, "usage": {"prompt_tokens": 187, "completion_tokens": 256, "total_tokens": 443, "token_count_source": "tokenizer"}, "decoding": {"temperature": 0.2, "top_p": null, "top_k": null, "max_tokens": 256, "seed": 42}, "prompt_tokens": 187, "completion_tokens": 256, "total_tokens": 443, "token_count_source": "tokenizer", "diffusion_steps": null, "flops_estimate": null, "flops_arch": null, "flops_model_params": null, "flops_active_params": null, "tokens_non_final": 238, "tokens_reasoning": 0, "tokens_response": 238, "elapsed_seconds": 19.015613555908203, "judgement": "Uncategorized"}
{"id": "units_001207", "topic": "units", "subtopic": "lb_oz", "prompt": "You buy 1.97 lb at $9.55 per lb. About how much is that total?", "exact_value": 18.81, "model": "tiiuae/Falcon-H1-7B-Instruct", "provider": "transformers", "response": "альными расчетами путем округления до более человеческих чисел получаем примерно следующее значение процентов процентов процентов процентов процентов процентов процентов процентов процентов процентов процентов процентов процентов процентов процентов процентов процентов процентов процентов процентов процентов процентов процентов процентов процентов процентов процентов процентов процентов процентов процентов процентов процентов процентов процентов процентов процентов процентов процентов процентов процентов процентов процентов процентов процентов процентов процентов процентов процентов процентов процентов процентов процентов процентов процентов процентов процентов процентов процентов процентов процентов процентов процентов процентов процентов процентов процентов процентов процентов процентов процентов процентов процентов процентов процентов процентов процентов процентов процентов процентов процентов процентов процентов процентов процентов процентов процентов процентов процентов процентов процентов процентов процентов процентов процентов процентов процентов процентов процентов процентов процентов процентов процентов процентов процентов процентов процентов процентов процентов процентов процентов процентов процентов процентов процентов процентов процентов процентов процентов процентов процентов процентов процентов процентов процентов процентов процентов процентов процентов процентов процентов процентов процентов процентов процентов процентов процентов процентов процентов процентов процентов процентов процентов процентов процентов процентов процентов процентов процентов процентов процентов процентов процентов процентов процентов процентов процентов процентов процентов процентов процентов процентов процентов процентов процентов процентов процентов процентов процентов процентов процентов процентов процентов процентов процентов процентов процентов процентов процентов процентов процентов процентов процентов процентов процентов процентов процентов процентов процентов процентов процентов процентов процентов процентов процентов процентов процентов процентов процентов процентов процентов процентов процентов процентов процентов процентов процентов процентов процентов процентов процентов процентов процентов процентов процентов процентов процентов процентов процентов процентов процентов процентов процентов процентов процентов процентов процентов процентов процентов процентов процентов процентов процентов процентов процентов процентов процентов", "numeric_answer": null, "relative_error": null, "thinking_text": null, "has_tool_call": false, "tool_call": null, "usage": {"prompt_tokens": 186, "completion_tokens": 256, "total_tokens": 442, "token_count_source": "tokenizer"}, "decoding": {"temperature": 0.2, "top_p": null, "top_k": null, "max_tokens": 256, "seed": 42}, "prompt_tokens": 186, "completion_tokens": 256, "total_tokens": 442, "token_count_source": "tokenizer", "diffusion_steps": null, "flops_estimate": null, "flops_arch": null, "flops_model_params": null, "flops_active_params": null, "tokens_non_final": 249, "tokens_reasoning": 0, "tokens_response": 249, "elapsed_seconds": 18.633881330490112, "judgement": "Uncategorized"}
{"id": "units_001227", "topic": "units", "subtopic": "lb_oz", "prompt": "You buy 5.24 lb at $7.66 per lb. About how much is that total?", "exact_value": 40.14, "model": "tiiuae/Falcon-H1-7B-Instruct", "provider": "transformers", "response": "альными расчетами путем округления до человечески воспринимаемых чисел получаем примерно следующее значениеируемое выражение насколько это возможно путем округления процентов насколько это возможно насколько это возможно насколько насколько насколько насколько насколько насколько насколько насколько насколько насколько насколько насколько насколько насколько насколько насколько насколько насколько насколько насколько насколько насколько насколько насколько насколько насколько насколько насколько насколько насколько насколько насколько насколько насколько насколько насколько насколько насколько насколько насколько насколько насколько насколько насколько насколько насколько насколько насколько насколько насколько насколько насколько насколько насколько насколько насколько насколько насколько насколько насколько насколько насколько насколько насколько насколько насколько насколько насколько насколько насколько насколько насколько насколько насколько насколько насколько насколько насколько насколько насколько насколько насколько насколько насколько насколько насколько насколько насколько насколько насколько насколько насколько насколько насколько насколько насколько насколько насколько насколько насколько насколько насколько насколько насколько насколько насколько насколько насколько насколько насколько насколько насколько насколько насколько насколько насколько насколько насколько насколько насколько насколько насколько насколько насколько насколько насколько насколько насколько насколько насколько насколько насколько насколько насколько насколько насколько насколько насколько насколько насколько насколько насколько насколько насколько насколько насколько насколько насколько насколько насколько насколько насколько насколько насколько насколько насколько насколько насколько насколько насколько насколько насколько насколько насколько насколько насколько насколько насколько насколько насколько насколько насколько насколько насколько насколько насколько насколько насколько насколько насколько насколько насколько насколько насколько насколько насколько насколько насколько насколько насколько насколько насколько насколько насколько насколько насколько насколько насколько насколько насколько насколько насколько насколько насколько насколько насколько насколько насколько насколько насколько насколько насколько насколько насколько насколько насколько насколько", "numeric_answer": null, "relative_error": null, "thinking_text": null, "has_tool_call": false, "tool_call": null, "usage": {"prompt_tokens": 186, "completion_tokens": 256, "total_tokens": 442, "token_count_source": "tokenizer"}, "decoding": {"temperature": 0.2, "top_p": null, "top_k": null, "max_tokens": 256, "seed": 42}, "prompt_tokens": 186, "completion_tokens": 256, "total_tokens": 442, "token_count_source": "tokenizer", "diffusion_steps": null, "flops_estimate": null, "flops_arch": null, "flops_model_params": null, "flops_active_params": null, "tokens_non_final": 242, "tokens_reasoning": 0, "tokens_response": 242, "elapsed_seconds": 18.64271306991577, "judgement": "Uncategorized"}
{"id": "units_001247", "topic": "units", "subtopic": "kg_g", "prompt": "An item costs $5.89 per kg. You take 750 g. About how much is that?", "exact_value": 4.42, "model": "tiiuae/Falcon-H1-7B-Instruct", "provider": "transformers", "response": "альными расчетами вместо точных процентов процентов процентов процентов процентов процентов процентов процентов процентов процентов процентов процентов процентов процентов процентов процентов процентов процентов процентов процентов процентов процентов процентов процентов процентов процентов процентов процентов процентов процентов процентов процентов процентов процентов процентов процентов процентов процентов процентов процентов процентов процентов процентов процентов процентов процентов процентов процентов процентов процентов процентов процентов процентов процентов процентов процентов процентов процентов процентов процентов процентов процентов процентов процентов процентов процентов процентов процентов процентов процентов процентов процентов процентов процентов процентов процентов процентов процентов процентов процентов процентов процентов процентов процентов процентов процентов процентов процентов процентов процентов процентов процентов процентов процентов процентов процентов процентов процентов процентов процентов процентов процентов процентов процентов процентов процентов процентов процентов процентов процентов процентов процентов процентов процентов процентов процентов процентов процентов процентов процентов процентов процентов процентов процентов процентов процентов процентов процентов процентов процентов процентов процентов процентов процентов процентов процентов процентов процентов процентов процентов процентов процентов процентов процентов процентов процентов процентов процентов процентов процентов процентов процентов процентов процентов процентов процентов процентов процентов процентов процентов процентов процентов процентов процентов процентов процентов процентов процентов процентов процентов процентов процентов процентов процентов процентов процентов процентов процентов процентов процентов процентов процентов процентов процентов процентов процентов процентов процентов процентов процентов процентов процентов процентов процентов процентов процентов процентов процентов процентов процентов процентов процентов процентов процентов процентов процентов процентов процентов процентов процентов процентов процентов процентов процентов процентов процентов процентов процентов процентов процентов процентов процентов процентов процентов процентов процентов процентов процентов процентов процентов процентов процентов процентов процентов процентов процентов процентов процентов процентов процентов процентов процентов процентов процентов процентов процентов процентов процентов процентов процентов", "numeric_answer": null, "relative_error": null, "thinking_text": null, "has_tool_call": false, "tool_call": null, "usage": {"prompt_tokens": 187, "completion_tokens": 256, "total_tokens": 443, "token_count_source": "tokenizer"}, "decoding": {"temperature": 0.2, "top_p": null, "top_k": null, "max_tokens": 256, "seed": 42}, "prompt_tokens": 187, "completion_tokens": 256, "total_tokens": 443, "token_count_source": "tokenizer", "diffusion_steps": null, "flops_estimate": null, "flops_arch": null, "flops_model_params": null, "flops_active_params": null, "tokens_non_final": 254, "tokens_reasoning": 0, "tokens_response": 254, "elapsed_seconds": 18.75453233718872, "judgement": "Uncategorized"}
{"id": "units_001267", "topic": "units", "subtopic": "kg_g", "prompt": "An item costs $17.87 per kg. You take 250 g. About how much is that?", "exact_value": 4.47, "model": "tiiuae/Falcon-H1-7B-Instruct", "provider": "transformers", "response": "альными расчетами насколько возможно упростим задаются исходя из условий задачи насколько возможно насколько угодно насколько угодно насколько угодно насколько угодно насколько угодно насколько угодно насколько угодно насколько угодно насколько угодно насколько угодно насколько угодно насколько угодно насколько угодно насколько угодно насколько угодно насколько угодно насколько угодно насколько угодно насколько угодно насколько угодно насколько угодно насколько угодно насколько угодно насколько угодно насколько угодно насколько угодно насколько угодно насколько угодно насколько угодно насколько угодно насколько угодно насколько угодно насколько угодно насколько угодно насколько угодно насколько угодно насколько угодно насколько угодно насколько угодно насколько угодно насколько угодно насколько угодно насколько угодно насколько угодно насколько угодно насколько угодно насколько угодно насколько угодно насколько угодно насколько угодно насколько угодно насколько угодно насколько угодально насколько угодально насколько угодально насколько угодально насколько угодально насколько угодально насколько угодально насколько угодально насколько угодально насколько угодально насколько угодально насколько угодально насколько угодально насколько угодально насколько угодально насколько угодально насколько угодально насколько угодально насколько угодально насколько угодально насколько угодально насколько угодально насколько угодально насколько угодально насколько угодально насколько угодально насколько угодально насколько угод", "numeric_answer": null, "relative_error": null, "thinking_text": null, "has_tool_call": false, "tool_call": null, "usage": {"prompt_tokens": 188, "completion_tokens": 256, "total_tokens": 444, "token_count_source": "tokenizer"}, "decoding": {"temperature": 0.2, "top_p": null, "top_k": null, "max_tokens": 256, "seed": 42}, "prompt_tokens": 188, "completion_tokens": 256, "total_tokens": 444, "token_count_source": "tokenizer", "diffusion_steps": null, "flops_estimate": null, "flops_arch": null, "flops_model_params": null, "flops_active_params": null, "tokens_non_final": 172, "tokens_reasoning": 0, "tokens_response": 172, "elapsed_seconds": 18.90046238899231, "judgement": "Uncategorized"}
{"id": "units_001287", "topic": "units", "subtopic": "kg_g", "prompt": "An item costs $6.27 per kg. You take 350 g. About how much is that?", "exact_value": 2.19, "model": "tiiuae/Falcon-H1-7B-Instruct", "provider": "transformers", "response": "ацииация насколько насколько насколько насколько насколько насколько насколько насколько насколько насколько насколько насколько насколько насколько насколько насколько насколько насколько насколько насколько насколько насколько насколько насколько насколько насколько насколько насколько насколько насколько насколько насколько насколько насколько насколько насколько насколько насколько насколько насколько насколько насколько насколько насколько насколько насколько насколько насколько насколько насколько насколько насколько насколько насколько насколько насколько насколько насколько насколько насколько насколько насколько насколько насколько насколько насколько насколько насколько насколько насколько насколько насколько насколько насколько насколько насколько насколько насколько насколько насколько насколько насколько насколько насколько насколько насколько насколько насколько насколько насколько насколько насколько насколько насколько насколько насколько насколько насколько насколько насколько насколько насколько насколько насколько насколько насколько насколько насколько насколько насколько насколько насколько насколько насколько насколько насколько насколько насколько насколько насколько насколько насколько насколько насколько насколько насколько насколько насколько насколько насколько насколько насколько насколько насколько насколько насколько насколько насколько насколько насколько насколько насколько насколько насколько насколько насколько насколько насколько насколько насколько насколько насколько насколько насколько насколько насколько насколько насколько насколько насколько насколько насколько насколько насколько насколько насколько насколько насколько насколько насколько насколько насколько насколько насколько насколько насколько насколько насколько насколько насколько насколько насколько насколько насколько насколько насколько насколько насколько насколько насколько насколько насколько насколько насколько насколько насколько насколько насколько насколько насколько насколько насколько насколько насколько насколько насколько насколько насколько насколько насколько насколько насколько насколько насколько насколько насколько насколько насколько насколько насколько насколько насколько насколько насколько насколько насколько насколько насколько насколько насколько насколько насколько насколько насколько насколько насколько насколько насколько насколько насколько насколько насколько насколько насколько насколько насколько насколько насколько насколько насколько насколько насколько насколько насколько", "numeric_answer": null, "relative_error": null, "thinking_text": null, "has_tool_call": false, "tool_call": null, "usage": {"prompt_tokens": 187, "completion_tokens": 256, "total_tokens": 443, "token_count_source": "tokenizer"}, "decoding": {"temperature": 0.2, "top_p": null, "top_k": null, "max_tokens": 256, "seed": 42}, "prompt_tokens": 187, "completion_tokens": 256, "total_tokens": 443, "token_count_source": "tokenizer", "diffusion_steps": null, "flops_estimate": null, "flops_arch": null, "flops_model_params": null, "flops_active_params": null, "tokens_non_final": 255, "tokens_reasoning": 0, "tokens_response": 255, "elapsed_seconds": 18.481568813323975, "judgement": "Uncategorized"}
{"id": "units_001307", "topic": "units", "subtopic": "lb_oz", "prompt": "You buy 5.85 lb at $4.79 per lb. About how much is that total?", "exact_value": 28.02, "model": "tiiuae/Falcon-H1-7B-Instruct", "provider": "transformers", "response": "альными расчетами путем округления до целых процентов стоимости и веса получаем примерноальное значение процентовацииируемого веса согласно стоимости согласно процентовацииируемому весу согласно стоимости согласно процентовацииируемому весацииируемому весацииируемому весацииируемому весацииируемому весацииируемому весацииируемому процентовацииируемому процентовацииируемому процентовацииируемому процентовацииируемому процентовацииируемому процентовацииируемому процентовацииируемому процентовацииируемому процентовацииируемому процентовацииируемому процентовацииируемому процентовацииируемому процентовацииируемому процентовацииируемому процентовацииируемому процентовацииируемому процентовацииируемому процентовацииируемому процентовацииируемому процентовацииируемому процентовацииируемому процентовацииируемому процентовацииируемому процентовацииируемому процентовацииируемому процентовацииируемому процентовацииируемому процентовацииируемому процентовацииируемому процентовацииируемому процентовацииируемому процентовацииируемому процентовацииируемому процентовацииируемому процентовацииируемому процентовацииируемому процентовацииируемому процентовацииируемому процентовацииируемому процентовацииируемому процентовацииируемому процентовацииируемому процентовацииируемому процентовацииируемому процентовацииируемому процентовацииируемому процентовацииируемому процентовации", "numeric_answer": null, "relative_error": null, "thinking_text": null, "has_tool_call": false, "tool_call": null, "usage": {"prompt_tokens": 186, "completion_tokens": 256, "total_tokens": 442, "token_count_source": "tokenizer"}, "decoding": {"temperature": 0.2, "top_p": null, "top_k": null, "max_tokens": 256, "seed": 42}, "prompt_tokens": 186, "completion_tokens": 256, "total_tokens": 442, "token_count_source": "tokenizer", "diffusion_steps": null, "flops_estimate": null, "flops_arch": null, "flops_model_params": null, "flops_active_params": null, "tokens_non_final": 78, "tokens_reasoning": 0, "tokens_response": 78, "elapsed_seconds": 18.511606216430664, "judgement": "Uncategorized"}
{"id": "units_001327", "topic": "units", "subtopic": "lb_oz", "prompt": "You buy 3.55 lb at $11.49 per lb. About how much is that total?", "exact_value": 40.79, "model": "tiiuae/Falcon-H1-7B-Instruct", "provider": "transformers", "response": "альными расчетами путем округления до целых чисел получаем примерно следующее значение процентов процентов процентов процентов процентов процентов процентов процентов процентов процентов процентов процентов процентов процентов процентов процентов процентов процентов процентов процентов процентов процентов процентов процентов процентов процентов процентов процентов процентов процентов процентов процентов процентов процентов процентов процентов процентов процентов процентов процентов процентов процентов процентов процентов процентов процентов процентов процентов процентов процентов процентов процентов процентов процентов процентов процентов процентов процентов процентов процентов процентов процентов процентов процентов процентов процентов процентов процентов процентов процентов процентов процентов процентов процентов процентов процентов процентов процентов процентов процентов процентов процентов процентов процентов процентов процентов процентов процентов процентов процентов процентов процентов процентов процентов процентов процентов процентов процентов процентов процентов процентов процентов процентов процентов процентов процентов процентов процентов процентов процентов процентов процентов процентов процентов процентов процентов процентов процентов процентов процентов процентов процентов процентов процентов процентов процентов процентов процентов процентов процентов процентов процентов процентов процентов процентов процентов процентов процентов процентов процентов процентов процентов процентов процентов процентов процентов процентов процентов процентов процентов процентов процентов процентов процентов процентов процентов процентов процентов процентов процентов процентов процентов процентов процентов процентов процентов процентов процентов процентов процентов процентов процентов процентов процентов процентов процентов процентов процентов процентов процентов процентов процентов процентов процентов процентов процентов процентов процентов процентов процентов процентов процентов процентов процентов процентов процентов процентов процентов процентов процентов процентов процентов процентов процентов процентов процентов процентов процентов процентов процентов процентов процентов процентов процентов процентов процентов процентов процентов процентов процентов процентов процентов процентов процентов процентов процентов процентов процентов процентов процентов процентов процентов процентов процентов процентов процентов процентов процентов", "numeric_answer": null, "relative_error": null, "thinking_text": null, "has_tool_call": false, "tool_call": null, "usage": {"prompt_tokens": 187, "completion_tokens": 256, "total_tokens": 443, "token_count_source": "tokenizer"}, "decoding": {"temperature": 0.2, "top_p": null, "top_k": null, "max_tokens": 256, "seed": 42}, "prompt_tokens": 187, "completion_tokens": 256, "total_tokens": 443, "token_count_source": "tokenizer", "diffusion_steps": null, "flops_estimate": null, "flops_arch": null, "flops_model_params": null, "flops_active_params": null, "tokens_non_final": 249, "tokens_reasoning": 0, "tokens_response": 249, "elapsed_seconds": 18.701099157333374, "judgement": "Uncategorized"}
{"id": "tips_000127", "topic": "tips", "subtopic": "tips_service", "prompt": "Bill is $61.32; service fee 0% and tip 22%. About how much do you pay in total?", "exact_value": 74.81, "model": "tiiuae/Falcon-H1-7B-Instruct", "provider": "transformers", "response": "�альное значение", "numeric_answer": null, "relative_error": null, "thinking_text": null, "has_tool_call": false, "tool_call": null, "usage": {"prompt_tokens": 191, "completion_tokens": 4, "total_tokens": 195, "token_count_source": "tokenizer"}, "decoding": {"temperature": 0.2, "top_p": null, "top_k": null, "max_tokens": 256, "seed": 42}, "prompt_tokens": 191, "completion_tokens": 4, "total_tokens": 195, "token_count_source": "tokenizer", "diffusion_steps": null, "flops_estimate": null, "flops_arch": null, "flops_model_params": null, "flops_active_params": null, "tokens_non_final": 2, "tokens_reasoning": 0, "tokens_response": 2, "elapsed_seconds": 0.34119296073913574, "judgement": "Uncategorized"}
{"id": "tips_000147", "topic": "tips", "subtopic": "tips_service", "prompt": "Bill is $28.37; service fee 3% and tip 15%. About how much do you pay in total?", "exact_value": 33.6, "model": "tiiuae/Falcon-H1-7B-Instruct", "provider": "transformers", "response": "альнымиальнымиальнымиальнымиальнымиальнымиальнымиальнымиальнымиальнымиальнымиальнымиальнымиальнымиальнымиальнымиальнымиальнымиальнымиальнымиальнымиальнымиальнымиальнымиальнымиальнымиальнымиальнымиальнымиальнымиальнымиальнымиальнымиальнымиальнымиальнымиальнымиальнымиальнымиальнымиальнымиальнымиальнымиальнымиальнымиальнымиальнымиальнымиальнымиальнымиальнымиальнымиальнымиальнымиальнымиальнымиальнымиальнымиальнымиальнымиальнымиальнымиальнымиальнымиальнымиальнымиальнымиальнымиальнымиальнымиальнымиальнымиальнымиальнымиальнымиальнымиальнымиальнымиальнымиальнымиальнымиальнымиальнымиальнымиальнымиальнымиальнымиальнымиальнымиальнымиальнымиальнымиальнымиальнымиальнымиальнымиальнымиальнымиальнымиальнымиальнымиальнымиальнымиальнымиальнымиальнымиальнымиальнымиальнымиальнымиальнымиальнымиальнымиальнымиальнымиальнымиальнымиальнымиальнымиальнымиальнымиальнымиальнымиальнымиальнымиальнымиальнымиальнымиальнымиальнымиальнымиальнымиальнымиальнымиальнымиальнымиальнымиальнымиальнымиальнымиальнымиальнымиальнымиальнымиальнымиальнымиальнымиальнымиальнымиальнымиальнымиальнымиальнымиальнымиальнымиальнымиальнымиальнымиальнымиальнымиальнымиальнымиальнымиальнымиальнымиальнымиальнымиальнымиальнымиальнымиальнымиальнымиальнымиальнымиальнымиальнымиальнымиальнымиальнымиальнымиальнымиальнымиальнымиальнымиальнымиальнымиальнымиальнымиальнымиальнымиальнымиальнымиальнымиальнымиальнымиальнымиальнымиальнымиальнымиальнымиальнымиальнымиальнымиальнымиальнымиальнымиальнымиальнымиальнымиальнымиальнымиальнымиальнымиальнымиальнымиальнымиальнымиальнымиальнымиальнымиальнымиальнымиальнымиальнымиальнымиальнымиальнымиальнымиальнымиальнымиальнымиальнымиальнымиальнымиальнымиальнымиальнымиальнымиальнымиальнымиальнымиальнымиальнымиальнымиальнымиальнымиальнымиальнымиальнымиальнымиальнымиальнымиальнымиальнымиальнымиальными", "numeric_answer": null, "relative_error": null, "thinking_text": null, "has_tool_call": false, "tool_call": null, "usage": {"prompt_tokens": 191, "completion_tokens": 256, "total_tokens": 447, "token_count_source": "tokenizer"}, "decoding": {"temperature": 0.2, "top_p": null, "top_k": null, "max_tokens": 256, "seed": 42}, "prompt_tokens": 191, "completion_tokens": 256, "total_tokens": 447, "token_count_source": "tokenizer", "diffusion_steps": null, "flops_estimate": null, "flops_arch": null, "flops_model_params": null, "flops_active_params": null, "tokens_non_final": 1, "tokens_reasoning": 0, "tokens_response": 1, "elapsed_seconds": 18.80496120452881, "judgement": "Uncategorized"}
{"id": "tips_000167", "topic": "tips", "subtopic": "tips_service", "prompt": "Bill is $104.95; service fee 3% and tip 22%. About how much do you pay in total?", "exact_value": 131.88, "model": "tiiuae/Falcon-H1-7B-Instruct", "provider": "transformers", "response": "�альное решение вместо точных вычислений согласно правилам приведено нижетически говоря насколько примерно насколько процентов процентов процентов процентов процентов процентов процентов процентов процентов процентов процентов процентов процентов процентов процентов процентов процентов процентов процентов процентов процентов процентов процентов процентов процентов процентов процентов процентов процентов процентов процентов процентов процентов процентов процентов процентов процентов процентов процентов процентов процентов процентов процентов процентов процентов процентов процентов процентов процентов процентов процентов процентов процентов процентов процентов процентов процентов процентов процентов процентов процентов процентов процентов процентов процентов процентов процентов процентов процентов процентов процентов процентов процентов процентов процентов процентов процентов процентов процентов процентов процентов процентов процентов процентов процентов процентов процентов процентов процентов процентов процентов процентов процентов процентов процентов процентов процентов процентов процентов процентов процентов процентов процентов процентов процентов процентов процентов процентов процентов процентов процентов процентов процентов процентов процентов процентов процентов процентов процентов процентов процентов процентов процентов процентов процентов процентов процентов процентов процентов процентов процентов процентов процентов процентов процентов процентов процентов процентов процентов процентов процентов процентов процентов процентов процентов процентов процентов процентов процентов процентов процентов процентов процентов процентов процентов процентов процентов процентов процентов процентов процентов процентов процентов процентов процентов процентов процентов процентов процентов процентов процентов процентов процентов процентов процентов процентов процентов процентов процентов процентов процентов процентов процентов процентов процентов процентов процентов процентов процентов процентов процентов процентов процентов процентов процентов процентов процентов процентов процентов процентов процентов процентов процентов процентов процентов процентов процентов процентов процентов процентов процентов процентов процентов процентов процентов процентов процентов процентов процентов процентов процентов процентов процентов процентов процентов процентов процентов процентов процентов процентов процентов процентов процентов процентов процентов процентов", "numeric_answer": null, "relative_error": null, "thinking_text": null, "has_tool_call": false, "tool_call": null, "usage": {"prompt_tokens": 192, "completion_tokens": 256, "total_tokens": 448, "token_count_source": "tokenizer"}, "decoding": {"temperature": 0.2, "top_p": null, "top_k": null, "max_tokens": 256, "seed": 42}, "prompt_tokens": 192, "completion_tokens": 256, "total_tokens": 448, "token_count_source": "tokenizer", "diffusion_steps": null, "flops_estimate": null, "flops_arch": null, "flops_model_params": null, "flops_active_params": null, "tokens_non_final": 249, "tokens_reasoning": 0, "tokens_response": 249, "elapsed_seconds": 19.070717096328735, "judgement": "Uncategorized"}
{"id": "tips_000187", "topic": "tips", "subtopic": "tips_service", "prompt": "Bill is $21.63; service fee 5% and tip 18%. About how much do you pay in total?", "exact_value": 26.8, "model": "tiiuae/Falcon-H1-7B-Instruct", "provider": "transformers", "response": "ацииация процентов и общего счета согласно правилам задачи насколько возможно упростим расчеты путем округления процентов до процентов процентов процентов процентов процентов процентов процентов процентов процентов процентов процентов процентов процентов процентов процентов процентов процентов процентов процентов процентов процентов процентов процентов процентов процентов процентов процентов процентов процентов процентов процентов процентов процентов процентов процентов процентов процентов процентов процентов процентов процентов процентов процентов процентов процентов процентов процентов процентов процентов процентов процентов процентов процентов процентов процентов процентов процентов процентов процентов процентов процентов процентов процентов процентов процентов процентов процентов процентов процентов процентов процентов процентов процентов процентов процентов процентов процентов процентов процентов процентов процентов процентов процентов процентов процентов процентов процентов процентов процентов процентов процентов процентов процентов процентов процентов процентов процентов процентов процентов процентов процентов процентов процентов процентов процентов процентов процентов процентов процентов процентов процентов процентов процентов процентов процентов процентов процентов процентов процентов процентов процентов процентов процентов процентов процентов процентов процентов процентов процентов процентов процентов процентов процентов процентов процентов процентов процентов процентов процентов процентов процентов процентов процентов процентов процентов процентов процентов процентов процентов процентов процентов процентов процентов процентов процентов процентов процентов процентов процентов процентов процентов процентов процентов процентов процентов процентов процентов процентов процентов процентов процентов процентов процентов процентов процентов процентов процентов процентов процентов процентов процентов процентов процентов процентов процентов процентов процентов процентов процентов процентов процентов процентов процентов процентов процентов процентов процентов процентов процентов процентов процентов процентов процентов процентов процентов процентов процентов процентов процентов процентов процентов процентов процентов процентов процентов процентов процентов процентов процентов процентов процентов процентов процентов процентов процентов процентов процентов процентов процентов процентов процентов процентов процентов", "numeric_answer": null, "relative_error": null, "thinking_text": null, "has_tool_call": false, "tool_call": null, "usage": {"prompt_tokens": 191, "completion_tokens": 256, "total_tokens": 447, "token_count_source": "tokenizer"}, "decoding": {"temperature": 0.2, "top_p": null, "top_k": null, "max_tokens": 256, "seed": 42}, "prompt_tokens": 191, "completion_tokens": 256, "total_tokens": 447, "token_count_source": "tokenizer", "diffusion_steps": null, "flops_estimate": null, "flops_arch": null, "flops_model_params": null, "flops_active_params": null, "tokens_non_final": 249, "tokens_reasoning": 0, "tokens_response": 249, "elapsed_seconds": 18.8469557762146, "judgement": "Uncategorized"}
{"id": "tips_000207", "topic": "tips", "subtopic": "tips_service", "prompt": "Bill is $33.06; service fee 0% and tip 18%. About how much do you pay in total?", "exact_value": 39.01, "model": "tiiuae/Falcon-H1-7B-Instruct", "provider": "transformers", "response": "альными расчетами согласно правилам насколько возможно приблизительно определяем итоговую сумму оплаты согласно приведенным данным насколько возможно насколько возможно насколько возможно насколько возможно насколько возможно насколько возможно насколько возможно насколько возможно насколько возможно насколько возможно насколько возможно насколько возможно насколько возможно насколько возможно насколько возможно насколько возможно насколько возможно насколько возможно насколько возможно насколько возможно насколько возможно насколько возможно насколько возможно насколько возможно насколько возможно насколько возможно насколько возможно насколько возможно насколько возможно насколько возможно насколько возможно насколько возможно насколько возможно насколько возможно насколько возможно насколько возможно насколько возможно насколько возможно насколько возможно насколько возможно насколько возможно насколько возможно насколько возможно насколько возможно насколько возможно насколько возможно насколько возможно насколько возможно насколько возможно насколько возможно насколько возможно насколько возможно насколько возможно насколько возможно насколько возможно насколько возможно насколько возможно насколько возможно насколько возможно насколько возможно насколько возможно насколько возможно насколько возможно насколько возможно насколько возможно насколько возможно насколько возможно насколько возможно насколько возможно насколько возможно насколько возможно насколько возможно насколько возможно насколько возможно насколько возможно насколько возможно насколько возможно насколько возможно насколько возможно насколько возможно насколько возможно насколько возможно насколько возможно насколько возможно насколько возможно насколько возможно насколько возможно насколько возможно насколько возможно насколько возможно насколько возможно насколько возможно насколько возможно насколько возможно насколько возможно насколько возможно насколько возможно насколько возможно насколько возможно насколько возможно насколько возможно насколько возможно насколько возможно насколько возможно насколько возможно насколько возможно насколько возможно насколько возможно насколько возможно насколько возможно насколько возможно насколько возможно насколько возможно насколько возможно насколько возможно насколько возможно насколько возможно", "numeric_answer": null, "relative_error": null, "thinking_text": null, "has_tool_call": false, "tool_call": null, "usage": {"prompt_tokens": 191, "completion_tokens": 256, "total_tokens": 447, "token_count_source": "tokenizer"}, "decoding": {"temperature": 0.2, "top_p": null, "top_k": null, "max_tokens": 256, "seed": 42}, "prompt_tokens": 191, "completion_tokens": 256, "total_tokens": 447, "token_count_source": "tokenizer", "diffusion_steps": null, "flops_estimate": null, "flops_arch": null, "flops_model_params": null, "flops_active_params": null, "tokens_non_final": 248, "tokens_reasoning": 0, "tokens_response": 248, "elapsed_seconds": 18.6041259765625, "judgement": "Uncategorized"}
{"id": "tips_000227", "topic": "tips", "subtopic": "tips_service", "prompt": "Bill is $72.70; service fee 3% and tip 22%. About how much do you pay in total?", "exact_value": 91.35, "model": "tiiuae/Falcon-H1-7B-Instruct", "provider": "transformers", "response": "ацииация процентов процентов процентов процентов процентов процентов процентов процентов процентов процентов процентов процентов процентов процентов процентов процентов процентов процентов процентов процентов процентов процентов процентов процентов процентов процентов процентов процентов процентов процентов процентов процентов процентов процентов процентов процентов процентов процентов процентов процентов процентов процентов процентов процентов процентов процентов процентов процентов процентов процентов процентов процентов процентов процентов процентов процентов процентов процентов процентов процентов процентов процентов процентов процентов процентов процентов процентов процентов процентов процентов процентов процентов процентов процентов процентов процентов процентов процентов процентов процентов процентов процентов процентов процентов процентов процентов процентов процентов процентов процентов процентов процентов процентов процентов процентов процентов процентов процентов процентов процентов процентов процентов процентов процентов процентов процентов процентов процентов процентов процентов процентов процентов процентов процентов процентов процентов процентов процентов процентов процентов процентов процентов процентов процентов процентов процентов процентов процентов процентов процентов процентов процентов процентов процентов процентов процентов процентов процентов процентов процентов процентов процентов процентов процентов процентов процентов процентов процентов процентов процентов процентов процентов процентов процентов процентов процентов процентов процентов процентов процентов процентов процентов процентов процентов процентов процентов процентов процентов процентов процентов процентов процентов процентов процентов процентов процентов процентов процентов процентов процентов процентов процентов процентов процентов процентов процентов процентов процентов процентов процентов процентов процентов процентов процентов процентов процентов процентов процентов процентов процентов процентов процентов процентов процентов процентов процентов процентов процентов процентов процентов процентов процентов процентов процентов процентов процентов процентов процентов процентов процентов процентов процентов процентов процентов процентов процентов процентов процентов процентов процентов процентов процентов процентов процентов процентов процентов процентов процентов процентов процентов процентов процентов процентов процентов процентов процентов процентов процентов процентов процентов процентов процентов процентов процентов", "numeric_answer": null, "relative_error": null, "thinking_text": null, "has_tool_call": false, "tool_call": null, "usage": {"prompt_tokens": 191, "completion_tokens": 256, "total_tokens": 447, "token_count_source": "tokenizer"}, "decoding": {"temperature": 0.2, "top_p": null, "top_k": null, "max_tokens": 256, "seed": 42}, "prompt_tokens": 191, "completion_tokens": 256, "total_tokens": 447, "token_count_source": "tokenizer", "diffusion_steps": null, "flops_estimate": null, "flops_arch": null, "flops_model_params": null, "flops_active_params": null, "tokens_non_final": 255, "tokens_reasoning": 0, "tokens_response": 255, "elapsed_seconds": 18.83391499519348, "judgement": "Uncategorized"}
{"id": "tips_000247", "topic": "tips", "subtopic": "tips_service", "prompt": "Bill is $79.43; service fee 0% and tip 22%. About how much do you pay in total?", "exact_value": 96.9, "model": "tiiuae/Falcon-H1-7B-Instruct", "provider": "transformers", "response": "альнымиальнымиальнымиальнымиальнымиальнымиальнымиальнымиальнымиальнымиальнымиальнымиальнымиальнымиальнымиальнымиальнымиальнымиальнымиальнымиальнымиальнымиальнымиальнымиальнымиальнымиальнымиальнымиальнымиальнымиальнымиальнымиальнымиальнымиальнымиальнымиальнымиальнымиальнымиальнымиальнымиальнымиальнымиальнымиальнымиальнымиальнымиальнымиальнымиальнымиальнымиальнымиальнымиальнымиальнымиальнымиальнымиальнымиальнымиальнымиальнымиальнымиальнымиальнымиальнымиальнымиальнымиальнымиальнымиальнымиальнымиальнымиальнымиальнымиальнымиальнымиальнымиальнымиальнымиальнымиальнымиальнымиальнымиальнымиальнымиальнымиальнымиальнымиальнымиальнымиальнымиальнымиальнымиальнымиальнымиальнымиальнымиальнымиальнымиальнымиальнымиальнымиальнымиальнымиальнымиальнымиальнымиальнымиальнымиальнымиальнымиальнымиальнымиальнымиальнымиальнымиальнымиальнымиальнымиальнымиальнымиальнымиальнымиальнымиальнымиальнымиальнымиальнымиальнымиальнымиальнымиальнымиальнымиальнымиальнымиальнымиальнымиальнымиальнымиальнымиальнымиальнымиальнымиальнымиальнымиальнымиальнымиальнымиальнымиальнымиальнымиальнымиальнымиальнымиальнымиальнымиальнымиальнымиальнымиальнымиальнымиальнымиальнымиальнымиальнымиальнымиальнымиальнымиальнымиальнымиальнымиальнымиальнымиальнымиальнымиальнымиальнымиальнымиальнымиальнымиальнымиальнымиальнымиальнымиальнымиальнымиальнымиальнымиальнымиальнымиальнымиальнымиальнымиальнымиальнымиальнымиальнымиальнымиальнымиальнымиальнымиальнымиальнымиальнымиальнымиальнымиальнымиальнымиальнымиальнымиальнымиальнымиальнымиальнымиальнымиальнымиальнымиальнымиальнымиальнымиальнымиальнымиальнымиальнымиальнымиальнымиальнымиальнымиальнымиальнымиальнымиальнымиальнымиальнымиальнымиальнымиальнымиальнымиальнымиальнымиальнымиальнымиальнымиальнымиальнымиальнымиальнымиальнымиальнымиальнымиальнымиальнымиальнымиальнымиальнымиальными", "numeric_answer": null, "relative_error": null, "thinking_text": null, "has_tool_call": false, "tool_call": null, "usage": {"prompt_tokens": 191, "completion_tokens": 256, "total_tokens": 447, "token_count_source": "tokenizer"}, "decoding": {"temperature": 0.2, "top_p": null, "top_k": null, "max_tokens": 256, "seed": 42}, "prompt_tokens": 191, "completion_tokens": 256, "total_tokens": 447, "token_count_source": "tokenizer", "diffusion_steps": null, "flops_estimate": null, "flops_arch": null, "flops_model_params": null, "flops_active_params": null, "tokens_non_final": 1, "tokens_reasoning": 0, "tokens_response": 1, "elapsed_seconds": 18.82539200782776, "judgement": "Uncategorized"}
{"id": "tips_000267", "topic": "tips", "subtopic": "tips_service", "prompt": "Bill is $66.82; service fee 3% and tip 22%. About how much do you pay in total?", "exact_value": 83.97, "model": "tiiuae/Falcon-H1-7B-Instruct", "provider": "transformers", "response": "ации насколько точно можно примерно рассчитать итоговую сумму согласно приведенным условия kompensieren процентов путем округления процентов до целых процентов насколько возможно насколько точно согласно приведенным условия kompensieren процентов путем округления процентов до процентов насколько возможно насколько точно согласно приведенным условия kompensieren процентов путем процентов путем процентов путем процентов путем процентов путем процентов путем процентов путем процентов путем процентов путем процентов путем процентов путем процентов путем процентов путем процентов путем процентов путем процентов путем процентов путем процентов путем процентов путем процентов путем процентов путем процентов путем процентов путем процентов путем процентов путем процентов путем процентов путем процентов путем процентов путем процентов путем процентов путем процентов путем процентов путем процентов путем процентов путем процентов путем процентов путем процентов путем процентов путем процентов путем процентов путем процентов путем процентов путем процентов путем процентов путем процентов путем процентов путем процентов путем процентов путем процентов путем процентов путем процентов путем процентов путем процентов путем процентов путем процентов путем процентов путем процентов путем процентов путем процентов путем процентов путем процентов путем процентов путем процентов путем процентов путем процентов путем процентов путем процентов путем процентов путем процентов путем процентов путем процентов путем процентов путем процентов путем процентов путем процентов путем процентов путем процентов путем процентов путем процентов путем процентов путем процентов путем процентов путем процентов путем процентов путем процентов путем процентов путем процентов путем процентов путем процентов путем процентов путем процентов путем процентов путем процентов путем процентов путем процентов путем процентов путем процентов путем процентов путем процентов путем процентов путем процентов путем", "numeric_answer": null, "relative_error": null, "thinking_text": null, "has_tool_call": false, "tool_call": null, "usage": {"prompt_tokens": 191, "completion_tokens": 256, "total_tokens": 447, "token_count_source": "tokenizer"}, "decoding": {"temperature": 0.2, "top_p": null, "top_k": null, "max_tokens": 256, "seed": 42}, "prompt_tokens": 191, "completion_tokens": 256, "total_tokens": 447, "token_count_source": "tokenizer", "diffusion_steps": null, "flops_estimate": null, "flops_arch": null, "flops_model_params": null, "flops_active_params": null, "tokens_non_final": 245, "tokens_reasoning": 0, "tokens_response": 245, "elapsed_seconds": 18.548819303512573, "judgement": "Uncategorized"}
{"id": "tips_000287", "topic": "tips", "subtopic": "tips_service", "prompt": "Bill is $54.76; service fee 5% and tip 18%. About how much do you pay in total?", "exact_value": 67.85, "model": "tiiuae/Falcon-H1-7B-Instruct", "provider": "transformers", "response": "ациирование процентов насколько возможно насколько возможно насколько возможно насколько возможно насколько возможно насколько возможно насколько возможно насколько возможно насколько возможно насколько возможно насколько возможно насколько возможно насколько возможно насколько возможно насколько возможно насколько возможно насколько возможно насколько возможно насколько возможно насколько возможно насколько возможно насколько возможно насколько возможно насколько возможно насколько возможно насколько возможно насколько возможно насколько возможно насколько возможно насколько возможно насколько возможно насколько возможно насколько возможно насколько возможно насколько возможно насколько возможно насколько возможно насколько возможно насколько возможно насколько возможно насколько возможно насколько возможно насколько возможно насколько возможно насколько возможно насколько возможно насколько возможно насколько возможно насколько возможно насколько возможно насколько возможно насколько возможно насколько возможно насколько возможно насколько возможно насколько возможно насколько возможно насколько возможно насколько возможно насколько возможно насколько возможно насколько возможно насколько возможно насколько возможно насколько возможно насколько возможно насколько возможно насколько возможно насколько возможно насколько возможно насколько возможно насколько возможно насколько возможно насколько возможно насколько возможно насколько возможно насколько возможно насколько возможно насколько возможно насколько возможно насколько возможно насколько возможно насколько возможно насколько возможно насколько возможно насколько возможно насколько возможно насколько возможно насколько возможно насколько возможно насколько возможно насколько возможно насколько возможно насколько возможно насколько возможно насколько возможно насколько возможно насколько возможно насколько возможно насколько возможно насколько возможно насколько возможно насколько возможно насколько возможно насколько возможно насколько возможно насколько возможно насколько возможно насколько возможно насколько возможно насколько возможно насколько возможно насколько возможно насколько возможно насколько возможно насколько возможно насколько возможно насколько возможно насколько возможно насколько возможно насколько возможно насколько возможно насколько возможно насколько возможно насколько возможно насколько возможно насколько", "numeric_answer": null, "relative_error": null, "thinking_text": null, "has_tool_call": false, "tool_call": null, "usage": {"prompt_tokens": 191, "completion_tokens": 256, "total_tokens": 447, "token_count_source": "tokenizer"}, "decoding": {"temperature": 0.2, "top_p": null, "top_k": null, "max_tokens": 256, "seed": 42}, "prompt_tokens": 191, "completion_tokens": 256, "total_tokens": 447, "token_count_source": "tokenizer", "diffusion_steps": null, "flops_estimate": null, "flops_arch": null, "flops_model_params": null, "flops_active_params": null, "tokens_non_final": 255, "tokens_reasoning": 0, "tokens_response": 255, "elapsed_seconds": 18.535948991775513, "judgement": "Uncategorized"}
{"id": "tips_000307", "topic": "tips", "subtopic": "tips_service", "prompt": "Bill is $114.55; service fee 3% and tip 22%. About how much do you pay in total?", "exact_value": 143.94, "model": "tiiuae/Falcon-H1-7B-Instruct", "provider": "transformers", "response": "альнымиальнымиальнымиальнымиальнымиальнымиальнымиальнымиальнымиальнымиальнымиальнымиальнымиальнымиальнымиальнымиальнымиальнымиальнымиальнымиальнымиальнымиальнымиальнымиальнымиальнымиальнымиальнымиальнымиальнымиальнымиальнымиальнымиальнымиальнымиальнымиальнымиальнымиальнымиальнымиальнымиальнымиальнымиальнымиальнымиальнымиальнымиальнымиальнымиальнымиальнымиальнымиальнымиальнымиальнымиальнымиальнымиальнымиальнымиальнымиальнымиальнымиальнымиальнымиальнымиальнымиальнымиальнымиальнымиальнымиальнымиальнымиальнымиальнымиальнымиальнымиальнымиальнымиальнымиальнымиальнымиальнымиальнымиальнымиальнымиальнымиальнымиальнымиальнымиальнымиальнымиальнымиальнымиальнымиальнымиальнымиальнымиальнымиальнымиальнымиальнымиальнымиальнымиальнымиальнымиальнымиальнымиальнымиальнымиальнымиальнымиальнымиальнымиальнымиальнымиальнымиальнымиальнымиальнымиальнымиальнымиальнымиальнымиальнымиальнымиальнымиальнымиальнымиальнымиальнымиальнымиальнымиальнымиальнымиальнымиальнымиальнымиальнымиальнымиальнымиальнымиальнымиальнымиальнымиальнымиальнымиальнымиальнымиальнымиальнымиальнымиальнымиальнымиальнымиальнымиальнымиальнымиальнымиальнымиальнымиальнымиальнымиальнымиальнымиальнымиальнымиальнымиальнымиальнымиальнымиальнымиальнымиальнымиальнымиальнымиальнымиальнымиальнымиальнымиальнымиальнымиальнымиальнымиальнымиальнымиальнымиальнымиальнымиальнымиальнымиальнымиальнымиальнымиальнымиальнымиальнымиальнымиальнымиальнымиальнымиальнымиальнымиальнымиальнымиальнымиальнымиальнымиальнымиальнымиальнымиальнымиальнымиальнымиальнымиальнымиальнымиальнымиальнымиальнымиальнымиальнымиальнымиальнымиальнымиальнымиальнымиальнымиальнымиальнымиальнымиальнымиальнымиальнымиальнымиальнымиальнымиальнымиальнымиальнымиальнымиальнымиальнымиальнымиальнымиальнымиальнымиальнымиальнымиальнымиальнымиальнымиальнымиальнымиальнымиальнымиальными", "numeric_answer": null, "relative_error": null, "thinking_text": null, "has_tool_call": false, "tool_call": null, "usage": {"prompt_tokens": 192, "completion_tokens": 256, "total_tokens": 448, "token_count_source": "tokenizer"}, "decoding": {"temperature": 0.2, "top_p": null, "top_k": null, "max_tokens": 256, "seed": 42}, "prompt_tokens": 192, "completion_tokens": 256, "total_tokens": 448, "token_count_source": "tokenizer", "diffusion_steps": null, "flops_estimate": null, "flops_arch": null, "flops_model_params": null, "flops_active_params": null, "tokens_non_final": 1, "tokens_reasoning": 0, "tokens_response": 1, "elapsed_seconds": 18.681843519210815, "judgement": "Uncategorized"}
{"id": "tips_000327", "topic": "tips", "subtopic": "tips_service", "prompt": "Bill is $31.62; service fee 5% and tip 18%. About how much do you pay in total?", "exact_value": 39.18, "model": "tiiuae/Falcon-H1-7B-Instruct", "provider": "transformers", "response": "альнымиальнымиальнымиальнымиальнымиальнымиальнымиальнымиальнымиальнымиальнымиальнымиальнымиальнымиальнымиальнымиальнымиальнымиальнымиальнымиальнымиальнымиальнымиальнымиальнымиальнымиальнымиальнымиальнымиальнымиальнымиальнымиальнымиальнымиальнымиальнымиальнымиальнымиальнымиальнымиальнымиальнымиальнымиальнымиальнымиальнымиальнымиальнымиальнымиальнымиальнымиальнымиальнымиальнымиальнымиальнымиальнымиальнымиальнымиальнымиальнымиальнымиальнымиальнымиальнымиальнымиальнымиальнымиальнымиальнымиальнымиальнымиальнымиальнымиальнымиальнымиальнымиальнымиальнымиальнымиальнымиальнымиальнымиальнымиальнымиальнымиальнымиальнымиальнымиальнымиальнымиальнымиальнымиальнымиальнымиальнымиальнымиальнымиальнымиальнымиальнымиальнымиальнымиальнымиальнымиальнымиальнымиальнымиальнымиальнымиальнымиальнымиальнымиальнымиальнымиальнымиальнымиальнымиальнымиальнымиальнымиальнымиальнымиальнымиальнымиальнымиальнымиальнымиальнымиальнымиальнымиальнымиальнымиальнымиальнымиальнымиальнымиальнымиальнымиальнымиальнымиальнымиальнымиальнымиальнымиальнымиальнымиальнымиальнымиальнымиальнымиальнымиальнымиальнымиальнымиальнымиальнымиальнымиальнымиальнымиальнымиальнымиальнымиальнымиальнымиальнымиальнымиальнымиальнымиальнымиальнымиальнымиальнымиальнымиальнымиальнымиальнымиальнымиальнымиальнымиальнымиальнымиальнымиальнымиальнымиальнымиальнымиальнымиальнымиальнымиальнымиальнымиальнымиальнымиальнымиальнымиальнымиальнымиальнымиальнымиальнымиальнымиальнымиальнымиальнымиальнымиальнымиальнымиальнымиальнымиальнымиальнымиальнымиальнымиальнымиальнымиальнымиальнымиальнымиальнымиальнымиальнымиальнымиальнымиальнымиальнымиальнымиальнымиальнымиальнымиальнымиальнымиальнымиальнымиальнымиальнымиальнымиальнымиальнымиальнымиальнымиальнымиальнымиальнымиальнымиальнымиальнымиальнымиальнымиальнымиальнымиальнымиальнымиальнымиальнымиальными", "numeric_answer": null, "relative_error": null, "thinking_text": null, "has_tool_call": false, "tool_call": null, "usage": {"prompt_tokens": 191, "completion_tokens": 256, "total_tokens": 447, "token_count_source": "tokenizer"}, "decoding": {"temperature": 0.2, "top_p": null, "top_k": null, "max_tokens": 256, "seed": 42}, "prompt_tokens": 191, "completion_tokens": 256, "total_tokens": 447, "token_count_source": "tokenizer", "diffusion_steps": null, "flops_estimate": null, "flops_arch": null, "flops_model_params": null, "flops_active_params": null, "tokens_non_final": 1, "tokens_reasoning": 0, "tokens_response": 1, "elapsed_seconds": 18.996147632598877, "judgement": "Uncategorized"}
{"id": "tips_000347", "topic": "tips", "subtopic": "tips_service", "prompt": "Bill is $22.85; service fee 3% and tip 15%. About how much do you pay in total?", "exact_value": 27.07, "model": "tiiuae/Falcon-H1-7B-Instruct", "provider": "transformers", "response": "альнымиальнымиальнымиальнымиальнымиальнымиальнымиальнымиальнымиальнымиальнымиальнымиальнымиальнымиальнымиальнымиальнымиальнымиальнымиальнымиальнымиальнымиальнымиальнымиальнымиальнымиальнымиальнымиальнымиальнымиальнымиальнымиальнымиальнымиальнымиальнымиальнымиальнымиальнымиальнымиальнымиальнымиальнымиальнымиальнымиальнымиальнымиальнымиальнымиальнымиальнымиальнымиальнымиальнымиальнымиальнымиальнымиальнымиальнымиальнымиальнымиальнымиальнымиальнымиальнымиальнымиальнымиальнымиальнымиальнымиальнымиальнымиальнымиальнымиальнымиальнымиальнымиальнымиальнымиальнымиальнымиальнымиальнымиальнымиальнымиальнымиальнымиальнымиальнымиальнымиальнымиальнымиальнымиальнымиальнымиальнымиальнымиальнымиальнымиальнымиальнымиальнымиальнымиальнымиальнымиальнымиальнымиальнымиальнымиальнымиальнымиальнымиальнымиальнымиальнымиальнымиальнымиальнымиальнымиальнымиальнымиальнымиальнымиальнымиальнымиальнымиальнымиальнымиальнымиальнымиальнымиальнымиальнымиальнымиальнымиальнымиальнымиальнымиальнымиальнымиальнымиальнымиальнымиальнымиальнымиальнымиальнымиальнымиальнымиальнымиальнымиальнымиальнымиальнымиальнымиальнымиальнымиальнымиальнымиальнымиальнымиальнымиальнымиальнымиальнымиальнымиальнымиальнымиальнымиальнымиальнымиальнымиальнымиальнымиальнымиальнымиальнымиальнымиальнымиальнымиальнымиальнымиальнымиальнымиальнымиальнымиальнымиальнымиальнымиальнымиальнымиальнымиальнымиальнымиальнымиальнымиальнымиальнымиальнымиальнымиальнымиальнымиальнымиальнымиальнымиальнымиальнымиальнымиальнымиальнымиальнымиальнымиальнымиальнымиальнымиальнымиальнымиальнымиальнымиальнымиальнымиальнымиальнымиальнымиальнымиальнымиальнымиальнымиальнымиальнымиальнымиальнымиальнымиальнымиальнымиальнымиальнымиальнымиальнымиальнымиальнымиальнымиальнымиальнымиальнымиальнымиальнымиальнымиальнымиальнымиальнымиальнымиальнымиальнымиальнымиальными", "numeric_answer": null, "relative_error": null, "thinking_text": null, "has_tool_call": false, "tool_call": null, "usage": {"prompt_tokens": 191, "completion_tokens": 256, "total_tokens": 447, "token_count_source": "tokenizer"}, "decoding": {"temperature": 0.2, "top_p": null, "top_k": null, "max_tokens": 256, "seed": 42}, "prompt_tokens": 191, "completion_tokens": 256, "total_tokens": 447, "token_count_source": "tokenizer", "diffusion_steps": null, "flops_estimate": null, "flops_arch": null, "flops_model_params": null, "flops_active_params": null, "tokens_non_final": 1, "tokens_reasoning": 0, "tokens_response": 1, "elapsed_seconds": 18.625197172164917, "judgement": "Uncategorized"}
{"id": "tips_000367", "topic": "tips", "subtopic": "tips_service", "prompt": "Bill is $82.68; service fee 0% and tip 15%. About how much do you pay in total?", "exact_value": 95.08, "model": "tiiuae/Falcon-H1-7B-Instruct", "provider": "transformers", "response": "альнымиальнымиальнымиальнымиальнымиальнымиальнымиальнымиальнымиальнымиальнымиальнымиальнымиальнымиальнымиальнымиальнымиальнымиальнымиальнымиальнымиальнымиальнымиальнымиальнымиальнымиальнымиальнымиальнымиальнымиальнымиальнымиальнымиальнымиальнымиальнымиальнымиальнымиальнымиальнымиальнымиальнымиальнымиальнымиальнымиальнымиальнымиальнымиальнымиальнымиальнымиальнымиальнымиальнымиальнымиальнымиальнымиальнымиальнымиальнымиальнымиальнымиальнымиальнымиальнымиальнымиальнымиальнымиальнымиальнымиальнымиальнымиальнымиальнымиальнымиальнымиальнымиальнымиальнымиальнымиальнымиальнымиальнымиальнымиальнымиальнымиальнымиальнымиальнымиальнымиальнымиальнымиальнымиальнымиальнымиальнымиальнымиальнымиальнымиальнымиальнымиальнымиальнымиальнымиальнымиальнымиальнымиальнымиальнымиальнымиальнымиальнымиальнымиальнымиальнымиальнымиальнымиальнымиальнымиальнымиальнымиальнымиальнымиальнымиальнымиальнымиальнымиальнымиальнымиальнымиальнымиальнымиальнымиальнымиальнымиальнымиальнымиальнымиальнымиальнымиальнымиальнымиальнымиальнымиальнымиальнымиальнымиальнымиальнымиальнымиальнымиальнымиальнымиальнымиальнымиальнымиальнымиальнымиальнымиальнымиальнымиальнымиальнымиальнымиальнымиальнымиальнымиальнымиальнымиальнымиальнымиальнымиальнымиальнымиальнымиальнымиальнымиальнымиальнымиальнымиальнымиальнымиальнымиальнымиальнымиальнымиальнымиальнымиальнымиальнымиальнымиальнымиальнымиальнымиальнымиальнымиальнымиальнымиальнымиальнымиальнымиальнымиальнымиальнымиальнымиальнымиальнымиальнымиальнымиальнымиальнымиальнымиальнымиальнымиальнымиальнымиальнымиальнымиальнымиальнымиальнымиальнымиальнымиальнымиальнымиальнымиальнымиальнымиальнымиальнымиальнымиальнымиальнымиальнымиальнымиальнымиальнымиальнымиальнымиальнымиальнымиальнымиальнымиальнымиальнымиальнымиальнымиальнымиальнымиальнымиальнымиальнымиальнымиальнымиальнымиальными", "numeric_answer": null, "relative_error": null, "thinking_text": null, "has_tool_call": false, "tool_call": null, "usage": {"prompt_tokens": 191, "completion_tokens": 256, "total_tokens": 447, "token_count_source": "tokenizer"}, "decoding": {"temperature": 0.2, "top_p": null, "top_k": null, "max_tokens": 256, "seed": 42}, "prompt_tokens": 191, "completion_tokens": 256, "total_tokens": 447, "token_count_source": "tokenizer", "diffusion_steps": null, "flops_estimate": null, "flops_arch": null, "flops_model_params": null, "flops_active_params": null, "tokens_non_final": 1, "tokens_reasoning": 0, "tokens_response": 1, "elapsed_seconds": 18.75209617614746, "judgement": "Uncategorized"}
{"id": "tips_000387", "topic": "tips", "subtopic": "tips_service", "prompt": "Bill is $87.76; service fee 3% and tip 22%. About how much do you pay in total?", "exact_value": 110.28, "model": "tiiuae/Falcon-H1-7B-Instruct", "provider": "transformers", "response": "ацииация процентов процентов процентов процентов процентов процентов процентов процентов процентов процентов процентов процентов процентов процентов процентов процентов процентов процентов процентов процентов процентов процентов процентов процентов процентов процентов процентов процентов процентов процентов процентов процентов процентов процентов процентов процентов процентов процентов процентов процентов процентов процентов процентов процентов процентов процентов процентов процентов процентов процентов процентов процентов процентов процентов процентов процентов процентов процентов процентов процентов процентов процентов процентов процентов процентов процентов процентов процентов процентов процентов процентов процентов процентов процентов процентов процентов процентов процентов процентов процентов процентов процентов процентов процентов процентов процентов процентов процентов процентов процентов процентов процентов процентов процентов процентов процентов процентов процентов процентов процентов процентов процентов процентов процентов процентов процентов процентов процентов процентов процентов процентов процентов процентов процентов процентов процентов процентов процентов процентов процентов процентов процентов процентов процентов процентов процентов процентов процентов процентов процентов процентов процентов процентов процентов процентов процентов процентов процентов процентов процентов процентов процентов процентов процентов процентов процентов процентов процентов процентов процентов процентов процентов процентов процентов процентов процентов процентов процентов процентов процентов процентов процентов процентов процентов процентов процентов процентов процентов процентов процентов процентов процентов процентов процентов процентов процентов процентов процентов процентов процентов процентов процентов процентов процентов процентов процентов процентов процентов процентов процентов процентов процентов процентов процентов процентов процентов процентов процентов процентов процентов процентов процентов процентов процентов процентов процентов процентов процентов процентов процентов процентов процентов процентов процентов процентов процентов процентов процентов процентов процентов процентов процентов процентов процентов процентов процентов процентов процентов процентов процентов процентов процентов процентов процентов процентов процентов процентов процентов процентов процентов процентов процентов процентов процентов процентов процентов процентов процентов процентов процентов процентов процентов процентов процентов", "numeric_answer": null, "relative_error": null, "thinking_text": null, "has_tool_call": false, "tool_call": null, "usage": {"prompt_tokens": 191, "completion_tokens": 256, "total_tokens": 447, "token_count_source": "tokenizer"}, "decoding": {"temperature": 0.2, "top_p": null, "top_k": null, "max_tokens": 256, "seed": 42}, "prompt_tokens": 191, "completion_tokens": 256, "total_tokens": 447, "token_count_source": "tokenizer", "diffusion_steps": null, "flops_estimate": null, "flops_arch": null, "flops_model_params": null, "flops_active_params": null, "tokens_non_final": 255, "tokens_reasoning": 0, "tokens_response": 255, "elapsed_seconds": 18.784163236618042, "judgement": "Uncategorized"}
{"id": "tips_000407", "topic": "tips", "subtopic": "tips_service", "prompt": "Bill is $81.00; service fee 3% and tip 20%. About how much do you pay in total?", "exact_value": 100.12, "model": "tiiuae/Falcon-H1-7B-Instruct", "provider": "transformers", "response": "ацииация процентов относительно исходной суммы процентов согласно процентов согласно процентов согласно процентов согласно процентов согласно процентов согласно процентов согласно процентов согласно процентов согласно процентов согласно процентов согласно процентов согласно процентов согласно процентов согласно процентов согласно процентов согласно процентов согласно процентов согласно процентов согласно процентов согласно процентов согласно процентов согласно процентов согласно процентов согласно процентов согласно процентов согласно процентов согласно процентов согласно процентов согласно процентов согласно процентов согласно процентов согласно процентов согласно процентов согласно процентов согласно процентов согласно процентов согласно процентов согласно процентов согласно процентов согласно процентов согласно процентов согласно процентов согласно процентов согласно процентов согласно процентов согласно процентов согласно процентов согласно процентов согласно процентов согласно процентов согласно процентов согласно процентов согласно процентов согласно процентов согласно процентов согласно процентов согласно процентов согласно процентов согласно процентов согласно процентов согласно процентов согласно процентов согласно процентов согласно процентов согласно процентов согласно процентов согласно процентов согласно процентов согласно процентов согласно процентов согласно процентов согласно процентов согласно процентов согласно процентов согласно процентов согласно процентов согласно процентов согласно процентов согласно процентов согласно процентов согласно процентов согласно процентов согласно процентов согласно процентов согласно процентов согласно процентов согласно процентов согласно процентов согласно процентов согласно процентов согласно процентов согласно процентов согласно процентов согласно процентов согласно процентов согласно процентов согласно процентов согласно процентов согласно процентов согласно процентов согласно процентов согласно процентов согласно процентов согласно процентов согласно процентов согласно процентов согласно процентов согласно процентов согласно процентов согласно процентов согласно процентов согласно процентов согласно процентов согласно процентов согласно процентов согласно процентов согласно процентов согласно процентов согласно процентов согласно процентов согласно процентов согласно процентов согласно процентов согласно процентов", "numeric_answer": null, "relative_error": null, "thinking_text": null, "has_tool_call": false, "tool_call": null, "usage": {"prompt_tokens": 191, "completion_tokens": 256, "total_tokens": 447, "token_count_source": "tokenizer"}, "decoding": {"temperature": 0.2, "top_p": null, "top_k": null, "max_tokens": 256, "seed": 42}, "prompt_tokens": 191, "completion_tokens": 256, "total_tokens": 447, "token_count_source": "tokenizer", "diffusion_steps": null, "flops_estimate": null, "flops_arch": null, "flops_model_params": null, "flops_active_params": null, "tokens_non_final": 254, "tokens_reasoning": 0, "tokens_response": 254, "elapsed_seconds": 18.67552089691162, "judgement": "Uncategorized"}
{"id": "tips_000427", "topic": "tips", "subtopic": "tips_service", "prompt": "Bill is $99.26; service fee 0% and tip 22%. About how much do you pay in total?", "exact_value": 121.1, "model": "tiiuae/Falcon-H1-7B-Instruct", "provider": "transformers", "response": "альными расчетами согласно правилам насколько возможно приблизительно рассчитаем итоговую сумму платежа согласно приведенным данным насколько возможно насколько возможно насколько возможно насколько возможно насколько возможно насколько возможно насколько возможно насколько возможно насколько возможно насколько возможно насколько возможно насколько возможно насколько возможно насколько возможно насколько возможно насколько возможно насколько возможно насколько возможно насколько возможно насколько возможно насколько возможно насколько возможно насколько возможно насколько возможно насколько возможно насколько возможно насколько возможно насколько возможно насколько возможно насколько возможно насколько возможно насколько возможно насколько возможно насколько возможно насколько возможно насколько возможно насколько возможно насколько возможно насколько возможно насколько возможно насколько возможно насколько возможно насколько возможно насколько возможно насколько возможно насколько возможно насколько возможно насколько возможно насколько возможно насколько возможно насколько возможно насколько возможно насколько возможно насколько возможно насколько возможно насколько возможно насколько возможно насколько возможно насколько возможно насколько возможно насколько возможно насколько возможно насколько возможно насколько возможно насколько возможно насколько возможно насколько возможно насколько возможно насколько возможно насколько возможно насколько возможно насколько возможно насколько возможно насколько возможно насколько возможно насколько возможно насколько возможно насколько возможно насколько возможно насколько возможно насколько возможно насколько возможно насколько возможно насколько возможно насколько возможно насколько возможно насколько возможно насколько возможно насколько возможно насколько возможно насколько возможно насколько возможно насколько возможно насколько возможно насколько возможно насколько возможно насколько возможно насколько возможно насколько возможно насколько возможно насколько возможно насколько возможно насколько возможно насколько возможно насколько возможно насколько возможно насколько возможно насколько возможно насколько возможно насколько возможно насколько возможно насколько возможно насколько возможно насколько возможно насколько возможно насколько возможно насколько возможно", "numeric_answer": null, "relative_error": null, "thinking_text": null, "has_tool_call": false, "tool_call": null, "usage": {"prompt_tokens": 191, "completion_tokens": 256, "total_tokens": 447, "token_count_source": "tokenizer"}, "decoding": {"temperature": 0.2, "top_p": null, "top_k": null, "max_tokens": 256, "seed": 42}, "prompt_tokens": 191, "completion_tokens": 256, "total_tokens": 447, "token_count_source": "tokenizer", "diffusion_steps": null, "flops_estimate": null, "flops_arch": null, "flops_model_params": null, "flops_active_params": null, "tokens_non_final": 248, "tokens_reasoning": 0, "tokens_response": 248, "elapsed_seconds": 18.5853853225708, "judgement": "Uncategorized"}
{"id": "tips_000447", "topic": "tips", "subtopic": "tips_service", "prompt": "Bill is $13.43; service fee 3% and tip 18%. About how much do you pay in total?", "exact_value": 16.32, "model": "tiiuae/Falcon-H1-7B-Instruct", "provider": "transformers", "response": "альнымиальнымиальнымиальнымиальнымиальнымиальнымиальнымиальнымиальнымиальнымиальнымиальнымиальнымиальнымиальнымиальнымиальнымиальнымиальнымиальнымиальнымиальнымиальнымиальнымиальнымиальнымиальнымиальнымиальнымиальнымиальнымиальнымиальнымиальнымиальнымиальнымиальнымиальнымиальнымиальнымиальнымиальнымиальнымиальнымиальнымиальнымиальнымиальнымиальнымиальнымиальнымиальнымиальнымиальнымиальнымиальнымиальнымиальнымиальнымиальнымиальнымиальнымиальнымиальнымиальнымиальнымиальнымиальнымиальнымиальнымиальнымиальнымиальнымиальнымиальнымиальнымиальнымиальнымиальнымиальнымиальнымиальнымиальнымиальнымиальнымиальнымиальнымиальнымиальнымиальнымиальнымиальнымиальнымиальнымиальнымиальнымиальнымиальнымиальнымиальнымиальнымиальнымиальнымиальнымиальнымиальнымиальнымиальнымиальнымиальнымиальнымиальнымиальнымиальнымиальнымиальнымиальнымиальнымиальнымиальнымиальнымиальнымиальнымиальнымиальнымиальнымиальнымиальнымиальнымиальнымиальнымиальнымиальнымиальнымиальнымиальнымиальнымиальнымиальнымиальнымиальнымиальнымиальнымиальнымиальнымиальнымиальнымиальнымиальнымиальнымиальнымиальнымиальнымиальнымиальнымиальнымиальнымиальнымиальнымиальнымиальнымиальнымиальнымиальнымиальнымиальнымиальнымиальнымиальнымиальнымиальнымиальнымиальнымиальнымиальнымиальнымиальнымиальнымиальнымиальнымиальнымиальнымиальнымиальнымиальнымиальнымиальнымиальнымиальнымиальнымиальнымиальнымиальнымиальнымиальнымиальнымиальнымиальнымиальнымиальнымиальнымиальнымиальнымиальнымиальнымиальнымиальнымиальнымиальнымиальнымиальнымиальнымиальнымиальнымиальнымиальнымиальнымиальнымиальнымиальнымиальнымиальнымиальнымиальнымиальнымиальнымиальнымиальнымиальнымиальнымиальнымиальнымиальнымиальнымиальнымиальнымиальнымиальнымиальнымиальнымиальнымиальнымиальнымиальнымиальнымиальнымиальнымиальнымиальнымиальнымиальнымиальнымиальнымиальнымиальными", "numeric_answer": null, "relative_error": null, "thinking_text": null, "has_tool_call": false, "tool_call": null, "usage": {"prompt_tokens": 191, "completion_tokens": 256, "total_tokens": 447, "token_count_source": "tokenizer"}, "decoding": {"temperature": 0.2, "top_p": null, "top_k": null, "max_tokens": 256, "seed": 42}, "prompt_tokens": 191, "completion_tokens": 256, "total_tokens": 447, "token_count_source": "tokenizer", "diffusion_steps": null, "flops_estimate": null, "flops_arch": null, "flops_model_params": null, "flops_active_params": null, "tokens_non_final": 1, "tokens_reasoning": 0, "tokens_response": 1, "elapsed_seconds": 18.971150398254395, "judgement": "Uncategorized"}
{"id": "tips_000467", "topic": "tips", "subtopic": "tips_service", "prompt": "Bill is $47.68; service fee 5% and tip 22%. About how much do you pay in total?", "exact_value": 61.08, "model": "tiiuae/Falcon-H1-7B-Instruct", "provider": "transformers", "response": "альнымиальнымиальнымиальнымиальнымиальнымиальнымиальнымиальнымиальнымиальнымиальнымиальнымиальнымиальнымиальнымиальнымиальнымиальнымиальнымиальнымиальнымиальнымиальнымиальнымиальнымиальнымиальнымиальнымиальнымиальнымиальнымиальнымиальнымиальнымиальнымиальнымиальнымиальнымиальнымиальнымиальнымиальнымиальнымиальнымиальнымиальнымиальнымиальнымиальнымиальнымиальнымиальнымиальнымиальнымиальнымиальнымиальнымиальнымиальнымиальнымиальнымиальнымиальнымиальнымиальнымиальнымиальнымиальнымиальнымиальнымиальнымиальнымиальнымиальнымиальнымиальнымиальнымиальнымиальнымиальнымиальнымиальнымиальнымиальнымиальнымиальнымиальнымиальнымиальнымиальнымиальнымиальнымиальнымиальнымиальнымиальнымиальнымиальнымиальнымиальнымиальнымиальнымиальнымиальнымиальнымиальнымиальнымиальнымиальнымиальнымиальнымиальнымиальнымиальнымиальнымиальнымиальнымиальнымиальнымиальнымиальнымиальнымиальнымиальнымиальнымиальнымиальнымиальнымиальнымиальнымиальнымиальнымиальнымиальнымиальнымиальнымиальнымиальнымиальнымиальнымиальнымиальнымиальнымиальнымиальнымиальнымиальнымиальнымиальнымиальнымиальнымиальнымиальнымиальнымиальнымиальнымиальнымиальнымиальнымиальнымиальнымиальнымиальнымиальнымиальнымиальнымиальнымиальнымиальнымиальнымиальнымиальнымиальнымиальнымиальнымиальнымиальнымиальнымиальнымиальнымиальнымиальнымиальнымиальнымиальнымиальнымиальнымиальнымиальнымиальнымиальнымиальнымиальнымиальнымиальнымиальнымиальнымиальнымиальнымиальнымиальнымиальнымиальнымиальнымиальнымиальнымиальнымиальнымиальнымиальнымиальнымиальнымиальнымиальнымиальнымиальнымиальнымиальнымиальнымиальнымиальнымиальнымиальнымиальнымиальнымиальнымиальнымиальнымиальнымиальнымиальнымиальнымиальнымиальнымиальнымиальнымиальнымиальнымиальнымиальнымиальнымиальнымиальнымиальнымиальнымиальнымиальнымиальнымиальнымиальнымиальнымиальнымиальнымиальнымиальными", "numeric_answer": null, "relative_error": null, "thinking_text": null, "has_tool_call": false, "tool_call": null, "usage": {"prompt_tokens": 191, "completion_tokens": 256, "total_tokens": 447, "token_count_source": "tokenizer"}, "decoding": {"temperature": 0.2, "top_p": null, "top_k": null, "max_tokens": 256, "seed": 42}, "prompt_tokens": 191, "completion_tokens": 256, "total_tokens": 447, "token_count_source": "tokenizer", "diffusion_steps": null, "flops_estimate": null, "flops_arch": null, "flops_model_params": null, "flops_active_params": null, "tokens_non_final": 1, "tokens_reasoning": 0, "tokens_response": 1, "elapsed_seconds": 18.96691608428955, "judgement": "Uncategorized"}
{"id": "tips_000487", "topic": "tips", "subtopic": "tips_service", "prompt": "Bill is $84.77; service fee 0% and tip 22%. About how much do you pay in total?", "exact_value": 103.42, "model": "tiiuae/Falcon-H1-7B-Instruct", "provider": "transformers", "response": "альными расчетами согласно правилам насколько возможно приблизительно рассчитаем итоговую сумму оплаты согласно приведенным данным насколько возможно насколько возможно насколько возможно насколько возможно насколько возможно насколько возможно насколько возможно насколько возможно насколько возможно насколько возможно насколько возможно насколько возможно насколько возможно насколько возможно насколько возможно насколько возможно насколько возможно насколько возможно насколько возможно насколько возможно насколько возможно насколько возможно насколько возможно насколько возможно насколько возможно насколько возможно насколько возможно насколько возможно насколько возможно насколько возможно насколько возможно насколько возможно насколько возможно насколько возможно насколько возможно насколько возможно насколько возможно насколько возможно насколько возможно насколько возможно насколько возможно насколько возможно насколько возможно насколько возможно насколько возможно насколько возможно насколько возможно насколько возможно насколько возможно насколько возможно насколько возможно насколько возможно насколько возможно насколько возможно насколько возможно насколько возможно насколько возможно насколько возможно насколько возможно насколько возможно насколько возможно насколько возможно насколько возможно насколько возможно насколько возможно насколько возможно насколько возможно насколько возможно насколько возможно насколько возможно насколько возможно насколько возможно насколько возможно насколько возможно насколько возможно насколько возможно насколько возможно насколько возможно насколько возможно насколько возможно насколько возможно насколько возможно насколько возможно насколько возможно насколько возможно насколько возможно насколько возможно насколько возможно насколько возможно насколько возможно насколько возможно насколько возможно насколько возможно насколько возможно насколько возможно насколько возможно насколько возможно насколько возможно насколько возможно насколько возможно насколько возможно насколько возможно насколько возможно насколько возможно насколько возможно насколько возможно насколько возможно насколько возможно насколько возможно насколько возможно насколько возможно насколько возможно насколько возможно насколько возможно насколько возможно насколько возможно насколько возможно", "numeric_answer": null, "relative_error": null, "thinking_text": null, "has_tool_call": false, "tool_call": null, "usage": {"prompt_tokens": 191, "completion_tokens": 256, "total_tokens": 447, "token_count_source": "tokenizer"}, "decoding": {"temperature": 0.2, "top_p": null, "top_k": null, "max_tokens": 256, "seed": 42}, "prompt_tokens": 191, "completion_tokens": 256, "total_tokens": 447, "token_count_source": "tokenizer", "diffusion_steps": null, "flops_estimate": null, "flops_arch": null, "flops_model_params": null, "flops_active_params": null, "tokens_non_final": 248, "tokens_reasoning": 0, "tokens_response": 248, "elapsed_seconds": 18.832825422286987, "judgement": "Uncategorized"}
{"id": "tips_000507", "topic": "tips", "subtopic": "tips_service", "prompt": "Bill is $71.65; service fee 5% and tip 22%. About how much do you pay in total?", "exact_value": 91.78, "model": "tiiuae/Falcon-H1-7B-Instruct", "provider": "transformers", "response": "ацииация процентов насколько возможно быстрее насколько возможно быстрее насколько возможно быстрее насколько возможно быстрее насколько возможно быстрее насколько возможно быстрее насколько возможно быстрее насколько возможно быстрее насколько возможно быстрее насколько возможно быстрее насколько возможно быстрее насколько возможно быстрее насколько возможно быстрее насколько возможно быстрее насколько возможно быстрее насколько возможно быстрее насколько возможно быстрее насколько возможно быстрее насколько возможно быстрее насколько возможно быстрее насколько возможно быстрее насколько возможно быстрее насколько возможно быстрее насколько возможно быстрее насколько возможно быстрее насколько возможно быстрее насколько возможно быстрее насколько возможно быстрее насколько возможно быстрее насколько возможно быстрее насколько возможно быстрее насколько возможно быстрее насколько возможно быстрее насколько возможно быстрее насколько возможно быстрее насколько возможно быстрее насколько возможно быстрее насколько возможно быстрее насколько возможно быстрее насколько возможно быстрее насколько возможно быстрее насколько возможно быстрее насколько возможно быстрее насколько возможно быстрее насколько возможно быстрее насколько возможно быстрее насколько возможно быстрее насколько возможно быстрее насколько возможно быстрее насколько возможно быстрее насколько возможно быстрее насколько возможно быстрее насколько возможно быстрее насколько возможно быстрее насколько возможно быстрее насколько возможно быстрее насколько возможно быстрее насколько возможно быстрее насколько возможно быстрее насколько возможно быстрее насколько возможно быстрее насколько возможно быстрее насколько возможно быстрее насколько возможно быстрее насколько возможно быстрее насколько возможно быстрее насколько возможно быстрее насколько возможно быстрее насколько возможно быстрее насколько возможно быстрее насколько возможно быстрее насколько возможно быстрее насколько возможно быстрее насколько возможно быстрее насколько возможно быстрее насколько возможно быстрее насколько возможно быстрее насколько возможно быстрее насколько возможно быстрее насколько возможно быстрее насколько возможно быстрее насколько возможно быстрее насколько возможно быстрее насколько возможно быстрее насколько", "numeric_answer": null, "relative_error": null, "thinking_text": null, "has_tool_call": false, "tool_call": null, "usage": {"prompt_tokens": 191, "completion_tokens": 256, "total_tokens": 447, "token_count_source": "tokenizer"}, "decoding": {"temperature": 0.2, "top_p": null, "top_k": null, "max_tokens": 256, "seed": 42}, "prompt_tokens": 191, "completion_tokens": 256, "total_tokens": 447, "token_count_source": "tokenizer", "diffusion_steps": null, "flops_estimate": null, "flops_arch": null, "flops_model_params": null, "flops_active_params": null, "tokens_non_final": 255, "tokens_reasoning": 0, "tokens_response": 255, "elapsed_seconds": 18.945088148117065, "judgement": "Uncategorized"}
{"id": "tips_000527", "topic": "tips", "subtopic": "tips_service", "prompt": "Bill is $84.44; service fee 5% and tip 18%. About how much do you pay in total?", "exact_value": 104.62, "model": "tiiuae/Falcon-H1-7B-Instruct", "provider": "transformers", "response": "ацииация процентов путем округления процентов до ближайшего целого числа процентов и соответственно процентов до процентов процентов процентов процентов процентов процентов процентов процентов процентов процентов процентов процентов процентов процентов процентов процентов процентов процентов процентов процентов процентов процентов процентов процентов процентов процентов процентов процентов процентов процентов процентов процентов процентов процентов процентов процентов процентов процентов процентов процентов процентов процентов процентов процентов процентов процентов процентов процентов процентов процентов процентов процентов процентов процентов процентов процентов процентов процентов процентов процентов процентов процентов процентов процентов процентов процентов процентов процентов процентов процентов процентов процентов процентов процентов процентов процентов процентов процентов процентов процентов процентов процентов процентов процентов процентов процентов процентов процентов процентов процентов процентов процентов процентов процентов процентов процентов процентов процентов процентов процентов процентов процентов процентов процентов процентов процентов процентов процентов процентов процентов процентов процентов процентов процентов процентов процентов процентов процентов процентов процентов процентов процентов процентов процентов процентов процентов процентов процентов процентов процентов процентов процентов процентов процентов процентов процентов процентов процентов процентов процентов процентов процентов процентов процентов процентов процентов процентов процентов процентов процентов процентов процентов процентов процентов процентов процентов процентов процентов процентов процентов процентов процентов процентов процентов процентов процентов процентов процентов процентов процентов процентов процентов процентов процентов процентов процентов процентов процентов процентов процентов процентов процентов процентов процентов процентов процентов процентов процентов процентов процентов процентов процентов процентов процентов процентов процентов процентов процентов процентов процентов процентов процентов процентов процентов процентов процентов процентов процентов процентов процентов процентов процентов процентов процентов процентов процентов процентов процентов процентов процентов процентов процентов процентов процентов процентов процентов процентов процентов процентов процентов процентов процентов процентов процентов процентов процентов процентов процентов", "numeric_answer": null, "relative_error": null, "thinking_text": null, "has_tool_call": false, "tool_call": null, "usage": {"prompt_tokens": 191, "completion_tokens": 256, "total_tokens": 447, "token_count_source": "tokenizer"}, "decoding": {"temperature": 0.2, "top_p": null, "top_k": null, "max_tokens": 256, "seed": 42}, "prompt_tokens": 191, "completion_tokens": 256, "total_tokens": 447, "token_count_source": "tokenizer", "diffusion_steps": null, "flops_estimate": null, "flops_arch": null, "flops_model_params": null, "flops_active_params": null, "tokens_non_final": 252, "tokens_reasoning": 0, "tokens_response": 252, "elapsed_seconds": 18.79195213317871, "judgement": "Uncategorized"}
{"id": "tips_000547", "topic": "tips", "subtopic": "tips_service", "prompt": "Bill is $32.84; service fee 0% and tip 18%. About how much do you pay in total?", "exact_value": 38.75, "model": "tiiuae/Falcon-H1-7B-Instruct", "provider": "transformers", "response": "ацииация согласно правилам приведёт к следующему решению насколько возможно быстро насколько возможно приближенно насколько возможно насколько возможно насколько возможно насколько возможно насколько возможно насколько насколько насколько насколько насколько насколько насколько насколько насколько насколько насколько насколько насколько насколько насколько насколько насколько насколько насколько насколько насколько насколько насколько насколько насколько насколько насколько насколько насколько насколько насколько насколько насколько насколько насколько насколько насколько насколько насколько насколько насколько насколько насколько насколько насколько насколько насколько насколько насколько насколько насколько насколько насколько насколько насколько насколько насколько насколько насколько насколько насколько насколько насколько насколько насколько насколько насколько насколько насколько насколько насколько насколько насколько насколько насколько насколько насколько насколько насколько насколько насколько насколько насколько насколько насколько насколько насколько насколько насколько насколько насколько насколько насколько насколько насколько насколько насколько насколько насколько насколько насколько насколько насколько насколько насколько насколько насколько насколько насколько насколько насколько насколько насколько насколько насколько насколько насколько насколько насколько насколько насколько насколько насколько насколько насколько насколько насколько насколько насколько насколько насколько насколько насколько насколько насколько насколько насколько насколько насколько насколько насколько насколько насколько насколько насколько насколько насколько насколько насколько насколько насколько насколько насколько насколько насколько насколько насколько насколько насколько насколько насколько насколько насколько насколько насколько насколько насколько насколько насколько насколько насколько насколько насколько насколько насколько насколько насколько насколько насколько насколько насколько насколько насколько насколько насколько насколько насколько насколько насколько насколько насколько насколько насколько насколько насколько насколько насколько насколько насколько насколько насколько насколько насколько насколько насколько насколько насколько насколько насколько насколько насколько насколько насколько насколько насколько насколько насколько насколько насколько насколько насколько насколько насколько насколько насколько насколько насколько", "numeric_answer": null, "relative_error": null, "thinking_text": null, "has_tool_call": false, "tool_call": null, "usage": {"prompt_tokens": 191, "completion_tokens": 256, "total_tokens": 447, "token_count_source": "tokenizer"}, "decoding": {"temperature": 0.2, "top_p": null, "top_k": null, "max_tokens": 256, "seed": 42}, "prompt_tokens": 191, "completion_tokens": 256, "total_tokens": 447, "token_count_source": "tokenizer", "diffusion_steps": null, "flops_estimate": null, "flops_arch": null, "flops_model_params": null, "flops_active_params": null, "tokens_non_final": 250, "tokens_reasoning": 0, "tokens_response": 250, "elapsed_seconds": 18.65772581100464, "judgement": "Uncategorized"}
{"id": "tips_000567", "topic": "tips", "subtopic": "tips_service", "prompt": "Bill is $102.88; service fee 3% and tip 20%. About how much do you pay in total?", "exact_value": 127.16, "model": "tiiuae/Falcon-H1-7B-Instruct", "provider": "transformers", "response": "ацииация процентов процентов процентов процентов процентов процентов процентов процентов процентов процентов процентов процентов процентов процентов процентов процентов процентов процентов процентов процентов процентов процентов процентов процентов процентов процентов процентов процентов процентов процентов процентов процентов процентов процентов процентов процентов процентов процентов процентов процентов процентов процентов процентов процентов процентов процентов процентов процентов процентов процентов процентов процентов процентов процентов процентов процентов процентов процентов процентов процентов процентов процентов процентов процентов процентов процентов процентов процентов процентов процентов процентов процентов процентов процентов процентов процентов процентов процентов процентов процентов процентов процентов процентов процентов процентов процентов процентов процентов процентов процентов процентов процентов процентов процентов процентов процентов процентов процентов процентов процентов процентов процентов процентов процентов процентов процентов процентов процентов процентов процентов процентов процентов процентов процентов процентов процентов процентов процентов процентов процентов процентов процентов процентов процентов процентов процентов процентов процентов процентов процентов процентов процентов процентов процентов процентов процентов процентов процентов процентов процентов процентов процентов процентов процентов процентов процентов процентов процентов процентов процентов процентов процентов процентов процентов процентов процентов процентов процентов процентов процентов процентов процентов процентов процентов процентов процентов процентов процентов процентов процентов процентов процентов процентов процентов процентов процентов процентов процентов процентов процентов процентов процентов процентов процентов процентов процентов процентов процентов процентов процентов процентов процентов процентов процентов процентов процентов процентов процентов процентов процентов процентов процентов процентов процентов процентов процентов процентов процентов процентов процентов процентов процентов процентов процентов процентов процентов процентов процентов процентов процентов процентов процентов процентов процентов процентов процентов процентов процентов процентов процентов процентов процентов процентов процентов процентов процентов процентов процентов процентов процентов процентов процентов процентов процентов процентов процентов процентов процентов процентов процентов процентов процентов процентов процентов", "numeric_answer": null, "relative_error": null, "thinking_text": null, "has_tool_call": false, "tool_call": null, "usage": {"prompt_tokens": 192, "completion_tokens": 256, "total_tokens": 448, "token_count_source": "tokenizer"}, "decoding": {"temperature": 0.2, "top_p": null, "top_k": null, "max_tokens": 256, "seed": 42}, "prompt_tokens": 192, "completion_tokens": 256, "total_tokens": 448, "token_count_source": "tokenizer", "diffusion_steps": null, "flops_estimate": null, "flops_arch": null, "flops_model_params": null, "flops_active_params": null, "tokens_non_final": 255, "tokens_reasoning": 0, "tokens_response": 255, "elapsed_seconds": 18.81473660469055, "judgement": "Uncategorized"}
{"id": "tips_000587", "topic": "tips", "subtopic": "tips_service", "prompt": "Bill is $100.09; service fee 0% and tip 18%. About how much do you pay in total?", "exact_value": 118.11, "model": "tiiuae/Falcon-H1-7B-Instruct", "provider": "transformers", "response": "ацииация согласно правилам приведёт к следующему решению насколько это возможноальноальноальноальноальноальноальноальноальноальноальноальноальноальноальноальноальноальноальноальноальноальноальноальноальноальноальноальноальноальноальноальноальноальноальноальноальноальноальноальноальноальноальноальноальноальноальноальноальноальноальноальноальноальноальноальноальноальноальноальноальноальноальноальноальноальноальноальноальноальноальноальноальноальноальноальноальноальноальноальноальноальноальноальноальноальноальноальноальноальноальноальноальноальноальноальноальноальноальноальноальноальноальноальноальноальноальноальноальноальноальноальноальноальноальноальноальноальноальноальноальноальноальноальноальноальноальноальноальноальноальноальноальноальноальноальноальноальноальноальноальноальноальноальноальноальноальноальноальноальноальноальноальноальноальноальноальноальноальноальноальноальноальноальноальноальноальноальноальноальноальноальноальноальноальноальноальноальноальноальноальноальноальноальноальноальноальноальноальноальноальноальноальноальноальноальноальноальноальноальноальноальноальноальноальноальноальноальноальноальноальноальноальноальноальноальноальноальноальноальноальноальноальноальноальноальноальноальноальноальноальноальноальноальноальноальноальноальноальноальноальноально", "numeric_answer": null, "relative_error": null, "thinking_text": null, "has_tool_call": false, "tool_call": null, "usage": {"prompt_tokens": 192, "completion_tokens": 256, "total_tokens": 448, "token_count_source": "tokenizer"}, "decoding": {"temperature": 0.2, "top_p": null, "top_k": null, "max_tokens": 256, "seed": 42}, "prompt_tokens": 192, "completion_tokens": 256, "total_tokens": 448, "token_count_source": "tokenizer", "diffusion_steps": null, "flops_estimate": null, "flops_arch": null, "flops_model_params": null, "flops_active_params": null, "tokens_non_final": 10, "tokens_reasoning": 0, "tokens_response": 10, "elapsed_seconds": 18.73826241493225, "judgement": "Uncategorized"}
{"id": "tips_000607", "topic": "tips", "subtopic": "tips_service", "prompt": "Bill is $35.03; service fee 0% and tip 18%. About how much do you pay in total?", "exact_value": 41.34, "model": "tiiuae/Falcon-H1-7B-Instruct", "provider": "transformers", "response": "ацииация процентовируем процентовируем процентовируем процентовируем процентовируем процентовируем процентовируем процентовируем процентовируем процентовируем процентовируем процентовируем процентовируем процентовируем процентовируем процентовируем процентовируем процентовируем процентовируем процентовируем процентовируем процентовируем процентовируем процентовируем процентовируем процентовируем процентовируем процентовируем процентовируем процентовируем процентовируем процентовируем процентовируем процентовируем процентовируем процентовируем процентовируем процентовируем процентовируем процентовируем процентовируем процентовируем процентовируем процентовируем процентовируем процентовируем процентовируем процентовируем процентовируем процентовируем процентовируем процентовируем процентовируем процентовируем процентовируем процентовируем процентовируем процентовируем процентовируем процентовируем процентовируем процентовируем процентовируем процентовируем процентовируем процентовируем процентовируем процентовируем процентовируем процентовируем процентовируем процентовируем процентовируем процентовируем процентовируем процентовируем процентовируем процентовируем процентовируем процентовируем процентовируем процентовируем процентовируем процентовируем процентовируем процентовируем процентовируем процентовируем процентовируем процентовируем процентовируем процентовируем процентовируем процентовируем процентовируем процентовируем процентовируем процентовируем процентовируем процентовируем процентовируем процентовируем процентовируем процентовируем процентовируем процентовируем процентовируем процентовируем процентовируем процентовируем процентовируем процентовируем процентовируем процентовируем процентовируем процентовируем процентовируем процентовируем процентовируем процентовируем процентовируем процентовируем процентовируем процентовируем процентовируем процентовируем процентовируем", "numeric_answer": null, "relative_error": null, "thinking_text": null, "has_tool_call": false, "tool_call": null, "usage": {"prompt_tokens": 191, "completion_tokens": 256, "total_tokens": 447, "token_count_source": "tokenizer"}, "decoding": {"temperature": 0.2, "top_p": null, "top_k": null, "max_tokens": 256, "seed": 42}, "prompt_tokens": 191, "completion_tokens": 256, "total_tokens": 447, "token_count_source": "tokenizer", "diffusion_steps": null, "flops_estimate": null, "flops_arch": null, "flops_model_params": null, "flops_active_params": null, "tokens_non_final": 128, "tokens_reasoning": 0, "tokens_response": 128, "elapsed_seconds": 18.870787143707275, "judgement": "Uncategorized"}
{"id": "tips_000627", "topic": "tips", "subtopic": "tips_service", "prompt": "Bill is $17.92; service fee 0% and tip 20%. About how much do you pay in total?", "exact_value": 21.5, "model": "tiiuae/Falcon-H1-7B-Instruct", "provider": "transformers", "response": "ацииация согласно правилам приведёт к следующему решению насколько возможно насколько быстро насколько приблизительно насколько насколько насколько насколько насколько насколько насколько насколько насколько насколько насколько насколько насколько насколько насколько насколько насколько насколько насколько насколько насколько насколько насколько насколько насколько насколько насколько насколько насколько насколько насколько насколько насколько насколько насколько насколько насколько насколько насколько насколько насколько насколько насколько насколько насколько насколько насколько насколько насколько насколько насколько насколько насколько насколько насколько насколько насколько насколько насколько насколько насколько насколько насколько насколько насколько насколько насколько насколько насколько насколько насколько насколько насколько насколько насколько насколько насколько насколько насколько насколько насколько насколько насколько насколько насколько насколько насколько насколько насколько насколько насколько насколько насколько насколько насколько насколько насколько насколько насколько насколько насколько насколько насколько насколько насколько насколько насколько насколько насколько насколько насколько насколько насколько насколько насколько насколько насколько насколько насколько насколько насколько насколько насколько насколько насколько насколько насколько насколько насколько насколько насколько насколько насколько насколько насколько насколько насколько насколько насколько насколько насколько насколько насколько насколько насколько насколько насколько насколько насколько насколько насколько насколько насколько насколько насколько насколько насколько насколько насколько насколько насколько насколько насколько насколько насколько насколько насколько насколько насколько насколько насколько насколько насколько насколько насколько насколько насколько насколько насколько насколько насколько насколько насколько насколько насколько насколько насколько насколько насколько насколько насколько насколько насколько насколько насколько насколько насколько насколько насколько насколько насколько насколько насколько насколько насколько насколько насколько насколько насколько насколько насколько насколько насколько насколько насколько насколько насколько насколько насколько насколько насколько насколько насколько насколько насколько насколько насколько насколько насколько насколько насколько насколько насколько насколько насколько насколько насколько", "numeric_answer": null, "relative_error": null, "thinking_text": null, "has_tool_call": false, "tool_call": null, "usage": {"prompt_tokens": 191, "completion_tokens": 256, "total_tokens": 447, "token_count_source": "tokenizer"}, "decoding": {"temperature": 0.2, "top_p": null, "top_k": null, "max_tokens": 256, "seed": 42}, "prompt_tokens": 191, "completion_tokens": 256, "total_tokens": 447, "token_count_source": "tokenizer", "diffusion_steps": null, "flops_estimate": null, "flops_arch": null, "flops_model_params": null, "flops_active_params": null, "tokens_non_final": 250, "tokens_reasoning": 0, "tokens_response": 250, "elapsed_seconds": 19.11333990097046, "judgement": "Uncategorized"}
{"id": "tips_000647", "topic": "tips", "subtopic": "tips_service", "prompt": "Bill is $72.20; service fee 0% and tip 18%. About how much do you pay in total?", "exact_value": 85.2, "model": "tiiuae/Falcon-H1-7B-Instruct", "provider": "transformers", "response": "ациирование процентов насколько возможно насколько возможно насколько насколько насколько насколько насколько насколько насколько насколько насколько насколько насколько насколько насколько насколько насколько насколько насколько насколько насколько насколько насколько насколько насколько насколько насколько насколько насколько насколько насколько насколько насколько насколько насколько насколько насколько насколько насколько насколько насколько насколько насколько насколько насколько насколько насколько насколько насколько насколько насколько насколько насколько насколько насколько насколько насколько насколько насколько насколько насколько насколько насколько насколько насколько насколько насколько насколько насколько насколько насколько насколько насколько насколько насколько насколько насколько насколько насколько насколько насколько насколько насколько насколько насколько насколько насколько насколько насколько насколько насколько насколько насколько насколько насколько насколько насколько насколько насколько насколько насколько насколько насколько насколько насколько насколько насколько насколько насколько насколько насколько насколько насколько насколько насколько насколько насколько насколько насколько насколько насколько насколько насколько насколько насколько насколько насколько насколько насколько насколько насколько насколько насколько насколько насколько насколько насколько насколько насколько насколько насколько насколько насколько насколько насколько насколько насколько насколько насколько насколько насколько насколько насколько насколько насколько насколько насколько насколько насколько насколько насколько насколько насколько насколько насколько насколько насколько насколько насколько насколько насколько насколько насколько насколько насколько насколько насколько насколько насколько насколько насколько насколько насколько насколько насколько насколько насколько насколько насколько насколько насколько насколько насколько насколько насколько насколько насколько насколько насколько насколько насколько насколько насколько насколько насколько насколько насколько насколько насколько насколько насколько насколько насколько насколько насколько насколько насколько насколько насколько насколько насколько насколько насколько насколько насколько насколько насколько насколько насколько насколько насколько насколько насколько насколько насколько насколько насколько насколько насколько насколько насколько насколько насколько насколько насколько насколько насколько насколько насколько насколько насколько", "numeric_answer": null, "relative_error": null, "thinking_text": null, "has_tool_call": false, "tool_call": null, "usage": {"prompt_tokens": 191, "completion_tokens": 256, "total_tokens": 447, "token_count_source": "tokenizer"}, "decoding": {"temperature": 0.2, "top_p": null, "top_k": null, "max_tokens": 256, "seed": 42}, "prompt_tokens": 191, "completion_tokens": 256, "total_tokens": 447, "token_count_source": "tokenizer", "diffusion_steps": null, "flops_estimate": null, "flops_arch": null, "flops_model_params": null, "flops_active_params": null, "tokens_non_final": 255, "tokens_reasoning": 0, "tokens_response": 255, "elapsed_seconds": 19.069443941116333, "judgement": "Uncategorized"}
{"id": "tips_000667", "topic": "tips", "subtopic": "tips_service", "prompt": "Bill is $28.54; service fee 5% and tip 15%. About how much do you pay in total?", "exact_value": 34.46, "model": "tiiuae/Falcon-H1-7B-Instruct", "provider": "transformers", "response": "альнымиальнымиальнымиальнымиальнымиальнымиальнымиальнымиальнымиальнымиальнымиальнымиальнымиальнымиальнымиальнымиальнымиальнымиальнымиальнымиальнымиальнымиальнымиальнымиальнымиальнымиальнымиальнымиальнымиальнымиальнымиальнымиальнымиальнымиальнымиальнымиальнымиальнымиальнымиальнымиальнымиальнымиальнымиальнымиальнымиальнымиальнымиальнымиальнымиальнымиальнымиальнымиальнымиальнымиальнымиальнымиальнымиальнымиальнымиальнымиальнымиальнымиальнымиальнымиальнымиальнымиальнымиальнымиальнымиальнымиальнымиальнымиальнымиальнымиальнымиальнымиальнымиальнымиальнымиальнымиальнымиальнымиальнымиальнымиальнымиальнымиальнымиальнымиальнымиальнымиальнымиальнымиальнымиальнымиальнымиальнымиальнымиальнымиальнымиальнымиальнымиальнымиальнымиальнымиальнымиальнымиальнымиальнымиальнымиальнымиальнымиальнымиальнымиальнымиальнымиальнымиальнымиальнымиальнымиальнымиальнымиальнымиальнымиальнымиальнымиальнымиальнымиальнымиальнымиальнымиальнымиальнымиальнымиальнымиальнымиальнымиальнымиальнымиальнымиальнымиальнымиальнымиальнымиальнымиальнымиальнымиальнымиальнымиальнымиальнымиальнымиальнымиальнымиальнымиальнымиальнымиальнымиальнымиальнымиальнымиальнымиальнымиальнымиальнымиальнымиальнымиальнымиальнымиальнымиальнымиальнымиальнымиальнымиальнымиальнымиальнымиальнымиальнымиальнымиальнымиальнымиальнымиальнымиальнымиальнымиальнымиальнымиальнымиальнымиальнымиальнымиальнымиальнымиальнымиальнымиальнымиальнымиальнымиальнымиальнымиальнымиальнымиальнымиальнымиальнымиальнымиальнымиальнымиальнымиальнымиальнымиальнымиальнымиальнымиальнымиальнымиальнымиальнымиальнымиальнымиальнымиальнымиальнымиальнымиальнымиальнымиальнымиальнымиальнымиальнымиальнымиальнымиальнымиальнымиальнымиальнымиальнымиальнымиальнымиальнымиальнымиальнымиальнымиальнымиальнымиальнымиальнымиальнымиальнымиальнымиальнымиальнымиальнымиальнымиальнымиальными", "numeric_answer": null, "relative_error": null, "thinking_text": null, "has_tool_call": false, "tool_call": null, "usage": {"prompt_tokens": 191, "completion_tokens": 256, "total_tokens": 447, "token_count_source": "tokenizer"}, "decoding": {"temperature": 0.2, "top_p": null, "top_k": null, "max_tokens": 256, "seed": 42}, "prompt_tokens": 191, "completion_tokens": 256, "total_tokens": 447, "token_count_source": "tokenizer", "diffusion_steps": null, "flops_estimate": null, "flops_arch": null, "flops_model_params": null, "flops_active_params": null, "tokens_non_final": 1, "tokens_reasoning": 0, "tokens_response": 1, "elapsed_seconds": 19.34913969039917, "judgement": "Uncategorized"}
{"id": "tips_000687", "topic": "tips", "subtopic": "tips_service", "prompt": "Bill is $24.54; service fee 0% and tip 20%. About how much do you pay in total?", "exact_value": 29.45, "model": "tiiuae/Falcon-H1-7B-Instruct", "provider": "transformers", "response": "альнымиальнымиальнымиальнымиальнымиальнымиальнымиальнымиальнымиальнымиальнымиальнымиальнымиальнымиальнымиальнымиальнымиальнымиальнымиальнымиальнымиальнымиальнымиальнымиальнымиальнымиальнымиальнымиальнымиальнымиальнымиальнымиальнымиальнымиальнымиальнымиальнымиальнымиальнымиальнымиальнымиальнымиальнымиальнымиальнымиальнымиальнымиальнымиальнымиальнымиальнымиальнымиальнымиальнымиальнымиальнымиальнымиальнымиальнымиальнымиальнымиальнымиальнымиальнымиальнымиальнымиальнымиальнымиальнымиальнымиальнымиальнымиальнымиальнымиальнымиальнымиальнымиальнымиальнымиальнымиальнымиальнымиальнымиальнымиальнымиальнымиальнымиальнымиальнымиальнымиальнымиальнымиальнымиальнымиальнымиальнымиальнымиальнымиальнымиальнымиальнымиальнымиальнымиальнымиальнымиальнымиальнымиальнымиальнымиальнымиальнымиальнымиальнымиальнымиальнымиальнымиальнымиальнымиальнымиальнымиальнымиальнымиальнымиальнымиальнымиальнымиальнымиальнымиальнымиальнымиальнымиальнымиальнымиальнымиальнымиальнымиальнымиальнымиальнымиальнымиальнымиальнымиальнымиальнымиальнымиальнымиальнымиальнымиальнымиальнымиальнымиальнымиальнымиальнымиальнымиальнымиальнымиальнымиальнымиальнымиальнымиальнымиальнымиальнымиальнымиальнымиальнымиальнымиальнымиальнымиальнымиальнымиальнымиальнымиальнымиальнымиальнымиальнымиальнымиальнымиальнымиальнымиальнымиальнымиальнымиальнымиальнымиальнымиальнымиальнымиальнымиальнымиальнымиальнымиальнымиальнымиальнымиальнымиальнымиальнымиальнымиальнымиальнымиальнымиальнымиальнымиальнымиальнымиальнымиальнымиальнымиальнымиальнымиальнымиальнымиальнымиальнымиальнымиальнымиальнымиальнымиальнымиальнымиальнымиальнымиальнымиальнымиальнымиальнымиальнымиальнымиальнымиальнымиальнымиальнымиальнымиальнымиальнымиальнымиальнымиальнымиальнымиальнымиальнымиальнымиальнымиальнымиальнымиальнымиальнымиальнымиальнымиальнымиальнымиальнымиальными", "numeric_answer": null, "relative_error": null, "thinking_text": null, "has_tool_call": false, "tool_call": null, "usage": {"prompt_tokens": 191, "completion_tokens": 256, "total_tokens": 447, "token_count_source": "tokenizer"}, "decoding": {"temperature": 0.2, "top_p": null, "top_k": null, "max_tokens": 256, "seed": 42}, "prompt_tokens": 191, "completion_tokens": 256, "total_tokens": 447, "token_count_source": "tokenizer", "diffusion_steps": null, "flops_estimate": null, "flops_arch": null, "flops_model_params": null, "flops_active_params": null, "tokens_non_final": 1, "tokens_reasoning": 0, "tokens_response": 1, "elapsed_seconds": 18.77001428604126, "judgement": "Uncategorized"}
{"id": "tips_000707", "topic": "tips", "subtopic": "tips_service", "prompt": "Bill is $115.78; service fee 0% and tip 15%. About how much do you pay in total?", "exact_value": 133.15, "model": "tiiuae/Falcon-H1-7B-Instruct", "provider": "transformers", "response": "альнымиальнымиальнымиальнымиальнымиальнымиальнымиальнымиальнымиальнымиальнымиальнымиальнымиальнымиальнымиальнымиальнымиальнымиальнымиальнымиальнымиальнымиальнымиальнымиальнымиальнымиальнымиальнымиальнымиальнымиальнымиальнымиальнымиальнымиальнымиальнымиальнымиальнымиальнымиальнымиальнымиальнымиальнымиальнымиальнымиальнымиальнымиальнымиальнымиальнымиальнымиальнымиальнымиальнымиальнымиальнымиальнымиальнымиальнымиальнымиальнымиальнымиальнымиальнымиальнымиальнымиальнымиальнымиальнымиальнымиальнымиальнымиальнымиальнымиальнымиальнымиальнымиальнымиальнымиальнымиальнымиальнымиальнымиальнымиальнымиальнымиальнымиальнымиальнымиальнымиальнымиальнымиальнымиальнымиальнымиальнымиальнымиальнымиальнымиальнымиальнымиальнымиальнымиальнымиальнымиальнымиальнымиальнымиальнымиальнымиальнымиальнымиальнымиальнымиальнымиальнымиальнымиальнымиальнымиальнымиальнымиальнымиальнымиальнымиальнымиальнымиальнымиальнымиальнымиальнымиальнымиальнымиальнымиальнымиальнымиальнымиальнымиальнымиальнымиальнымиальнымиальнымиальнымиальнымиальнымиальнымиальнымиальнымиальнымиальнымиальнымиальнымиальнымиальнымиальнымиальнымиальнымиальнымиальнымиальнымиальнымиальнымиальнымиальнымиальнымиальнымиальнымиальнымиальнымиальнымиальнымиальнымиальнымиальнымиальнымиальнымиальнымиальнымиальнымиальнымиальнымиальнымиальнымиальнымиальнымиальнымиальнымиальнымиальнымиальнымиальнымиальнымиальнымиальнымиальнымиальнымиальнымиальнымиальнымиальнымиальнымиальнымиальнымиальнымиальнымиальнымиальнымиальнымиальнымиальнымиальнымиальнымиальнымиальнымиальнымиальнымиальнымиальнымиальнымиальнымиальнымиальнымиальнымиальнымиальнымиальнымиальнымиальнымиальнымиальнымиальнымиальнымиальнымиальнымиальнымиальнымиальнымиальнымиальнымиальнымиальнымиальнымиальнымиальнымиальнымиальнымиальнымиальнымиальнымиальнымиальнымиальнымиальнымиальнымиальнымиальными", "numeric_answer": null, "relative_error": null, "thinking_text": null, "has_tool_call": false, "tool_call": null, "usage": {"prompt_tokens": 192, "completion_tokens": 256, "total_tokens": 448, "token_count_source": "tokenizer"}, "decoding": {"temperature": 0.2, "top_p": null, "top_k": null, "max_tokens": 256, "seed": 42}, "prompt_tokens": 192, "completion_tokens": 256, "total_tokens": 448, "token_count_source": "tokenizer", "diffusion_steps": null, "flops_estimate": null, "flops_arch": null, "flops_model_params": null, "flops_active_params": null, "tokens_non_final": 1, "tokens_reasoning": 0, "tokens_response": 1, "elapsed_seconds": 18.596703052520752, "judgement": "Uncategorized"}
{"id": "tips_000727", "topic": "tips", "subtopic": "tips_service", "prompt": "Bill is $100.10; service fee 0% and tip 18%. About how much do you pay in total?", "exact_value": 118.12, "model": "tiiuae/Falcon-H1-7B-Instruct", "provider": "transformers", "response": "ацииация согласно правилам приведёт к следующему результации согласно правилам приведёт к следующему результации согласно правилальным согласно правилальным согласноальным согласноальным согласноальным согласноальным согласноальным согласноальным согласноальным согласноальным согласноальным согласноальным согласноальным согласноальным согласноальным согласноальным согласноальным согласноальным согласноальным согласноальным согласноальным согласноальным согласноальным согласноальным согласноальным согласноальным согласноальным согласноальным согласноальным согласноальным согласноальным согласноальным согласноальным согласноальным согласноальным согласноальным согласноальным согласноальным согласноальным согласноальным согласноальным согласноальным согласноальным согласноальным согласноальным согласноальным согласноальным согласноальным согласноальным согласноальным согласноальным согласноальным согласноальным согласноальным согласноальным согласноальным согласноальным согласноальным согласноальным согласноальным согласноальным согласноальным согласноальным согласноальным согласноальным согласноальным согласноальным согласноальным согласноальным согласноальным согласноальным согласноальным согласноальным согласноальным согласноальным согласноальным согласноальным согласноальным согласноальным согласноальным согласноальным согласноальным согласноальным согласноальным согласноальным согласноальным согласноальным согласноальным согласноальным согласноальным согласноальным согласноальным согласноальным согласноальным согласноальным согласноальным согласноальным согласноальным согласноальным согласноальным согласноальным согласноальным согласноальным согласноальным согласноальным согласноальным согласноальным согласноальным согласноальным согласноальным согласноальным согласноальным согласноальным согласноальным согласноальным согласноальным", "numeric_answer": null, "relative_error": null, "thinking_text": null, "has_tool_call": false, "tool_call": null, "usage": {"prompt_tokens": 192, "completion_tokens": 256, "total_tokens": 448, "token_count_source": "tokenizer"}, "decoding": {"temperature": 0.2, "top_p": null, "top_k": null, "max_tokens": 256, "seed": 42}, "prompt_tokens": 192, "completion_tokens": 256, "total_tokens": 448, "token_count_source": "tokenizer", "diffusion_steps": null, "flops_estimate": null, "flops_arch": null, "flops_model_params": null, "flops_active_params": null, "tokens_non_final": 131, "tokens_reasoning": 0, "tokens_response": 131, "elapsed_seconds": 18.652320861816406, "judgement": "Uncategorized"}
{"id": "tips_000747", "topic": "tips", "subtopic": "tips_service", "prompt": "Bill is $119.18; service fee 0% and tip 15%. About how much do you pay in total?", "exact_value": 137.06, "model": "tiiuae/Falcon-H1-7B-Instruct", "provider": "transformers", "response": "ацииация согласно правилам приведёт к следующему результации согласно правилам приведёт к следующему результации согласно правилальным согласноальнымальнымальнымальнымальнымальнымальнымальнымальнымальнымальнымальнымальнымальнымальнымальнымальнымальнымальнымальнымальнымальнымальнымальнымальнымальнымальнымальнымальнымальнымальнымальнымальнымальнымальнымальнымальнымальнымальнымальнымальнымальнымальнымальнымальнымальнымальнымальнымальнымальнымальнымальнымальнымальнымальнымальнымальнымальнымальнымальнымальнымальнымальнымальнымальнымальнымальнымальнымальнымальнымальнымальнымальнымальнымальнымальнымальнымальнымальнымальнымальнымальнымальнымальнымальнымальнымальнымальнымальнымальнымальнымальнымальнымальнымальнымальнымальнымальнымальнымальнымальнымальнымальнымальнымальнымальнымальнымальнымальнымальнымальнымальнымальнымальнымальнымальнымальнымальнымальнымальнымальнымальнымальнымальнымальнымальнымальнымальнымальнымальнымальнымальнымальнымальнымальнымальнымальнымальнымальнымальнымальнымальнымальнымальнымальнымальнымальнымальнымальнымальнымальнымальнымальнымальнымальнымальнымальнымальнымальнымальнымальнымальнымальнымальнымальнымальнымальнымальнымальнымальнымальнымальнымальнымальнымальнымальнымальнымальнымальнымальнымальнымальнымальнымальнымальнымальнымальнымальнымальнымальнымальнымальнымальнымальнымальнымальнымальнымальнымальнымальнымальнымальнымальнымальнымальнымальнымальнымальнымальнымальнымальнымальнымальнымальнымальнымальнымальнымальнымальнымальнымальнымальнымальнымальнымальнымальнымальнымальнымальнымальным", "numeric_answer": null, "relative_error": null, "thinking_text": null, "has_tool_call": false, "tool_call": null, "usage": {"prompt_tokens": 192, "completion_tokens": 256, "total_tokens": 448, "token_count_source": "tokenizer"}, "decoding": {"temperature": 0.2, "top_p": null, "top_k": null, "max_tokens": 256, "seed": 42}, "prompt_tokens": 192, "completion_tokens": 256, "total_tokens": 448, "token_count_source": "tokenizer", "diffusion_steps": null, "flops_estimate": null, "flops_arch": null, "flops_model_params": null, "flops_active_params": null, "tokens_non_final": 16, "tokens_reasoning": 0, "tokens_response": 16, "elapsed_seconds": 18.742158889770508, "judgement": "Uncategorized"}
{"id": "tips_000767", "topic": "tips", "subtopic": "tips_service", "prompt": "Bill is $12.91; service fee 3% and tip 18%. About how much do you pay in total?", "exact_value": 15.69, "model": "tiiuae/Falcon-H1-7B-Instruct", "provider": "transformers", "response": "альнымиальнымиальнымиальнымиальнымиальнымиальнымиальнымиальнымиальнымиальнымиальнымиальнымиальнымиальнымиальнымиальнымиальнымиальнымиальнымиальнымиальнымиальнымиальнымиальнымиальнымиальнымиальнымиальнымиальнымиальнымиальнымиальнымиальнымиальнымиальнымиальнымиальнымиальнымиальнымиальнымиальнымиальнымиальнымиальнымиальнымиальнымиальнымиальнымиальнымиальнымиальнымиальнымиальнымиальнымиальнымиальнымиальнымиальнымиальнымиальнымиальнымиальнымиальнымиальнымиальнымиальнымиальнымиальнымиальнымиальнымиальнымиальнымиальнымиальнымиальнымиальнымиальнымиальнымиальнымиальнымиальнымиальнымиальнымиальнымиальнымиальнымиальнымиальнымиальнымиальнымиальнымиальнымиальнымиальнымиальнымиальнымиальнымиальнымиальнымиальнымиальнымиальнымиальнымиальнымиальнымиальнымиальнымиальнымиальнымиальнымиальнымиальнымиальнымиальнымиальнымиальнымиальнымиальнымиальнымиальнымиальнымиальнымиальнымиальнымиальнымиальнымиальнымиальнымиальнымиальнымиальнымиальнымиальнымиальнымиальнымиальнымиальнымиальнымиальнымиальнымиальнымиальнымиальнымиальнымиальнымиальнымиальнымиальнымиальнымиальнымиальнымиальнымиальнымиальнымиальнымиальнымиальнымиальнымиальнымиальнымиальнымиальнымиальнымиальнымиальнымиальнымиальнымиальнымиальнымиальнымиальнымиальнымиальнымиальнымиальнымиальнымиальнымиальнымиальнымиальнымиальнымиальнымиальнымиальнымиальнымиальнымиальнымиальнымиальнымиальнымиальнымиальнымиальнымиальнымиальнымиальнымиальнымиальнымиальнымиальнымиальнымиальнымиальнымиальнымиальнымиальнымиальнымиальнымиальнымиальнымиальнымиальнымиальнымиальнымиальнымиальнымиальнымиальнымиальнымиальнымиальнымиальнымиальнымиальнымиальнымиальнымиальнымиальнымиальнымиальнымиальнымиальнымиальнымиальнымиальнымиальнымиальнымиальнымиальнымиальнымиальнымиальнымиальнымиальнымиальнымиальнымиальнымиальнымиальнымиальнымиальнымиальнымиальнымиальнымиальными", "numeric_answer": null, "relative_error": null, "thinking_text": null, "has_tool_call": false, "tool_call": null, "usage": {"prompt_tokens": 191, "completion_tokens": 256, "total_tokens": 447, "token_count_source": "tokenizer"}, "decoding": {"temperature": 0.2, "top_p": null, "top_k": null, "max_tokens": 256, "seed": 42}, "prompt_tokens": 191, "completion_tokens": 256, "total_tokens": 447, "token_count_source": "tokenizer", "diffusion_steps": null, "flops_estimate": null, "flops_arch": null, "flops_model_params": null, "flops_active_params": null, "tokens_non_final": 1, "tokens_reasoning": 0, "tokens_response": 1, "elapsed_seconds": 18.65146279335022, "judgement": "Uncategorized"}
{"id": "tips_000787", "topic": "tips", "subtopic": "tips_service", "prompt": "Bill is $77.28; service fee 5% and tip 22%. About how much do you pay in total?", "exact_value": 99.0, "model": "tiiuae/Falcon-H1-7B-Instruct", "provider": "transformers", "response": "альнымиальнымиальнымиальнымиальнымиальнымиальнымиальнымиальнымиальнымиальнымиальнымиальнымиальнымиальнымиальнымиальнымиальнымиальнымиальнымиальнымиальнымиальнымиальнымиальнымиальнымиальнымиальнымиальнымиальнымиальнымиальнымиальнымиальнымиальнымиальнымиальнымиальнымиальнымиальнымиальнымиальнымиальнымиальнымиальнымиальнымиальнымиальнымиальнымиальнымиальнымиальнымиальнымиальнымиальнымиальнымиальнымиальнымиальнымиальнымиальнымиальнымиальнымиальнымиальнымиальнымиальнымиальнымиальнымиальнымиальнымиальнымиальнымиальнымиальнымиальнымиальнымиальнымиальнымиальнымиальнымиальнымиальнымиальнымиальнымиальнымиальнымиальнымиальнымиальнымиальнымиальнымиальнымиальнымиальнымиальнымиальнымиальнымиальнымиальнымиальнымиальнымиальнымиальнымиальнымиальнымиальнымиальнымиальнымиальнымиальнымиальнымиальнымиальнымиальнымиальнымиальнымиальнымиальнымиальнымиальнымиальнымиальнымиальнымиальнымиальнымиальнымиальнымиальнымиальнымиальнымиальнымиальнымиальнымиальнымиальнымиальнымиальнымиальнымиальнымиальнымиальнымиальнымиальнымиальнымиальнымиальнымиальнымиальнымиальнымиальнымиальнымиальнымиальнымиальнымиальнымиальнымиальнымиальнымиальнымиальнымиальнымиальнымиальнымиальнымиальнымиальнымиальнымиальнымиальнымиальнымиальнымиальнымиальнымиальнымиальнымиальнымиальнымиальнымиальнымиальнымиальнымиальнымиальнымиальнымиальнымиальнымиальнымиальнымиальнымиальнымиальнымиальнымиальнымиальнымиальнымиальнымиальнымиальнымиальнымиальнымиальнымиальнымиальнымиальнымиальнымиальнымиальнымиальнымиальнымиальнымиальнымиальнымиальнымиальнымиальнымиальнымиальнымиальнымиальнымиальнымиальнымиальнымиальнымиальнымиальнымиальнымиальнымиальнымиальнымиальнымиальнымиальнымиальнымиальнымиальнымиальнымиальнымиальнымиальнымиальнымиальнымиальнымиальнымиальнымиальнымиальнымиальнымиальнымиальнымиальнымиальнымиальнымиальнымиальнымиальными", "numeric_answer": null, "relative_error": null, "thinking_text": null, "has_tool_call": false, "tool_call": null, "usage": {"prompt_tokens": 191, "completion_tokens": 256, "total_tokens": 447, "token_count_source": "tokenizer"}, "decoding": {"temperature": 0.2, "top_p": null, "top_k": null, "max_tokens": 256, "seed": 42}, "prompt_tokens": 191, "completion_tokens": 256, "total_tokens": 447, "token_count_source": "tokenizer", "diffusion_steps": null, "flops_estimate": null, "flops_arch": null, "flops_model_params": null, "flops_active_params": null, "tokens_non_final": 1, "tokens_reasoning": 0, "tokens_response": 1, "elapsed_seconds": 18.651232481002808, "judgement": "Uncategorized"}
{"id": "tips_000807", "topic": "tips", "subtopic": "tips_service", "prompt": "Bill is $114.97; service fee 3% and tip 20%. About how much do you pay in total?", "exact_value": 142.1, "model": "tiiuae/Falcon-H1-7B-Instruct", "provider": "transformers", "response": "альнымиальнымиальнымиальнымиальнымиальнымиальнымиальнымиальнымиальнымиальнымиальнымиальнымиальнымиальнымиальнымиальнымиальнымиальнымиальнымиальнымиальнымиальнымиальнымиальнымиальнымиальнымиальнымиальнымиальнымиальнымиальнымиальнымиальнымиальнымиальнымиальнымиальнымиальнымиальнымиальнымиальнымиальнымиальнымиальнымиальнымиальнымиальнымиальнымиальнымиальнымиальнымиальнымиальнымиальнымиальнымиальнымиальнымиальнымиальнымиальнымиальнымиальнымиальнымиальнымиальнымиальнымиальнымиальнымиальнымиальнымиальнымиальнымиальнымиальнымиальнымиальнымиальнымиальнымиальнымиальнымиальнымиальнымиальнымиальнымиальнымиальнымиальнымиальнымиальнымиальнымиальнымиальнымиальнымиальнымиальнымиальнымиальнымиальнымиальнымиальнымиальнымиальнымиальнымиальнымиальнымиальнымиальнымиальнымиальнымиальнымиальнымиальнымиальнымиальнымиальнымиальнымиальнымиальнымиальнымиальнымиальнымиальнымиальнымиальнымиальнымиальнымиальнымиальнымиальнымиальнымиальнымиальнымиальнымиальнымиальнымиальнымиальнымиальнымиальнымиальнымиальнымиальнымиальнымиальнымиальнымиальнымиальнымиальнымиальнымиальнымиальнымиальнымиальнымиальнымиальнымиальнымиальнымиальнымиальнымиальнымиальнымиальнымиальнымиальнымиальнымиальнымиальнымиальнымиальнымиальнымиальнымиальнымиальнымиальнымиальнымиальнымиальнымиальнымиальнымиальнымиальнымиальнымиальнымиальнымиальнымиальнымиальнымиальнымиальнымиальнымиальнымиальнымиальнымиальнымиальнымиальнымиальнымиальнымиальнымиальнымиальнымиальнымиальнымиальнымиальнымиальнымиальнымиальнымиальнымиальнымиальнымиальнымиальнымиальнымиальнымиальнымиальнымиальнымиальнымиальнымиальнымиальнымиальнымиальнымиальнымиальнымиальнымиальнымиальнымиальнымиальнымиальнымиальнымиальнымиальнымиальнымиальнымиальнымиальнымиальнымиальнымиальнымиальнымиальнымиальнымиальнымиальнымиальнымиальнымиальнымиальнымиальнымиальнымиальнымиальными", "numeric_answer": null, "relative_error": null, "thinking_text": null, "has_tool_call": false, "tool_call": null, "usage": {"prompt_tokens": 192, "completion_tokens": 256, "total_tokens": 448, "token_count_source": "tokenizer"}, "decoding": {"temperature": 0.2, "top_p": null, "top_k": null, "max_tokens": 256, "seed": 42}, "prompt_tokens": 192, "completion_tokens": 256, "total_tokens": 448, "token_count_source": "tokenizer", "diffusion_steps": null, "flops_estimate": null, "flops_arch": null, "flops_model_params": null, "flops_active_params": null, "tokens_non_final": 1, "tokens_reasoning": 0, "tokens_response": 1, "elapsed_seconds": 18.865092992782593, "judgement": "Uncategorized"}
{"id": "tips_000827", "topic": "tips", "subtopic": "tips_service", "prompt": "Bill is $39.73; service fee 5% and tip 22%. About how much do you pay in total?", "exact_value": 50.89, "model": "tiiuae/Falcon-H1-7B-Instruct", "provider": "transformers", "response": "альнымиальнымиальнымиальнымиальнымиальнымиальнымиальнымиальнымиальнымиальнымиальнымиальнымиальнымиальнымиальнымиальнымиальнымиальнымиальнымиальнымиальнымиальнымиальнымиальнымиальнымиальнымиальнымиальнымиальнымиальнымиальнымиальнымиальнымиальнымиальнымиальнымиальнымиальнымиальнымиальнымиальнымиальнымиальнымиальнымиальнымиальнымиальнымиальнымиальнымиальнымиальнымиальнымиальнымиальнымиальнымиальнымиальнымиальнымиальнымиальнымиальнымиальнымиальнымиальнымиальнымиальнымиальнымиальнымиальнымиальнымиальнымиальнымиальнымиальнымиальнымиальнымиальнымиальнымиальнымиальнымиальнымиальнымиальнымиальнымиальнымиальнымиальнымиальнымиальнымиальнымиальнымиальнымиальнымиальнымиальнымиальнымиальнымиальнымиальнымиальнымиальнымиальнымиальнымиальнымиальнымиальнымиальнымиальнымиальнымиальнымиальнымиальнымиальнымиальнымиальнымиальнымиальнымиальнымиальнымиальнымиальнымиальнымиальнымиальнымиальнымиальнымиальнымиальнымиальнымиальнымиальнымиальнымиальнымиальнымиальнымиальнымиальнымиальнымиальнымиальнымиальнымиальнымиальнымиальнымиальнымиальнымиальнымиальнымиальнымиальнымиальнымиальнымиальнымиальнымиальнымиальнымиальнымиальнымиальнымиальнымиальнымиальнымиальнымиальнымиальнымиальнымиальнымиальнымиальнымиальнымиальнымиальнымиальнымиальнымиальнымиальнымиальнымиальнымиальнымиальнымиальнымиальнымиальнымиальнымиальнымиальнымиальнымиальнымиальнымиальнымиальнымиальнымиальнымиальнымиальнымиальнымиальнымиальнымиальнымиальнымиальнымиальнымиальнымиальнымиальнымиальнымиальнымиальнымиальнымиальнымиальнымиальнымиальнымиальнымиальнымиальнымиальнымиальнымиальнымиальнымиальнымиальнымиальнымиальнымиальнымиальнымиальнымиальнымиальнымиальнымиальнымиальнымиальнымиальнымиальнымиальнымиальнымиальнымиальнымиальнымиальнымиальнымиальнымиальнымиальнымиальнымиальнымиальнымиальнымиальнымиальнымиальнымиальнымиальнымиальными", "numeric_answer": null, "relative_error": null, "thinking_text": null, "has_tool_call": false, "tool_call": null, "usage": {"prompt_tokens": 191, "completion_tokens": 256, "total_tokens": 447, "token_count_source": "tokenizer"}, "decoding": {"temperature": 0.2, "top_p": null, "top_k": null, "max_tokens": 256, "seed": 42}, "prompt_tokens": 191, "completion_tokens": 256, "total_tokens": 447, "token_count_source": "tokenizer", "diffusion_steps": null, "flops_estimate": null, "flops_arch": null, "flops_model_params": null, "flops_active_params": null, "tokens_non_final": 1, "tokens_reasoning": 0, "tokens_response": 1, "elapsed_seconds": 18.8231418132782, "judgement": "Uncategorized"}
{"id": "tips_000847", "topic": "tips", "subtopic": "tips_service", "prompt": "Bill is $108.02; service fee 3% and tip 20%. About how much do you pay in total?", "exact_value": 133.51, "model": "tiiuae/Falcon-H1-7B-Instruct", "provider": "transformers", "response": "ацииация процентов процентов процентов процентов процентов процентов процентов процентов процентов процентов процентов процентов процентов процентов процентов процентов процентов процентов процентов процентов процентов процентов процентов процентов процентов процентов процентов процентов процентов процентов процентов процентов процентов процентов процентов процентов процентов процентов процентов процентов процентов процентов процентов процентов процентов процентов процентов процентов процентов процентов процентов процентов процентов процентов процентов процентов процентов процентов процентов процентов процентов процентов процентов процентов процентов процентов процентов процентов процентов процентов процентов процентов процентов процентов процентов процентов процентов процентов процентов процентов процентов процентов процентов процентов процентов процентов процентов процентов процентов процентов процентов процентов процентов процентов процентов процентов процентов процентов процентов процентов процентов процентов процентов процентов процентов процентов процентов процентов процентов процентов процентов процентов процентов процентов процентов процентов процентов процентов процентов процентов процентов процентов процентов процентов процентов процентов процентов процентов процентов процентов процентов процентов процентов процентов процентов процентов процентов процентов процентов процентов процентов процентов процентов процентов процентов процентов процентов процентов процентов процентов процентов процентов процентов процентов процентов процентов процентов процентов процентов процентов процентов процентов процентов процентов процентов процентов процентов процентов процентов процентов процентов процентов процентов процентов процентов процентов процентов процентов процентов процентов процентов процентов процентов процентов процентов процентов процентов процентов процентов процентов процентов процентов процентов процентов процентов процентов процентов процентов процентов процентов процентов процентов процентов процентов процентов процентов процентов процентов процентов процентов процентов процентов процентов процентов процентов процентов процентов процентов процентов процентов процентов процентов процентов процентов процентов процентов процентов процентов процентов процентов процентов процентов процентов процентов процентов процентов процентов процентов процентов процентов процентов процентов процентов процентов процентов процентов процентов процентов процентов процентов процентов процентов процентов процентов", "numeric_answer": null, "relative_error": null, "thinking_text": null, "has_tool_call": false, "tool_call": null, "usage": {"prompt_tokens": 192, "completion_tokens": 256, "total_tokens": 448, "token_count_source": "tokenizer"}, "decoding": {"temperature": 0.2, "top_p": null, "top_k": null, "max_tokens": 256, "seed": 42}, "prompt_tokens": 192, "completion_tokens": 256, "total_tokens": 448, "token_count_source": "tokenizer", "diffusion_steps": null, "flops_estimate": null, "flops_arch": null, "flops_model_params": null, "flops_active_params": null, "tokens_non_final": 255, "tokens_reasoning": 0, "tokens_response": 255, "elapsed_seconds": 18.802477836608887, "judgement": "Uncategorized"}
{"id": "tips_000867", "topic": "tips", "subtopic": "tips_service", "prompt": "Bill is $93.22; service fee 3% and tip 22%. About how much do you pay in total?", "exact_value": 117.14, "model": "tiiuae/Falcon-H1-7B-Instruct", "provider": "transformers", "response": "ацииация процентов процентов процентов процентов процентов процентов процентов процентов процентов процентов процентов процентов процентов процентов процентов процентов процентов процентов процентов процентов процентов процентов процентов процентов процентов процентов процентов процентов процентов процентов процентов процентов процентов процентов процентов процентов процентов процентов процентов процентов процентов процентов процентов процентов процентов процентов процентов процентов процентов процентов процентов процентов процентов процентов процентов процентов процентов процентов процентов процентов процентов процентов процентов процентов процентов процентов процентов процентов процентов процентов процентов процентов процентов процентов процентов процентов процентов процентов процентов процентов процентов процентов процентов процентов процентов процентов процентов процентов процентов процентов процентов процентов процентов процентов процентов процентов процентов процентов процентов процентов процентов процентов процентов процентов процентов процентов процентов процентов процентов процентов процентов процентов процентов процентов процентов процентов процентов процентов процентов процентов процентов процентов процентов процентов процентов процентов процентов процентов процентов процентов процентов процентов процентов процентов процентов процентов процентов процентов процентов процентов процентов процентов процентов процентов процентов процентов процентов процентов процентов процентов процентов процентов процентов процентов процентов процентов процентов процентов процентов процентов процентов процентов процентов процентов процентов процентов процентов процентов процентов процентов процентов процентов процентов процентов процентов процентов процентов процентов процентов процентов процентов процентов процентов процентов процентов процентов процентов процентов процентов процентов процентов процентов процентов процентов процентов процентов процентов процентов процентов процентов процентов процентов процентов процентов процентов процентов процентов процентов процентов процентов процентов процентов процентов процентов процентов процентов процентов процентов процентов процентов процентов процентов процентов процентов процентов процентов процентов процентов процентов процентов процентов процентов процентов процентов процентов процентов процентов процентов процентов процентов процентов процентов процентов процентов процентов процентов процентов процентов процентов процентов процентов процентов процентов процентов", "numeric_answer": null, "relative_error": null, "thinking_text": null, "has_tool_call": false, "tool_call": null, "usage": {"prompt_tokens": 191, "completion_tokens": 256, "total_tokens": 447, "token_count_source": "tokenizer"}, "decoding": {"temperature": 0.2, "top_p": null, "top_k": null, "max_tokens": 256, "seed": 42}, "prompt_tokens": 191, "completion_tokens": 256, "total_tokens": 447, "token_count_source": "tokenizer", "diffusion_steps": null, "flops_estimate": null, "flops_arch": null, "flops_model_params": null, "flops_active_params": null, "tokens_non_final": 255, "tokens_reasoning": 0, "tokens_response": 255, "elapsed_seconds": 19.046016931533813, "judgement": "Uncategorized"}
{"id": "tips_000887", "topic": "tips", "subtopic": "tips_service", "prompt": "Bill is $41.32; service fee 0% and tip 18%. About how much do you pay in total?", "exact_value": 48.76, "model": "tiiuae/Falcon-H1-7B-Instruct", "provider": "transformers", "response": "альными расчетами согласно правилам насколько возможно приблизительно определяем итоговую сумму оплаты согласно приведенным условия kompensierteционный процентов процентов насколько возможно приближенно согласно приведенным условия kompensierteционный процентов процентов насколько возможно приближенно согласно приведенным условия kompensierteционный процентов процентов насколько возможно приближенно согласно приведенным условия kompensierteционный процентов процентов насколько возможно приближенно согласно приведенным условия kompensierteционный процентов процентов насколько возможно приближенно согласно приведенным условия kompensierteционный процентов процентов насколько возможно приближенно согласно приведенным условия kompensierteционный процентов процентов насколько возможно приближенно согласно приведенным условия kompensierteционный процентов процентов насколько возможно приближенно согласно приведенным условия kompensierteционный процентов процентов насколько возможно приближенно согласно приведенным условия kompensierteционный процентов процентов насколько возможно приближенно согласно приведенным условия kompensierteционный процентов процентов насколько возможно приближенно согласно приведенным условия kompensierteционный процентов процентов насколько возможно приближенно согласно приведенным условия kompensierteционный процентов процентов насколько возможно приближенно согласно приведенным условия kompensierteционный процентов процентов насколько возможно приближенно согласно приведенным условия kompensierteционный процентов процентов насколько возможно приближенно согласно приведенным условия kompensierteционный процентов процентов насколько возможно приближенно согласно приведенным условия kompensierteционный процентов процентов насколько возможно приближенно", "numeric_answer": null, "relative_error": null, "thinking_text": null, "has_tool_call": false, "tool_call": null, "usage": {"prompt_tokens": 191, "completion_tokens": 256, "total_tokens": 447, "token_count_source": "tokenizer"}, "decoding": {"temperature": 0.2, "top_p": null, "top_k": null, "max_tokens": 256, "seed": 42}, "prompt_tokens": 191, "completion_tokens": 256, "total_tokens": 447, "token_count_source": "tokenizer", "diffusion_steps": null, "flops_estimate": null, "flops_arch": null, "flops_model_params": null, "flops_active_params": null, "tokens_non_final": 164, "tokens_reasoning": 0, "tokens_response": 164, "elapsed_seconds": 19.13915467262268, "judgement": "Uncategorized"}
{"id": "tips_000907", "topic": "tips", "subtopic": "tips_service", "prompt": "Bill is $65.03; service fee 3% and tip 22%. About how much do you pay in total?", "exact_value": 81.72, "model": "tiiuae/Falcon-H1-7B-Instruct", "provider": "transformers", "response": "ацииация процентов непосредственно к исходной сумме счета путем приближенного расчета процентов насколько это возможноальноальноальноальноальноальноальноальноальноальноальноальноальноальноальноальноальноальноальноальноальноальноальноальноальноальноальноальноальноальноальноальноальноальноальноальноальноальноальноальноальноальноальноальноальноальноальноальноальноальноальноальноальноальноальноальноальноальноальноальноальноальноальноальноальноальноальноальноальноальноальноальноальноальноальноальноальноальноальноальноальноальноальноальноальноальноальноальноальноальноальноальноальноальноальноальноальноальноальноальноальноальноальноальноальноальноальноальноальноальноальноальноальноальноальноальноальноальноальноальноальноальноальноальноальноальноальноальноальноальноальноальноальноальноальноальноальноальноальноальноальноальноальноальноальноальноальноальноальноальноальноальноальноальноальноальноальноальноальноальноальноальноальноальноальноальноальноальноальноальноальноальноальноальноальноальноальноальноальноальноальноальноальноальноальноальноальноальноальноальноальноальноальноальноальноальноальноальноальноальноальноальноальноальноальноальноальноальноальноальноальноальноальноальноальноальноальноальноальноальноальноальноальноальноальноальноальноальноальноальноальноальноальноальноально", "numeric_answer": null, "relative_error": null, "thinking_text": null, "has_tool_call": false, "tool_call": null, "usage": {"prompt_tokens": 191, "completion_tokens": 256, "total_tokens": 447, "token_count_source": "tokenizer"}, "decoding": {"temperature": 0.2, "top_p": null, "top_k": null, "max_tokens": 256, "seed": 42}, "prompt_tokens": 191, "completion_tokens": 256, "total_tokens": 447, "token_count_source": "tokenizer", "diffusion_steps": null, "flops_estimate": null, "flops_arch": null, "flops_model_params": null, "flops_active_params": null, "tokens_non_final": 14, "tokens_reasoning": 0, "tokens_response": 14, "elapsed_seconds": 19.15190625190735, "judgement": "Uncategorized"}
{"id": "tips_000927", "topic": "tips", "subtopic": "tips_service", "prompt": "Bill is $78.22; service fee 5% and tip 15%. About how much do you pay in total?", "exact_value": 94.45, "model": "tiiuae/Falcon-H1-7B-Instruct", "provider": "transformers", "response": "ацииация процентов и общего платежа путем округления процентов до ближайшего целого числа процентовирует процентов до примерно процентов процентов процентов процентов процентов процентов процентов процентов процентов процентов процентов процентов процентов процентов процентов процентов процентов процентов процентов процентов процентов процентов процентов процентов процентов процентов процентов процентов процентов процентов процентов процентов процентов процентов процентов процентов процентов процентов процентов процентов процентов процентов процентов процентов процентов процентов процентов процентов процентов процентов процентов процентов процентов процентов процентов процентов процентов процентов процентов процентов процентов процентов процентов процентов процентов процентов процентов процентов процентов процентов процентов процентов процентов процентов процентов процентов процентов процентов процентов процентов процентов процентов процентов процентов процентов процентов процентов процентов процентов процентов процентов процентов процентов процентов процентов процентов процентов процентов процентов процентов процентов процентов процентов процентов процентов процентов процентов процентов процентов процентов процентов процентов процентов процентов процентов процентов процентов процентов процентов процентов процентов процентов процентов процентов процентов процентов процентов процентов процентов процентов процентов процентов процентов процентов процентов процентов процентов процентов процентов процентов процентов процентов процентов процентов процентов процентов процентов процентов процентов процентов процентов процентов процентов процентов процентов процентов процентов процентов процентов процентов процентов процентов процентов процентов процентов процентов процентов процентов процентов процентов процентов процентов процентов процентов процентов процентов процентов процентов процентов процентов процентов процентов процентов процентов процентов процентов процентов процентов процентов процентов процентов процентов процентов процентов процентов процентов процентов процентов процентов процентов процентов процентов процентов процентов процентов процентов процентов процентов процентов процентов процентов процентов процентов процентов процентов процентов процентов процентов процентов процентов процентов процентов процентов процентов процентов процентов процентов процентов процентов процентов процентов процентов процентов процентов", "numeric_answer": null, "relative_error": null, "thinking_text": null, "has_tool_call": false, "tool_call": null, "usage": {"prompt_tokens": 191, "completion_tokens": 256, "total_tokens": 447, "token_count_source": "tokenizer"}, "decoding": {"temperature": 0.2, "top_p": null, "top_k": null, "max_tokens": 256, "seed": 42}, "prompt_tokens": 191, "completion_tokens": 256, "total_tokens": 447, "token_count_source": "tokenizer", "diffusion_steps": null, "flops_estimate": null, "flops_arch": null, "flops_model_params": null, "flops_active_params": null, "tokens_non_final": 250, "tokens_reasoning": 0, "tokens_response": 250, "elapsed_seconds": 18.80336880683899, "judgement": "Uncategorized"}
{"id": "tips_000947", "topic": "tips", "subtopic": "tips_service", "prompt": "Bill is $97.36; service fee 3% and tip 15%. About how much do you pay in total?", "exact_value": 115.32, "model": "tiiuae/Falcon-H1-7B-Instruct", "provider": "transformers", "response": "ацииация процентов процентов процентов процентов процентов процентов процентов процентов процентов процентов процентов процентов процентов процентов процентов процентов процентов процентов процентов процентов процентов процентов процентов процентов процентов процентов процентов процентов процентов процентов процентов процентов процентов процентов процентов процентов процентов процентов процентов процентов процентов процентов процентов процентов процентов процентов процентов процентов процентов процентов процентов процентов процентов процентов процентов процентов процентов процентов процентов процентов процентов процентов процентов процентов процентов процентов процентов процентов процентов процентов процентов процентов процентов процентов процентов процентов процентов процентов процентов процентов процентов процентов процентов процентов процентов процентов процентов процентов процентов процентов процентов процентов процентов процентов процентов процентов процентов процентов процентов процентов процентов процентов процентов процентов процентов процентов процентов процентов процентов процентов процентов процентов процентов процентов процентов процентов процентов процентов процентов процентов процентов процентов процентов процентов процентов процентов процентов процентов процентов процентов процентов процентов процентов процентов процентов процентов процентов процентов процентов процентов процентов процентов процентов процентов процентов процентов процентов процентов процентов процентов процентов процентов процентов процентов процентов процентов процентов процентов процентов процентов процентов процентов процентов процентов процентов процентов процентов процентов процентов процентов процентов процентов процентов процентов процентов процентов процентов процентов процентов процентов процентов процентов процентов процентов процентов процентов процентов процентов процентов процентов процентов процентов процентов процентов процентов процентов процентов процентов процентов процентов процентов процентов процентов процентов процентов процентов процентов процентов процентов процентов процентов процентов процентов процентов процентов процентов процентов процентов процентов процентов процентов процентов процентов процентов процентов процентов процентов процентов процентов процентов процентов процентов процентов процентов процентов процентов процентов процентов процентов процентов процентов процентов процентов процентов процентов процентов процентов процентов процентов процентов процентов процентов процентов процентов", "numeric_answer": null, "relative_error": null, "thinking_text": null, "has_tool_call": false, "tool_call": null, "usage": {"prompt_tokens": 191, "completion_tokens": 256, "total_tokens": 447, "token_count_source": "tokenizer"}, "decoding": {"temperature": 0.2, "top_p": null, "top_k": null, "max_tokens": 256, "seed": 42}, "prompt_tokens": 191, "completion_tokens": 256, "total_tokens": 447, "token_count_source": "tokenizer", "diffusion_steps": null, "flops_estimate": null, "flops_arch": null, "flops_model_params": null, "flops_active_params": null, "tokens_non_final": 255, "tokens_reasoning": 0, "tokens_response": 255, "elapsed_seconds": 18.926777362823486, "judgement": "Uncategorized"}
{"id": "tips_000967", "topic": "tips", "subtopic": "tips_service", "prompt": "Bill is $13.97; service fee 3% and tip 15%. About how much do you pay in total?", "exact_value": 16.55, "model": "tiiuae/Falcon-H1-7B-Instruct", "provider": "transformers", "response": "альнымиальнымиальнымиальнымиальнымиальнымиальнымиальнымиальнымиальнымиальнымиальнымиальнымиальнымиальнымиальнымиальнымиальнымиальнымиальнымиальнымиальнымиальнымиальнымиальнымиальнымиальнымиальнымиальнымиальнымиальнымиальнымиальнымиальнымиальнымиальнымиальнымиальнымиальнымиальнымиальнымиальнымиальнымиальнымиальнымиальнымиальнымиальнымиальнымиальнымиальнымиальнымиальнымиальнымиальнымиальнымиальнымиальнымиальнымиальнымиальнымиальнымиальнымиальнымиальнымиальнымиальнымиальнымиальнымиальнымиальнымиальнымиальнымиальнымиальнымиальнымиальнымиальнымиальнымиальнымиальнымиальнымиальнымиальнымиальнымиальнымиальнымиальнымиальнымиальнымиальнымиальнымиальнымиальнымиальнымиальнымиальнымиальнымиальнымиальнымиальнымиальнымиальнымиальнымиальнымиальнымиальнымиальнымиальнымиальнымиальнымиальнымиальнымиальнымиальнымиальнымиальнымиальнымиальнымиальнымиальнымиальнымиальнымиальнымиальнымиальнымиальнымиальнымиальнымиальнымиальнымиальнымиальнымиальнымиальнымиальнымиальнымиальнымиальнымиальнымиальнымиальнымиальнымиальнымиальнымиальнымиальнымиальнымиальнымиальнымиальнымиальнымиальнымиальнымиальнымиальнымиальнымиальнымиальнымиальнымиальнымиальнымиальнымиальнымиальнымиальнымиальнымиальнымиальнымиальнымиальнымиальнымиальнымиальнымиальнымиальнымиальнымиальнымиальнымиальнымиальнымиальнымиальнымиальнымиальнымиальнымиальнымиальнымиальнымиальнымиальнымиальнымиальнымиальнымиальнымиальнымиальнымиальнымиальнымиальнымиальнымиальнымиальнымиальнымиальнымиальнымиальнымиальнымиальнымиальнымиальнымиальнымиальнымиальнымиальнымиальнымиальнымиальнымиальнымиальнымиальнымиальнымиальнымиальнымиальнымиальнымиальнымиальнымиальнымиальнымиальнымиальнымиальнымиальнымиальнымиальнымиальнымиальнымиальнымиальнымиальнымиальнымиальнымиальнымиальнымиальнымиальнымиальнымиальнымиальнымиальнымиальнымиальнымиальнымиальнымиальными", "numeric_answer": null, "relative_error": null, "thinking_text": null, "has_tool_call": false, "tool_call": null, "usage": {"prompt_tokens": 191, "completion_tokens": 256, "total_tokens": 447, "token_count_source": "tokenizer"}, "decoding": {"temperature": 0.2, "top_p": null, "top_k": null, "max_tokens": 256, "seed": 42}, "prompt_tokens": 191, "completion_tokens": 256, "total_tokens": 447, "token_count_source": "tokenizer", "diffusion_steps": null, "flops_estimate": null, "flops_arch": null, "flops_model_params": null, "flops_active_params": null, "tokens_non_final": 1, "tokens_reasoning": 0, "tokens_response": 1, "elapsed_seconds": 18.9053635597229, "judgement": "Uncategorized"}
{"id": "tips_000987", "topic": "tips", "subtopic": "tips_service", "prompt": "Bill is $60.94; service fee 5% and tip 18%. About how much do you pay in total?", "exact_value": 75.5, "model": "tiiuae/Falcon-H1-7B-Instruct", "provider": "transformers", "response": "ацииация процентов непосредственно к исходной сумме счета путем приближенного расчета процентов насколько возможно насколько возможно насколько возможно насколько возможно насколько возможно насколько возможно насколько возможно насколько возможно насколько возможно насколько возможно насколько возможно насколько возможно насколько возможно насколько возможно насколько возможно насколько возможно насколько возможно насколько возможно насколько возможно насколько возможно насколько возможно насколько возможно насколько возможно насколько возможно насколько возможно насколько возможно насколько возможно насколько возможно насколько возможно насколько возможно насколько возможно насколько возможно насколько возможно насколько возможно насколько возможно насколько возможно насколько возможно насколько возможно насколько возможно насколько возможно насколько возможно насколько возможно насколько возможно насколько возможно насколько возможно насколько возможно насколько возможно насколько возможно насколько возможно насколько возможно насколько возможно насколько возможно насколько возможно насколько возможно насколько возможно насколько возможно насколько возможно насколько возможно насколько возможно насколько возможно насколько возможно насколько возможно насколько возможно насколько возможно насколько возможно насколько возможно насколько возможно насколько возможно насколько возможно насколько возможно насколько возможно насколько возможно насколько возможно насколько возможно насколько возможно насколько возможно насколько возможно насколько возможно насколько возможно насколько возможно насколько возможно насколько возможно насколько возможно насколько возможно насколько возможно насколько возможно насколько возможно насколько возможно насколько возможно насколько возможно насколько возможно насколько возможно насколько возможно насколько возможно насколько возможно насколько возможно насколько возможно насколько возможно насколько возможно насколько возможно насколько возможно насколько возможно насколько возможно насколько возможно насколько возможно насколько возможно насколько возможно насколько возможно насколько возможно насколько возможно насколько возможно насколько возможно насколько возможно насколько возможно насколько возможно насколько возможно насколько возможно насколько возможно насколько возможно", "numeric_answer": null, "relative_error": null, "thinking_text": null, "has_tool_call": false, "tool_call": null, "usage": {"prompt_tokens": 191, "completion_tokens": 256, "total_tokens": 447, "token_count_source": "tokenizer"}, "decoding": {"temperature": 0.2, "top_p": null, "top_k": null, "max_tokens": 256, "seed": 42}, "prompt_tokens": 191, "completion_tokens": 256, "total_tokens": 447, "token_count_source": "tokenizer", "diffusion_steps": null, "flops_estimate": null, "flops_arch": null, "flops_model_params": null, "flops_active_params": null, "tokens_non_final": 249, "tokens_reasoning": 0, "tokens_response": 249, "elapsed_seconds": 18.592702865600586, "judgement": "Uncategorized"}
{"id": "tips_001007", "topic": "tips", "subtopic": "tips_service", "prompt": "Bill is $101.70; service fee 3% and tip 18%. About how much do you pay in total?", "exact_value": 123.61, "model": "tiiuae/Falcon-H1-7B-Instruct", "provider": "transformers", "response": "альнымиальнымиальнымиальнымиальнымиальнымиальнымиальнымиальнымиальнымиальнымиальнымиальнымиальнымиальнымиальнымиальнымиальнымиальнымиальнымиальнымиальнымиальнымиальнымиальнымиальнымиальнымиальнымиальнымиальнымиальнымиальнымиальнымиальнымиальнымиальнымиальнымиальнымиальнымиальнымиальнымиальнымиальнымиальнымиальнымиальнымиальнымиальнымиальнымиальнымиальнымиальнымиальнымиальнымиальнымиальнымиальнымиальнымиальнымиальнымиальнымиальнымиальнымиальнымиальнымиальнымиальнымиальнымиальнымиальнымиальнымиальнымиальнымиальнымиальнымиальнымиальнымиальнымиальнымиальнымиальнымиальнымиальнымиальнымиальнымиальнымиальнымиальнымиальнымиальнымиальнымиальнымиальнымиальнымиальнымиальнымиальнымиальнымиальнымиальнымиальнымиальнымиальнымиальнымиальнымиальнымиальнымиальнымиальнымиальнымиальнымиальнымиальнымиальнымиальнымиальнымиальнымиальнымиальнымиальнымиальнымиальнымиальнымиальнымиальнымиальнымиальнымиальнымиальнымиальнымиальнымиальнымиальнымиальнымиальнымиальнымиальнымиальнымиальнымиальнымиальнымиальнымиальнымиальнымиальнымиальнымиальнымиальнымиальнымиальнымиальнымиальнымиальнымиальнымиальнымиальнымиальнымиальнымиальнымиальнымиальнымиальнымиальнымиальнымиальнымиальнымиальнымиальнымиальнымиальнымиальнымиальнымиальнымиальнымиальнымиальнымиальнымиальнымиальнымиальнымиальнымиальнымиальнымиальнымиальнымиальнымиальнымиальнымиальнымиальнымиальнымиальнымиальнымиальнымиальнымиальнымиальнымиальнымиальнымиальнымиальнымиальнымиальнымиальнымиальнымиальнымиальнымиальнымиальнымиальнымиальнымиальнымиальнымиальнымиальнымиальнымиальнымиальнымиальнымиальнымиальнымиальнымиальнымиальнымиальнымиальнымиальнымиальнымиальнымиальнымиальнымиальнымиальнымиальнымиальнымиальнымиальнымиальнымиальнымиальнымиальнымиальнымиальнымиальнымиальнымиальнымиальнымиальнымиальнымиальнымиальнымиальнымиальнымиальнымиальнымиальными", "numeric_answer": null, "relative_error": null, "thinking_text": null, "has_tool_call": false, "tool_call": null, "usage": {"prompt_tokens": 192, "completion_tokens": 256, "total_tokens": 448, "token_count_source": "tokenizer"}, "decoding": {"temperature": 0.2, "top_p": null, "top_k": null, "max_tokens": 256, "seed": 42}, "prompt_tokens": 192, "completion_tokens": 256, "total_tokens": 448, "token_count_source": "tokenizer", "diffusion_steps": null, "flops_estimate": null, "flops_arch": null, "flops_model_params": null, "flops_active_params": null, "tokens_non_final": 1, "tokens_reasoning": 0, "tokens_response": 1, "elapsed_seconds": 18.75566053390503, "judgement": "Uncategorized"}
{"id": "tips_001027", "topic": "tips", "subtopic": "tips_service", "prompt": "Bill is $71.23; service fee 0% and tip 20%. About how much do you pay in total?", "exact_value": 85.48, "model": "tiiuae/Falcon-H1-7B-Instruct", "provider": "transformers", "response": "ацииация процентовируем процентовируем процентовируем процентовируем процентовируем процентовируем процентовируем процентовируем процентовируем процентовируем процентовируем процентовируем процентовируем процентовируем процентовируем процентовируем процентовируем процентовируем процентовируем процентовируем процентовируем процентовируем процентовируем процентовируем процентовируем процентовируем процентовируем процентовируем процентовируем процентовируем процентовируем процентовируем процентовируем процентовируем процентовируем процентовируем процентовируем процентовируем процентовируем процентовируем процентовируем процентовируем процентовируем процентовируем процентовируем процентовируем процентовируем процентовируем процентовируем процентовируем процентовируем процентовируем процентовируем процентовируем процентовируем процентовируем процентовируем процентовируем процентовируем процентовируем процентовируем процентовируем процентовируем процентовируем процентовируем процентовируем процентовируем процентовируем процентовируем процентовируем процентовируем процентовируем процентовируем процентовируем процентовируем процентовируем процентовируем процентовируем процентовируем процентовируем процентовируем процентовируем процентовируем процентовируем процентовируем процентовируем процентовируем процентовируем процентовируем процентовируем процентовируем процентовируем процентовируем процентовируем процентовируем процентовируем процентовируем процентовируем процентовируем процентовируем процентовируем процентовируем процентовируем процентовируем процентовируем процентовируем процентовируем процентовируем процентовируем процентовируем процентовируем процентовируем процентовируем процентовируем процентовируем процентовируем процентовируем процентовируем процентовируем процентовируем процентовируем процентовируем процентовируем процентовируем процентовируем процентовируем процентовируем", "numeric_answer": null, "relative_error": null, "thinking_text": null, "has_tool_call": false, "tool_call": null, "usage": {"prompt_tokens": 191, "completion_tokens": 256, "total_tokens": 447, "token_count_source": "tokenizer"}, "decoding": {"temperature": 0.2, "top_p": null, "top_k": null, "max_tokens": 256, "seed": 42}, "prompt_tokens": 191, "completion_tokens": 256, "total_tokens": 447, "token_count_source": "tokenizer", "diffusion_steps": null, "flops_estimate": null, "flops_arch": null, "flops_model_params": null, "flops_active_params": null, "tokens_non_final": 128, "tokens_reasoning": 0, "tokens_response": 128, "elapsed_seconds": 19.545473337173462, "judgement": "Uncategorized"}
{"id": "tips_001047", "topic": "tips", "subtopic": "tips_service", "prompt": "Bill is $56.40; service fee 5% and tip 15%. About how much do you pay in total?", "exact_value": 68.1, "model": "tiiuae/Falcon-H1-7B-Instruct", "provider": "transformers", "response": "альнымиальнымиальнымиальнымиальнымиальнымиальнымиальнымиальнымиальнымиальнымиальнымиальнымиальнымиальнымиальнымиальнымиальнымиальнымиальнымиальнымиальнымиальнымиальнымиальнымиальнымиальнымиальнымиальнымиальнымиальнымиальнымиальнымиальнымиальнымиальнымиальнымиальнымиальнымиальнымиальнымиальнымиальнымиальнымиальнымиальнымиальнымиальнымиальнымиальнымиальнымиальнымиальнымиальнымиальнымиальнымиальнымиальнымиальнымиальнымиальнымиальнымиальнымиальнымиальнымиальнымиальнымиальнымиальнымиальнымиальнымиальнымиальнымиальнымиальнымиальнымиальнымиальнымиальнымиальнымиальнымиальнымиальнымиальнымиальнымиальнымиальнымиальнымиальнымиальнымиальнымиальнымиальнымиальнымиальнымиальнымиальнымиальнымиальнымиальнымиальнымиальнымиальнымиальнымиальнымиальнымиальнымиальнымиальнымиальнымиальнымиальнымиальнымиальнымиальнымиальнымиальнымиальнымиальнымиальнымиальнымиальнымиальнымиальнымиальнымиальнымиальнымиальнымиальнымиальнымиальнымиальнымиальнымиальнымиальнымиальнымиальнымиальнымиальнымиальнымиальнымиальнымиальнымиальнымиальнымиальнымиальнымиальнымиальнымиальнымиальнымиальнымиальнымиальнымиальнымиальнымиальнымиальнымиальнымиальнымиальнымиальнымиальнымиальнымиальнымиальнымиальнымиальнымиальнымиальнымиальнымиальнымиальнымиальнымиальнымиальнымиальнымиальнымиальнымиальнымиальнымиальнымиальнымиальнымиальнымиальнымиальнымиальнымиальнымиальнымиальнымиальнымиальнымиальнымиальнымиальнымиальнымиальнымиальнымиальнымиальнымиальнымиальнымиальнымиальнымиальнымиальнымиальнымиальнымиальнымиальнымиальнымиальнымиальнымиальнымиальнымиальнымиальнымиальнымиальнымиальнымиальнымиальнымиальнымиальнымиальнымиальнымиальнымиальнымиальнымиальнымиальнымиальнымиальнымиальнымиальнымиальнымиальнымиальнымиальнымиальнымиальнымиальнымиальнымиальнымиальнымиальнымиальнымиальнымиальнымиальнымиальнымиальнымиальнымиальнымиальными", "numeric_answer": null, "relative_error": null, "thinking_text": null, "has_tool_call": false, "tool_call": null, "usage": {"prompt_tokens": 191, "completion_tokens": 256, "total_tokens": 447, "token_count_source": "tokenizer"}, "decoding": {"temperature": 0.2, "top_p": null, "top_k": null, "max_tokens": 256, "seed": 42}, "prompt_tokens": 191, "completion_tokens": 256, "total_tokens": 447, "token_count_source": "tokenizer", "diffusion_steps": null, "flops_estimate": null, "flops_arch": null, "flops_model_params": null, "flops_active_params": null, "tokens_non_final": 1, "tokens_reasoning": 0, "tokens_response": 1, "elapsed_seconds": 18.639045000076294, "judgement": "Uncategorized"}
{"id": "tips_001067", "topic": "tips", "subtopic": "tips_service", "prompt": "Bill is $110.45; service fee 5% and tip 20%. About how much do you pay in total?", "exact_value": 139.17, "model": "tiiuae/Falcon-H1-7B-Instruct", "provider": "transformers", "response": "альнымиальнымиальнымиальнымиальнымиальнымиальнымиальнымиальнымиальнымиальнымиальнымиальнымиальнымиальнымиальнымиальнымиальнымиальнымиальнымиальнымиальнымиальнымиальнымиальнымиальнымиальнымиальнымиальнымиальнымиальнымиальнымиальнымиальнымиальнымиальнымиальнымиальнымиальнымиальнымиальнымиальнымиальнымиальнымиальнымиальнымиальнымиальнымиальнымиальнымиальнымиальнымиальнымиальнымиальнымиальнымиальнымиальнымиальнымиальнымиальнымиальнымиальнымиальнымиальнымиальнымиальнымиальнымиальнымиальнымиальнымиальнымиальнымиальнымиальнымиальнымиальнымиальнымиальнымиальнымиальнымиальнымиальнымиальнымиальнымиальнымиальнымиальнымиальнымиальнымиальнымиальнымиальнымиальнымиальнымиальнымиальнымиальнымиальнымиальнымиальнымиальнымиальнымиальнымиальнымиальнымиальнымиальнымиальнымиальнымиальнымиальнымиальнымиальнымиальнымиальнымиальнымиальнымиальнымиальнымиальнымиальнымиальнымиальнымиальнымиальнымиальнымиальнымиальнымиальнымиальнымиальнымиальнымиальнымиальнымиальнымиальнымиальнымиальнымиальнымиальнымиальнымиальнымиальнымиальнымиальнымиальнымиальнымиальнымиальнымиальнымиальнымиальнымиальнымиальнымиальнымиальнымиальнымиальнымиальнымиальнымиальнымиальнымиальнымиальнымиальнымиальнымиальнымиальнымиальнымиальнымиальнымиальнымиальнымиальнымиальнымиальнымиальнымиальнымиальнымиальнымиальнымиальнымиальнымиальнымиальнымиальнымиальнымиальнымиальнымиальнымиальнымиальнымиальнымиальнымиальнымиальнымиальнымиальнымиальнымиальнымиальнымиальнымиальнымиальнымиальнымиальнымиальнымиальнымиальнымиальнымиальнымиальнымиальнымиальнымиальнымиальнымиальнымиальнымиальнымиальнымиальнымиальнымиальнымиальнымиальнымиальнымиальнымиальнымиальнымиальнымиальнымиальнымиальнымиальнымиальнымиальнымиальнымиальнымиальнымиальнымиальнымиальнымиальнымиальнымиальнымиальнымиальнымиальнымиальнымиальнымиальнымиальнымиальнымиальнымиальными", "numeric_answer": null, "relative_error": null, "thinking_text": null, "has_tool_call": false, "tool_call": null, "usage": {"prompt_tokens": 192, "completion_tokens": 256, "total_tokens": 448, "token_count_source": "tokenizer"}, "decoding": {"temperature": 0.2, "top_p": null, "top_k": null, "max_tokens": 256, "seed": 42}, "prompt_tokens": 192, "completion_tokens": 256, "total_tokens": 448, "token_count_source": "tokenizer", "diffusion_steps": null, "flops_estimate": null, "flops_arch": null, "flops_model_params": null, "flops_active_params": null, "tokens_non_final": 1, "tokens_reasoning": 0, "tokens_response": 1, "elapsed_seconds": 18.735187530517578, "judgement": "Uncategorized"}
{"id": "tips_001087", "topic": "tips", "subtopic": "tips_service", "prompt": "Bill is $32.83; service fee 0% and tip 15%. About how much do you pay in total?", "exact_value": 37.75, "model": "tiiuae/Falcon-H1-7B-Instruct", "provider": "transformers", "response": "ацииация согласно правилам приведёт к следующему решению насколько это возможноальноальноальноальноальноальноальноальноальноальноальноальноальноальноальноальноальноальноальноальноальноальноальноальноальноальноальноальноальноальноальноальноальноальноальноальноальноальноальноальноальноальноальноальноальноальноальноальноальноальноальноальноальноальноальноальноальноальноальноальноальноальноальноальноальноальноальноальноальноальноальноальноальноальноальноальноальноальноальноальноальноальноальноальноальноальноальноальноальноальноальноальноальноальноальноальноальноальноальноальноальноальноальноальноальноальноальноальноальноальноальноальноальноальноальноальноальноальноальноальноальноальноальноальноальноальноальноальноальноальноальноальноальноальноальноальноальноальноальноальноальноальноальноальноальноальноальноальноальноальноальноальноальноальноальноальноальноальноальноальноальноальноальноальноальноальноальноальноальноальноальноальноальноальноальноальноальноальноальноальноальноальноальноальноальноальноальноальноальноальноальноальноальноальноальноальноальноальноальноальноальноальноальноальноальноальноальноальноальноальноальноальноальноальноальноальноальноальноальноальноальноальноальноальноальноальноальноальноальноальноальноальноальноальноальноальноальноальноальноальноальноально", "numeric_answer": null, "relative_error": null, "thinking_text": null, "has_tool_call": false, "tool_call": null, "usage": {"prompt_tokens": 191, "completion_tokens": 256, "total_tokens": 447, "token_count_source": "tokenizer"}, "decoding": {"temperature": 0.2, "top_p": null, "top_k": null, "max_tokens": 256, "seed": 42}, "prompt_tokens": 191, "completion_tokens": 256, "total_tokens": 447, "token_count_source": "tokenizer", "diffusion_steps": null, "flops_estimate": null, "flops_arch": null, "flops_model_params": null, "flops_active_params": null, "tokens_non_final": 10, "tokens_reasoning": 0, "tokens_response": 10, "elapsed_seconds": 18.760305404663086, "judgement": "Uncategorized"}
{"id": "tips_001107", "topic": "tips", "subtopic": "tips_service", "prompt": "Bill is $52.28; service fee 3% and tip 15%. About how much do you pay in total?", "exact_value": 61.93, "model": "tiiuae/Falcon-H1-7B-Instruct", "provider": "transformers", "response": "ацииация процентов процентов процентов процентов процентов процентов процентов процентов процентов процентов процентов процентов процентов процентов процентов процентов процентов процентов процентов процентов процентов процентов процентов процентов процентов процентов процентов процентов процентов процентов процентов процентов процентов процентов процентов процентов процентов процентов процентов процентов процентов процентов процентов процентов процентов процентов процентов процентов процентов процентов процентов процентов процентов процентов процентов процентов процентов процентов процентов процентов процентов процентов процентов процентов процентов процентов процентов процентов процентов процентов процентов процентов процентов процентов процентов процентов процентов процентов процентов процентов процентов процентов процентов процентов процентов процентов процентов процентов процентов процентов процентов процентов процентов процентов процентов процентов процентов процентов процентов процентов процентов процентов процентов процентов процентов процентов процентов процентов процентов процентов процентов процентов процентов процентов процентов процентов процентов процентов процентов процентов процентов процентов процентов процентов процентов процентов процентов процентов процентов процентов процентов процентов процентов процентов процентов процентов процентов процентов процентов процентов процентов процентов процентов процентов процентов процентов процентов процентов процентов процентов процентов процентов процентов процентов процентов процентов процентов процентов процентов процентов процентов процентов процентов процентов процентов процентов процентов процентов процентов процентов процентов процентов процентов процентов процентов процентов процентов процентов процентов процентов процентов процентов процентов процентов процентов процентов процентов процентов процентов процентов процентов процентов процентов процентов процентов процентов процентов процентов процентов процентов процентов процентов процентов процентов процентов процентов процентов процентов процентов процентов процентов процентов процентов процентов процентов процентов процентов процентов процентов процентов процентов процентов процентов процентов процентов процентов процентов процентов процентов процентов процентов процентов процентов процентов процентов процентов процентов процентов процентов процентов процентов процентов процентов процентов процентов процентов процентов процентов процентов процентов процентов процентов процентов процентов", "numeric_answer": null, "relative_error": null, "thinking_text": null, "has_tool_call": false, "tool_call": null, "usage": {"prompt_tokens": 191, "completion_tokens": 256, "total_tokens": 447, "token_count_source": "tokenizer"}, "decoding": {"temperature": 0.2, "top_p": null, "top_k": null, "max_tokens": 256, "seed": 42}, "prompt_tokens": 191, "completion_tokens": 256, "total_tokens": 447, "token_count_source": "tokenizer", "diffusion_steps": null, "flops_estimate": null, "flops_arch": null, "flops_model_params": null, "flops_active_params": null, "tokens_non_final": 255, "tokens_reasoning": 0, "tokens_response": 255, "elapsed_seconds": 18.725056409835815, "judgement": "Uncategorized"}
{"id": "tips_001127", "topic": "tips", "subtopic": "tips_service", "prompt": "Bill is $24.64; service fee 0% and tip 20%. About how much do you pay in total?", "exact_value": 29.57, "model": "tiiuae/Falcon-H1-7B-Instruct", "provider": "transformers", "response": "альными расчетами согласно правилам насколько возможно приближенно получаем итоговую сумму процентовацииируем согласно процентов заациюируем согласно процентов процентов согласно процентов согласно процентов согласно процентов согласно процентов согласно процентов согласно процентов согласно процентов согласно процентов согласно процентов согласно процентов согласно процентов согласно процентов согласно процентов согласно процентов согласно процентов согласно процентов согласно процентов согласно процентов согласно процентов согласно процентов согласно процентов согласно процентов согласно процентов согласно процентов согласно процентов согласно процентов согласно процентов согласно процентов согласно процентов согласно процентов согласно процентов согласно процентов согласно процентов согласно процентов согласно процентов согласно процентов согласно процентов согласно процентов согласно процентов согласно процентов согласно процентов согласно процентов согласно процентов согласно процентов согласно процентов согласно процентов согласно процентов согласно процентов согласно процентов согласно процентов согласно процентов согласно процентов согласно процентов согласно процентов согласно процентов согласно процентов согласно процентов согласно процентов согласно процентов согласно процентов согласно процентов согласно процентов согласно процентов согласно процентов согласно процентов согласно процентов согласно процентов согласно процентов согласно процентов согласно процентов согласно процентов согласно процентов согласно процентов согласно процентов согласно процентов согласно процентов согласно процентов согласно процентов согласно процентов согласно процентов согласно процентов согласно процентов согласно процентов согласно процентов согласно процентов согласно процентов согласно процентов согласно процентов согласно процентов согласно процентов согласно процентов согласно процентов согласно процентов согласно процентов согласно процентов согласно процентов согласно процентов согласно процентов согласно процентов согласно процентов согласно процентов согласно процентов согласно процентов согласно процентов согласно процентов согласно процентов согласно процентов согласно процентов согласно процентов согласно процентов согласно процентов согласно процентов согласно процентов согласно процентов", "numeric_answer": null, "relative_error": null, "thinking_text": null, "has_tool_call": false, "tool_call": null, "usage": {"prompt_tokens": 191, "completion_tokens": 256, "total_tokens": 447, "token_count_source": "tokenizer"}, "decoding": {"temperature": 0.2, "top_p": null, "top_k": null, "max_tokens": 256, "seed": 42}, "prompt_tokens": 191, "completion_tokens": 256, "total_tokens": 447, "token_count_source": "tokenizer", "diffusion_steps": null, "flops_estimate": null, "flops_arch": null, "flops_model_params": null, "flops_active_params": null, "tokens_non_final": 245, "tokens_reasoning": 0, "tokens_response": 245, "elapsed_seconds": 18.86642289161682, "judgement": "Uncategorized"}
{"id": "tips_001147", "topic": "tips", "subtopic": "tips_service", "prompt": "Bill is $56.58; service fee 0% and tip 22%. About how much do you pay in total?", "exact_value": 69.03, "model": "tiiuae/Falcon-H1-7B-Instruct", "provider": "transformers", "response": "альными расчетами согласно правилам насколько возможно приблизительно рассчитаем итоговую сумму оплаты согласно приведенным данным насколько возможно быстро насколько возможно приблизительно согласно приведенным данным насколько возможно насколько возможно насколько возможно насколько возможно насколько возможно насколько возможно насколько возможно насколько возможно насколько возможно насколько возможно насколько возможно насколько возможно насколько возможно насколько возможно насколько возможно насколько возможно насколько возможно насколько возможно насколько возможно насколько возможно насколько возможно насколько возможно насколько возможно насколько возможно насколько возможно насколько возможно насколько возможно насколько возможно насколько возможно насколько возможно насколько возможно насколько возможно насколько возможно насколько возможно насколько возможно насколько возможно насколько возможно насколько возможно насколько возможно насколько возможно насколько возможно насколько возможно насколько возможно насколько возможно насколько возможно насколько возможно насколько возможно насколько возможно насколько возможно насколько возможно насколько возможно насколько возможно насколько возможно насколько возможно насколько возможно насколько возможно насколько возможно насколько возможно насколько возможно насколько возможно насколько возможно насколько возможно насколько возможно насколько возможно насколько возможно насколько возможно насколько возможно насколько возможно насколько возможно насколько возможно насколько возможно насколько возможно насколько возможно насколько возможно насколько возможно насколько возможно насколько возможно насколько возможно насколько возможно насколько возможно насколько возможно насколько возможно насколько возможно насколько возможно насколько возможно насколько возможно насколько возможно насколько возможно насколько возможно насколько возможно насколько возможно насколько возможно насколько возможно насколько возможно насколько возможно насколько возможно насколько возможно насколько возможно насколько возможно насколько возможно насколько возможно насколько возможно насколько возможно насколько возможно насколько возможно насколько возможно насколько возможно насколько возможно насколько возможно насколько возможно насколько возможно", "numeric_answer": null, "relative_error": null, "thinking_text": null, "has_tool_call": false, "tool_call": null, "usage": {"prompt_tokens": 191, "completion_tokens": 256, "total_tokens": 447, "token_count_source": "tokenizer"}, "decoding": {"temperature": 0.2, "top_p": null, "top_k": null, "max_tokens": 256, "seed": 42}, "prompt_tokens": 191, "completion_tokens": 256, "total_tokens": 447, "token_count_source": "tokenizer", "diffusion_steps": null, "flops_estimate": null, "flops_arch": null, "flops_model_params": null, "flops_active_params": null, "tokens_non_final": 245, "tokens_reasoning": 0, "tokens_response": 245, "elapsed_seconds": 18.825024366378784, "judgement": "Uncategorized"}
{"id": "tips_001167", "topic": "tips", "subtopic": "tips_service", "prompt": "Bill is $37.99; service fee 5% and tip 18%. About how much do you pay in total?", "exact_value": 47.07, "model": "tiiuae/Falcon-H1-7B-Instruct", "provider": "transformers", "response": "ацииация процентов путем округления процентов до ближайшего целого числа процентов и соответственно процентов до процентов процентов процентов процентов процентов процентов процентов процентов процентов процентов процентов процентов процентов процентов процентов процентов процентов процентов процентов процентов процентов процентов процентов процентов процентов процентов процентов процентов процентов процентов процентов процентов процентов процентов процентов процентов процентов процентов процентов процентов процентов процентов процентов процентов процентов процентов процентов процентов процентов процентов процентов процентов процентов процентов процентов процентов процентов процентов процентов процентов процентов процентов процентов процентов процентов процентов процентов процентов процентов процентов процентов процентов процентов процентов процентов процентов процентов процентов процентов процентов процентов процентов процентов процентов процентов процентов процентов процентов процентов процентов процентов процентов процентов процентов процентов процентов процентов процентов процентов процентов процентов процентов процентов процентов процентов процентов процентов процентов процентов процентов процентов процентов процентов процентов процентов процентов процентов процентов процентов процентов процентов процентов процентов процентов процентов процентов процентов процентов процентов процентов процентов процентов процентов процентов процентов процентов процентов процентов процентов процентов процентов процентов процентов процентов процентов процентов процентов процентов процентов процентов процентов процентов процентов процентов процентов процентов процентов процентов процентов процентов процентов процентов процентов процентов процентов процентов процентов процентов процентов процентов процентов процентов процентов процентов процентов процентов процентов процентов процентов процентов процентов процентов процентов процентов процентов процентов процентов процентов процентов процентов процентов процентов процентов процентов процентов процентов процентов процентов процентов процентов процентов процентов процентов процентов процентов процентов процентов процентов процентов процентов процентов процентов процентов процентов процентов процентов процентов процентов процентов процентов процентов процентов процентов процентов процентов процентов процентов процентов процентов процентов процентов процентов процентов процентов процентов процентов процентов процентов", "numeric_answer": null, "relative_error": null, "thinking_text": null, "has_tool_call": false, "tool_call": null, "usage": {"prompt_tokens": 191, "completion_tokens": 256, "total_tokens": 447, "token_count_source": "tokenizer"}, "decoding": {"temperature": 0.2, "top_p": null, "top_k": null, "max_tokens": 256, "seed": 42}, "prompt_tokens": 191, "completion_tokens": 256, "total_tokens": 447, "token_count_source": "tokenizer", "diffusion_steps": null, "flops_estimate": null, "flops_arch": null, "flops_model_params": null, "flops_active_params": null, "tokens_non_final": 252, "tokens_reasoning": 0, "tokens_response": 252, "elapsed_seconds": 19.064510345458984, "judgement": "Uncategorized"}
{"id": "tips_001187", "topic": "tips", "subtopic": "tips_service", "prompt": "Bill is $68.55; service fee 0% and tip 22%. About how much do you pay in total?", "exact_value": 83.63, "model": "tiiuae/Falcon-H1-7B-Instruct", "provider": "transformers", "response": "альными расчетами согласно правилам насколько возможно приблизительно рассчитаем итоговую сумму оплаты согласно приведенным данным насколько возможно быстро насколько возможно приблизительно согласно приведенным данным насколько возможно насколько возможно насколько возможно насколько возможно насколько возможно насколько возможно насколько возможно насколько возможно насколько возможно насколько возможно насколько возможно насколько возможно насколько возможно насколько возможно насколько возможно насколько возможно насколько возможно насколько возможно насколько возможно насколько возможно насколько возможно насколько возможно насколько возможно насколько возможно насколько возможно насколько возможно насколько возможно насколько возможно насколько возможно насколько возможно насколько возможно насколько возможно насколько возможно насколько возможно насколько возможно насколько возможно насколько возможно насколько возможно насколько возможно насколько возможно насколько возможно насколько возможно насколько возможно насколько возможно насколько возможно насколько возможно насколько возможно насколько возможно насколько возможно насколько возможно насколько возможно насколько возможно насколько возможно насколько возможно насколько возможно насколько возможно насколько возможно насколько возможно насколько возможно насколько возможно насколько возможно насколько возможно насколько возможно насколько возможно насколько возможно насколько возможно насколько возможно насколько возможно насколько возможно насколько возможно насколько возможно насколько возможно насколько возможно насколько возможно насколько возможно насколько возможно насколько возможно насколько возможно насколько возможно насколько возможно насколько возможно насколько возможно насколько возможно насколько возможно насколько возможно насколько возможно насколько возможно насколько возможно насколько возможно насколько возможно насколько возможно насколько возможно насколько возможно насколько возможно насколько возможно насколько возможно насколько возможно насколько возможно насколько возможно насколько возможно насколько возможно насколько возможно насколько возможно насколько возможно насколько возможно насколько возможно насколько возможно насколько возможно насколько возможно насколько возможно насколько возможно", "numeric_answer": null, "relative_error": null, "thinking_text": null, "has_tool_call": false, "tool_call": null, "usage": {"prompt_tokens": 191, "completion_tokens": 256, "total_tokens": 447, "token_count_source": "tokenizer"}, "decoding": {"temperature": 0.2, "top_p": null, "top_k": null, "max_tokens": 256, "seed": 42}, "prompt_tokens": 191, "completion_tokens": 256, "total_tokens": 447, "token_count_source": "tokenizer", "diffusion_steps": null, "flops_estimate": null, "flops_arch": null, "flops_model_params": null, "flops_active_params": null, "tokens_non_final": 245, "tokens_reasoning": 0, "tokens_response": 245, "elapsed_seconds": 18.913522005081177, "judgement": "Uncategorized"}
{"id": "tips_001207", "topic": "tips", "subtopic": "tips_service", "prompt": "Bill is $73.94; service fee 5% and tip 20%. About how much do you pay in total?", "exact_value": 93.16, "model": "tiiuae/Falcon-H1-7B-Instruct", "provider": "transformers", "response": "ацииация процентов путем округления процентов до ближайшего целого числа процентов и соответственно процентов до процентов процентов процентов процентов процентов процентов процентов процентов процентов процентов процентов процентов процентов процентов процентов процентов процентов процентов процентов процентов процентов процентов процентов процентов процентов процентов процентов процентов процентов процентов процентов процентов процентов процентов процентов процентов процентов процентов процентов процентов процентов процентов процентов процентов процентов процентов процентов процентов процентов процентов процентов процентов процентов процентов процентов процентов процентов процентов процентов процентов процентов процентов процентов процентов процентов процентов процентов процентов процентов процентов процентов процентов процентов процентов процентов процентов процентов процентов процентов процентов процентов процентов процентов процентов процентов процентов процентов процентов процентов процентов процентов процентов процентов процентов процентов процентов процентов процентов процентов процентов процентов процентов процентов процентов процентов процентов процентов процентов процентов процентов процентов процентов процентов процентов процентов процентов процентов процентов процентов процентов процентов процентов процентов процентов процентов процентов процентов процентов процентов процентов процентов процентов процентов процентов процентов процентов процентов процентов процентов процентов процентов процентов процентов процентов процентов процентов процентов процентов процентов процентов процентов процентов процентов процентов процентов процентов процентов процентов процентов процентов процентов процентов процентов процентов процентов процентов процентов процентов процентов процентов процентов процентов процентов процентов процентов процентов процентов процентов процентов процентов процентов процентов процентов процентов процентов процентов процентов процентов процентов процентов процентов процентов процентов процентов процентов процентов процентов процентов процентов процентов процентов процентов процентов процентов процентов процентов процентов процентов процентов процентов процентов процентов процентов процентов процентов процентов процентов процентов процентов процентов процентов процентов процентов процентов процентов процентов процентов процентов процентов процентов процентов процентов процентов процентов процентов процентов процентов процентов", "numeric_answer": null, "relative_error": null, "thinking_text": null, "has_tool_call": false, "tool_call": null, "usage": {"prompt_tokens": 191, "completion_tokens": 256, "total_tokens": 447, "token_count_source": "tokenizer"}, "decoding": {"temperature": 0.2, "top_p": null, "top_k": null, "max_tokens": 256, "seed": 42}, "prompt_tokens": 191, "completion_tokens": 256, "total_tokens": 447, "token_count_source": "tokenizer", "diffusion_steps": null, "flops_estimate": null, "flops_arch": null, "flops_model_params": null, "flops_active_params": null, "tokens_non_final": 252, "tokens_reasoning": 0, "tokens_response": 252, "elapsed_seconds": 18.685348749160767, "judgement": "Uncategorized"}
{"id": "tips_001227", "topic": "tips", "subtopic": "tips_service", "prompt": "Bill is $89.16; service fee 0% and tip 20%. About how much do you pay in total?", "exact_value": 106.99, "model": "tiiuae/Falcon-H1-7B-Instruct", "provider": "transformers", "response": "альными расчетами насколько возможно насколько возможно насколько возможно насколько возможно насколько возможно насколько возможно насколько возможно насколько возможно насколько возможно насколько возможно насколько возможно насколько возможно насколько возможно насколько возможно насколько возможно насколько возможно насколько возможно насколько возможно насколько возможно насколько возможно насколько возможно насколько возможно насколько возможно насколько возможно насколько возможно насколько возможно насколько возможно насколько возможно насколько возможно насколько возможно насколько возможно насколько возможно насколько возможно насколько возможно насколько возможно насколько возможно насколько возможно насколько возможно насколько возможно насколько возможно насколько возможно насколько возможно насколько возможно насколько возможно насколько возможно насколько возможно насколько возможно насколько возможно насколько возможно насколько возможно насколько возможно насколько возможно насколько возможно насколько возможно насколько возможно насколько возможно насколько возможно насколько возможно насколько возможно насколько возможно насколько возможно насколько возможно насколько возможно насколько возможно насколько возможно насколько возможно насколько возможно насколько возможно насколько возможно насколько возможно насколько возможно насколько возможно насколько возможно насколько возможно насколько возможно насколько возможно насколько возможно насколько возможно насколько возможно насколько возможно насколько возможно насколько возможно насколько возможно насколько возможно насколько возможно насколько возможно насколько возможно насколько возможно насколько возможно насколько возможно насколько возможно насколько возможно насколько возможно насколько возможно насколько возможно насколько возможно насколько возможно насколько возможно насколько возможно насколько возможно насколько возможно насколько возможно насколько возможно насколько возможно насколько возможно насколько возможно насколько возможно насколько возможно насколько возможно насколько возможно насколько возможно насколько возможно насколько возможно насколько возможно насколько возможно насколько возможно насколько возможно насколько возможно насколько возможно насколько возможно насколько возможно насколько возможно насколько возможно насколько возможно насколько возможно насколько возможно насколько", "numeric_answer": null, "relative_error": null, "thinking_text": null, "has_tool_call": false, "tool_call": null, "usage": {"prompt_tokens": 191, "completion_tokens": 256, "total_tokens": 447, "token_count_source": "tokenizer"}, "decoding": {"temperature": 0.2, "top_p": null, "top_k": null, "max_tokens": 256, "seed": 42}, "prompt_tokens": 191, "completion_tokens": 256, "total_tokens": 447, "token_count_source": "tokenizer", "diffusion_steps": null, "flops_estimate": null, "flops_arch": null, "flops_model_params": null, "flops_active_params": null, "tokens_non_final": 255, "tokens_reasoning": 0, "tokens_response": 255, "elapsed_seconds": 19.16558289527893, "judgement": "Uncategorized"}
{"id": "tips_001247", "topic": "tips", "subtopic": "tips_service", "prompt": "Bill is $77.57; service fee 0% and tip 22%. About how much do you pay in total?", "exact_value": 94.64, "model": "tiiuae/Falcon-H1-7B-Instruct", "provider": "transformers", "response": "ацииация процентов насколько возможно быстрее насколько возможно быстрее насколько возможно быстрее насколько возможно быстрее насколько возможно быстрее насколько возможно быстрее насколько возможно быстрее насколько возможно быстрее насколько возможно быстрее насколько возможно быстрее насколько возможно быстрее насколько возможно быстрее насколько возможно быстрее насколько возможно быстрее насколько возможно быстрее насколько возможно быстрее насколько возможно быстрее насколько возможно быстрее насколько возможно быстрее насколько возможно быстрее насколько возможно быстрее насколько возможно быстрее насколько возможно быстрее насколько возможно быстрее насколько возможно быстрее насколько возможно быстрее насколько возможно быстрее насколько возможно быстрее насколько возможно быстрее насколько возможно быстрее насколько возможно быстрее насколько возможно быстрее насколько возможно быстрее насколько возможно быстрее насколько возможно быстрее насколько возможно быстрее насколько возможно быстрее насколько возможно быстрее насколько возможно быстрее насколько возможно быстрее насколько возможно быстрее насколько возможно быстрее насколько возможно быстрее насколько возможно быстрее насколько возможно быстрее насколько возможно быстрее насколько возможно быстрее насколько возможно быстрее насколько возможно быстрее насколько возможно быстрее насколько возможно быстрее насколько возможно быстрее насколько возможно быстрее насколько возможно быстрее насколько возможно быстрее насколько возможно быстрее насколько возможно быстрее насколько возможно быстрее насколько возможно быстрее насколько возможно быстрее насколько возможно быстрее насколько возможно быстрее насколько возможно быстрее насколько возможно быстрее насколько возможно быстрее насколько возможно быстрее насколько возможно быстрее насколько возможно быстрее насколько возможно быстрее насколько возможно быстрее насколько возможно быстрее насколько возможно быстрее насколько возможно быстрее насколько возможно быстрее насколько возможно быстрее насколько возможно быстрее насколько возможно быстрее насколько возможно быстрее насколько возможно быстрее насколько возможно быстрее насколько возможно быстрее насколько возможно быстрее насколько возможно быстрее насколько возможно быстрее насколько", "numeric_answer": null, "relative_error": null, "thinking_text": null, "has_tool_call": false, "tool_call": null, "usage": {"prompt_tokens": 191, "completion_tokens": 256, "total_tokens": 447, "token_count_source": "tokenizer"}, "decoding": {"temperature": 0.2, "top_p": null, "top_k": null, "max_tokens": 256, "seed": 42}, "prompt_tokens": 191, "completion_tokens": 256, "total_tokens": 447, "token_count_source": "tokenizer", "diffusion_steps": null, "flops_estimate": null, "flops_arch": null, "flops_model_params": null, "flops_active_params": null, "tokens_non_final": 255, "tokens_reasoning": 0, "tokens_response": 255, "elapsed_seconds": 18.815062284469604, "judgement": "Uncategorized"}
{"id": "tips_001267", "topic": "tips", "subtopic": "tips_service", "prompt": "Bill is $17.65; service fee 0% and tip 15%. About how much do you pay in total?", "exact_value": 20.3, "model": "tiiuae/Falcon-H1-7B-Instruct", "provider": "transformers", "response": "ацииация согласно правилам приведёт к следующему решению насколько это возможно насколько это возможно насколько насколько насколько насколько насколько насколько насколько насколько насколько насколько насколько насколько насколько насколько насколько насколько насколько насколько насколько насколько насколько насколько насколько насколько насколько насколько насколько насколько насколько насколько насколько насколько насколько насколько насколько насколько насколько насколько насколько насколько насколько насколько насколько насколько насколько насколько насколько насколько насколько насколько насколько насколько насколько насколько насколько насколько насколько насколько насколько насколько насколько насколько насколько насколько насколько насколько насколько насколько насколько насколько насколько насколько насколько насколько насколько насколько насколько насколько насколько насколько насколько насколько насколько насколько насколько насколько насколько насколько насколько насколько насколько насколько насколько насколько насколько насколько насколько насколько насколько насколько насколько насколько насколько насколько насколько насколько насколько насколько насколько насколько насколько насколько насколько насколько насколько насколько насколько насколько насколько насколько насколько насколько насколько насколько насколько насколько насколько насколько насколько насколько насколько насколько насколько насколько насколько насколько насколько насколько насколько насколько насколько насколько насколько насколько насколько насколько насколько насколько насколько насколько насколько насколько насколько насколько насколько насколько насколько насколько насколько насколько насколько насколько насколько насколько насколько насколько насколько насколько насколько насколько насколько насколько насколько насколько насколько насколько насколько насколько насколько насколько насколько насколько насколько насколько насколько насколько насколько насколько насколько насколько насколько насколько насколько насколько насколько насколько насколько насколько насколько насколько насколько насколько насколько насколько насколько насколько насколько насколько насколько насколько насколько насколько насколько насколько насколько насколько насколько насколько насколько насколько насколько насколько насколько насколько насколько насколько насколько насколько насколько насколько насколько насколько насколько насколько насколько насколько насколько насколько насколько", "numeric_answer": null, "relative_error": null, "thinking_text": null, "has_tool_call": false, "tool_call": null, "usage": {"prompt_tokens": 191, "completion_tokens": 256, "total_tokens": 447, "token_count_source": "tokenizer"}, "decoding": {"temperature": 0.2, "top_p": null, "top_k": null, "max_tokens": 256, "seed": 42}, "prompt_tokens": 191, "completion_tokens": 256, "total_tokens": 447, "token_count_source": "tokenizer", "diffusion_steps": null, "flops_estimate": null, "flops_arch": null, "flops_model_params": null, "flops_active_params": null, "tokens_non_final": 252, "tokens_reasoning": 0, "tokens_response": 252, "elapsed_seconds": 18.782496213912964, "judgement": "Uncategorized"}
{"id": "tips_001287", "topic": "tips", "subtopic": "tips_service", "prompt": "Bill is $107.76; service fee 5% and tip 15%. About how much do you pay in total?", "exact_value": 130.12, "model": "tiiuae/Falcon-H1-7B-Instruct", "provider": "transformers", "response": "альнымиальнымиальнымиальнымиальнымиальнымиальнымиальнымиальнымиальнымиальнымиальнымиальнымиальнымиальнымиальнымиальнымиальнымиальнымиальнымиальнымиальнымиальнымиальнымиальнымиальнымиальнымиальнымиальнымиальнымиальнымиальнымиальнымиальнымиальнымиальнымиальнымиальнымиальнымиальнымиальнымиальнымиальнымиальнымиальнымиальнымиальнымиальнымиальнымиальнымиальнымиальнымиальнымиальнымиальнымиальнымиальнымиальнымиальнымиальнымиальнымиальнымиальнымиальнымиальнымиальнымиальнымиальнымиальнымиальнымиальнымиальнымиальнымиальнымиальнымиальнымиальнымиальнымиальнымиальнымиальнымиальнымиальнымиальнымиальнымиальнымиальнымиальнымиальнымиальнымиальнымиальнымиальнымиальнымиальнымиальнымиальнымиальнымиальнымиальнымиальнымиальнымиальнымиальнымиальнымиальнымиальнымиальнымиальнымиальнымиальнымиальнымиальнымиальнымиальнымиальнымиальнымиальнымиальнымиальнымиальнымиальнымиальнымиальнымиальнымиальнымиальнымиальнымиальнымиальнымиальнымиальнымиальнымиальнымиальнымиальнымиальнымиальнымиальнымиальнымиальнымиальнымиальнымиальнымиальнымиальнымиальнымиальнымиальнымиальнымиальнымиальнымиальнымиальнымиальнымиальнымиальнымиальнымиальнымиальнымиальнымиальнымиальнымиальнымиальнымиальнымиальнымиальнымиальнымиальнымиальнымиальнымиальнымиальнымиальнымиальнымиальнымиальнымиальнымиальнымиальнымиальнымиальнымиальнымиальнымиальнымиальнымиальнымиальнымиальнымиальнымиальнымиальнымиальнымиальнымиальнымиальнымиальнымиальнымиальнымиальнымиальнымиальнымиальнымиальнымиальнымиальнымиальнымиальнымиальнымиальнымиальнымиальнымиальнымиальнымиальнымиальнымиальнымиальнымиальнымиальнымиальнымиальнымиальнымиальнымиальнымиальнымиальнымиальнымиальнымиальнымиальнымиальнымиальнымиальнымиальнымиальнымиальнымиальнымиальнымиальнымиальнымиальнымиальнымиальнымиальнымиальнымиальнымиальнымиальнымиальнымиальнымиальнымиальнымиальнымиальными", "numeric_answer": null, "relative_error": null, "thinking_text": null, "has_tool_call": false, "tool_call": null, "usage": {"prompt_tokens": 192, "completion_tokens": 256, "total_tokens": 448, "token_count_source": "tokenizer"}, "decoding": {"temperature": 0.2, "top_p": null, "top_k": null, "max_tokens": 256, "seed": 42}, "prompt_tokens": 192, "completion_tokens": 256, "total_tokens": 448, "token_count_source": "tokenizer", "diffusion_steps": null, "flops_estimate": null, "flops_arch": null, "flops_model_params": null, "flops_active_params": null, "tokens_non_final": 1, "tokens_reasoning": 0, "tokens_response": 1, "elapsed_seconds": 19.041136741638184, "judgement": "Uncategorized"}
{"id": "tips_001307", "topic": "tips", "subtopic": "tips_service", "prompt": "Bill is $49.18; service fee 0% and tip 20%. About how much do you pay in total?", "exact_value": 59.02, "model": "tiiuae/Falcon-H1-7B-Instruct", "provider": "transformers", "response": "ацииация согласно правилам приведёт к следующему результации согласно правилам приведёт к следующему результации согласно правилальным согласно правилальным согласноальным согласноальным согласноальным согласноальным согласноальным согласноальным согласноальным согласноальным согласноальным согласноальным согласноальным согласноальным согласноальным согласноальным согласноальным согласноальным согласноальным согласноальным согласноальным согласноальным согласноальным согласноальным согласноальным согласноальным согласноальным согласноальным согласноальным согласноальным согласноальным согласноальным согласноальным согласноальным согласноальным согласноальным согласноальным согласноальным согласноальным согласноальным согласноальным согласноальным согласноальным согласноальным согласноальным согласноальным согласноальным согласноальным согласноальным согласноальным согласноальным согласноальным согласноальным согласноальным согласноальным согласноальным согласноальным согласноальным согласноальным согласноальным согласноальным согласноальным согласноальным согласноальным согласноальным согласноальным согласноальным согласноальным согласноальным согласноальным согласноальным согласноальным согласноальным согласноальным согласноальным согласноальным согласноальным согласноальным согласноальным согласноальным согласноальным согласноальным согласноальным согласноальным согласноальным согласноальным согласноальным согласноальным согласноальным согласноальным согласноальным согласноальным согласноальным согласноальным согласноальным согласноальным согласноальным согласноальным согласноальным согласноальным согласноальным согласноальным согласноальным согласноальным согласноальным согласноальным согласноальным согласноальным согласноальным согласноальным согласноальным согласноальным согласноальным согласноальным согласноальным согласноальным", "numeric_answer": null, "relative_error": null, "thinking_text": null, "has_tool_call": false, "tool_call": null, "usage": {"prompt_tokens": 191, "completion_tokens": 256, "total_tokens": 447, "token_count_source": "tokenizer"}, "decoding": {"temperature": 0.2, "top_p": null, "top_k": null, "max_tokens": 256, "seed": 42}, "prompt_tokens": 191, "completion_tokens": 256, "total_tokens": 447, "token_count_source": "tokenizer", "diffusion_steps": null, "flops_estimate": null, "flops_arch": null, "flops_model_params": null, "flops_active_params": null, "tokens_non_final": 131, "tokens_reasoning": 0, "tokens_response": 131, "elapsed_seconds": 18.992974281311035, "judgement": "Uncategorized"}
{"id": "tips_001327", "topic": "tips", "subtopic": "tips_service", "prompt": "Bill is $43.49; service fee 5% and tip 18%. About how much do you pay in total?", "exact_value": 53.88, "model": "tiiuae/Falcon-H1-7B-Instruct", "provider": "transformers", "response": "ацииация процентовования процентовования процентовования процентовования процентовования процентовования процентовования процентовования процентовования процентовования процентовования процентовования процентовования процентовования процентовования процентовования процентовования процентовования процентовования процентовования процентовования процентовования процентовования процентовования процентовования процентовования процентовования процентовования процентовования процентовования процентовования процентовования процентовования процентовования процентовования процентовования процентовования процентовования процентовования процентовования процентовования процентовования процентовования процентовования процентовования процентовования процентовования процентовования процентовования процентовования процентовования процентовования процентовования процентовования процентовования процентовования процентовования процентовования процентовования процентовования процентовования процентовования процентовования процентовования процентовования процентовования процентовования процентовования процентовования процентовования процентовования процентовования процентовования процентовования процентовования процентовования процентовования процентовования процентовования процентовования процентовования процентовования процентовования процентовования процентовования процентовования процентовования процентовования процентовования процентовования процентовования процентовования процентовования процентовования процентовования процентовования процентовования процентовования процентовования процентовования процентовования процентовования процентовования процентовования процентовования процентовования процентовования процентовования процентовования процентовования процентовования процентовования процентовования процентовования процентовования процентовования процентовования процентовования процентовования процентовования процентовования процентовования процентовования процентовования процентовования процентовования процентовования", "numeric_answer": null, "relative_error": null, "thinking_text": null, "has_tool_call": false, "tool_call": null, "usage": {"prompt_tokens": 191, "completion_tokens": 256, "total_tokens": 447, "token_count_source": "tokenizer"}, "decoding": {"temperature": 0.2, "top_p": null, "top_k": null, "max_tokens": 256, "seed": 42}, "prompt_tokens": 191, "completion_tokens": 256, "total_tokens": 447, "token_count_source": "tokenizer", "diffusion_steps": null, "flops_estimate": null, "flops_arch": null, "flops_model_params": null, "flops_active_params": null, "tokens_non_final": 128, "tokens_reasoning": 0, "tokens_response": 128, "elapsed_seconds": 18.84776520729065, "judgement": "Uncategorized"}
{"id": "fermi_000103", "topic": "fermi", "subtopic": "crowd_density", "prompt": "A plaza is about 70 m by 20 m, with roughly 4 people per square meter. About how many people are there?", "exact_value": 5600, "model": "tiiuae/Falcon-H1-7B-Instruct", "provider": "transformers", "response": "�альное решение согласно правилальным указания kompensирует возможные неточности путем округления до близких чисел насколько это возможно согласно контектически ожидаемой точности исходных данных насколько это возможно согласно контектически ожидаемой точности исходных данных насколько насколько насколько насколько насколько насколько насколько насколько насколько насколько насколько насколько насколько насколько насколько насколько насколько насколько насколько насколько насколько насколько насколько насколько насколько насколько насколько насколько насколько насколько насколько насколько насколько насколько насколько насколько насколько насколько насколько насколько насколько насколько насколько насколько насколько насколько насколько насколько насколько насколько насколько насколько насколько насколько насколько насколько насколько насколько насколько насколько насколько насколько насколько насколько насколько насколько насколько насколько насколько насколько насколько насколько насколько насколько насколько насколько насколько насколько насколько насколько насколько насколько насколько насколько насколько насколько насколько насколько насколько насколько насколько насколько насколько насколько насколько насколько насколько насколько насколько насколько насколько насколько насколько насколько насколько насколько насколько насколько насколько насколько насколько насколько насколько насколько насколько насколько насколько насколько насколько насколько насколько насколько насколько насколько насколько насколько насколько насколько насколько насколько насколько насколько насколько насколько насколько насколько насколько насколько насколько насколько насколько насколько насколько насколько насколько насколько насколько насколько насколько насколько насколько насколько насколько насколько насколько насколько насколько насколько насколько насколько насколько насколько насколько насколько насколько насколько насколько насколько насколько насколько насколько насколько насколько насколько насколько насколько насколько насколько насколько насколько насколько насколько насколько насколько насколько насколько насколько насколько насколько насколько насколько насколько насколько насколько насколько насколько насколько насколько насколько насколько насколько насколько насколько", "numeric_answer": null, "relative_error": null, "thinking_text": null, "has_tool_call": false, "tool_call": null, "usage": {"prompt_tokens": 192, "completion_tokens": 256, "total_tokens": 448, "token_count_source": "tokenizer"}, "decoding": {"temperature": 0.2, "top_p": null, "top_k": null, "max_tokens": 256, "seed": 42}, "prompt_tokens": 192, "completion_tokens": 256, "total_tokens": 448, "token_count_source": "tokenizer", "diffusion_steps": null, "flops_estimate": null, "flops_arch": null, "flops_model_params": null, "flops_active_params": null, "tokens_non_final": 234, "tokens_reasoning": 0, "tokens_response": 234, "elapsed_seconds": 18.723642349243164, "judgement": "Uncategorized"}
{"id": "fermi_000123", "topic": "fermi", "subtopic": "crowd_density", "prompt": "A plaza is about 70 m by 35 m, with roughly 4 people per square meter. About how many people are there?", "exact_value": 9800, "model": "tiiuae/Falcon-H1-7B-Instruct", "provider": "transformers", "response": "тически площадь платива составляет около процентовирует насколько процентов процентов процентов процентов процентов процентов процентов процентов процентов процентов процентов процентов процентов процентов процентов процентов процентов процентов процентов процентов процентов процентов процентов процентов процентов процентов процентов процентов процентов процентов процентов процентов процентов процентов процентов процентов процентов процентов процентов процентов процентов процентов процентов процентов процентов процентов процентов процентов процентов процентов процентов процентов процентов процентов процентов процентов процентов процентов процентов процентов процентов процентов процентов процентов процентов процентов процентов процентов процентов процентов процентов процентов процентов процентов процентов процентов процентов процентов процентов процентов процентов процентов процентов процентов процентов процентов процентов процентов процентов процентов процентов процентов процентов процентов процентов процентов процентов процентов процентов процентов процентов процентов процентов процентов процентов процентов процентов процентов процентов процентов процентов процентов процентов процентов процентов процентов процентов процентов процентов процентов процентов процентов процентов процентов процентов процентов процентов процентов процентов процентов процентов процентов процентов процентов процентов процентов процентов процентов процентов процентов процентов процентов процентов процентов процентов процентов процентов процентов процентов процентов процентов процентов процентов процентов процентов процентов процентов процентов процентов процентов процентов процентов процентов процентов процентов процентов процентов процентов процентов процентов процентов процентов процентов процентов процентов процентов процентов процентов процентов процентов процентов процентов процентов процентов процентов процентов процентов процентов процентов процентов процентов процентов процентов процентов процентов процентов процентов процентов процентов процентов процентов процентов процентов процентов процентов процентов процентов процентов процентов процентов процентов процентов процентов процентов процентов процентов процентов процентов процентов процентов процентов процентов процентов процентов процентов процентов процентов процентов процентов процентов процентов процентов процентов процентов процентов процентов процентов процентов процентов процентов процентов процентов процентов процентов процентов процентов", "numeric_answer": null, "relative_error": null, "thinking_text": null, "has_tool_call": false, "tool_call": null, "usage": {"prompt_tokens": 192, "completion_tokens": 256, "total_tokens": 448, "token_count_source": "tokenizer"}, "decoding": {"temperature": 0.2, "top_p": null, "top_k": null, "max_tokens": 256, "seed": 42}, "prompt_tokens": 192, "completion_tokens": 256, "total_tokens": 448, "token_count_source": "tokenizer", "diffusion_steps": null, "flops_estimate": null, "flops_arch": null, "flops_model_params": null, "flops_active_params": null, "tokens_non_final": 253, "tokens_reasoning": 0, "tokens_response": 253, "elapsed_seconds": 18.88309121131897, "judgement": "Uncategorized"}
{"id": "fermi_000143", "topic": "fermi", "subtopic": "crowd_density", "prompt": "A plaza is about 30 m by 20 m, with roughly 1 people per square meter. About how many people are there?", "exact_value": 600, "model": "tiiuae/Falcon-H1-7B-Instruct", "provider": "transformers", "response": "тически площадь плации составляет около процентовирует процентов процентов процентов процентов процентов процентов процентов процентов процентов процентов процентов процентов процентов процентов процентов процентов процентов процентов процентов процентов процентов процентов процентов процентов процентов процентов процентов процентов процентов процентов процентов процентов процентов процентов процентов процентов процентов процентов процентов процентов процентов процентов процентов процентов процентов процентов процентов процентов процентов процентов процентов процентов процентов процентов процентов процентов процентов процентов процентов процентов процентов процентов процентов процентов процентов процентов процентов процентов процентов процентов процентов процентов процентов процентов процентов процентов процентов процентов процентов процентов процентов процентов процентов процентов процентов процентов процентов процентов процентов процентов процентов процентов процентов процентов процентов процентов процентов процентов процентов процентов процентов процентов процентов процентов процентов процентов процентов процентов процентов процентов процентов процентов процентов процентов процентов процентов процентов процентов процентов процентов процентов процентов процентов процентов процентов процентов процентов процентов процентов процентов процентов процентов процентов процентов процентов процентов процентов процентов процентов процентов процентов процентов процентов процентов процентов процентов процентов процентов процентов процентов процентов процентов процентов процентов процентов процентов процентов процентов процентов процентов процентов процентов процентов процентов процентов процентов процентов процентов процентов процентов процентов процентов процентов процентов процентов процентов процентов процентов процентов процентов процентов процентов процентов процентов процентов процентов процентов процентов процентов процентов процентов процентов процентов процентов процентов процентов процентов процентов процентов процентов процентов процентов процентов процентов процентов процентов процентов процентов процентов процентов процентов процентов процентов процентов процентов процентов процентов процентов процентов процентов процентов процентов процентов процентов процентов процентов процентов процентов процентов процентов процентов процентов процентов процентов процентов процентов процентов процентов процентов процентов процентов процентов процентов процентов процентов процентов процентов процентов", "numeric_answer": null, "relative_error": null, "thinking_text": null, "has_tool_call": false, "tool_call": null, "usage": {"prompt_tokens": 192, "completion_tokens": 256, "total_tokens": 448, "token_count_source": "tokenizer"}, "decoding": {"temperature": 0.2, "top_p": null, "top_k": null, "max_tokens": 256, "seed": 42}, "prompt_tokens": 192, "completion_tokens": 256, "total_tokens": 448, "token_count_source": "tokenizer", "diffusion_steps": null, "flops_estimate": null, "flops_arch": null, "flops_model_params": null, "flops_active_params": null, "tokens_non_final": 254, "tokens_reasoning": 0, "tokens_response": 254, "elapsed_seconds": 18.74269390106201, "judgement": "Uncategorized"}
{"id": "fermi_000163", "topic": "fermi", "subtopic": "crowd_density", "prompt": "A plaza is about 70 m by 35 m, with roughly 3 people per square meter. About how many people are there?", "exact_value": 7350, "model": "tiiuae/Falcon-H1-7B-Instruct", "provider": "transformers", "response": "тически площадь платива составляет около процентовирует насколько процентов процентов процентов процентов процентов процентов процентов процентов процентов процентов процентов процентов процентов процентов процентов процентов процентов процентов процентов процентов процентов процентов процентов процентов процентов процентов процентов процентов процентов процентов процентов процентов процентов процентов процентов процентов процентов процентов процентов процентов процентов процентов процентов процентов процентов процентов процентов процентов процентов процентов процентов процентов процентов процентов процентов процентов процентов процентов процентов процентов процентов процентов процентов процентов процентов процентов процентов процентов процентов процентов процентов процентов процентов процентов процентов процентов процентов процентов процентов процентов процентов процентов процентов процентов процентов процентов процентов процентов процентов процентов процентов процентов процентов процентов процентов процентов процентов процентов процентов процентов процентов процентов процентов процентов процентов процентов процентов процентов процентов процентов процентов процентов процентов процентов процентов процентов процентов процентов процентов процентов процентов процентов процентов процентов процентов процентов процентов процентов процентов процентов процентов процентов процентов процентов процентов процентов процентов процентов процентов процентов процентов процентов процентов процентов процентов процентов процентов процентов процентов процентов процентов процентов процентов процентов процентов процентов процентов процентов процентов процентов процентов процентов процентов процентов процентов процентов процентов процентов процентов процентов процентов процентов процентов процентов процентов процентов процентов процентов процентов процентов процентов процентов процентов процентов процентов процентов процентов процентов процентов процентов процентов процентов процентов процентов процентов процентов процентов процентов процентов процентов процентов процентов процентов процентов процентов процентов процентов процентов процентов процентов процентов процентов процентов процентов процентов процентов процентов процентов процентов процентов процентов процентов процентов процентов процентов процентов процентов процентов процентов процентов процентов процентов процентов процентов процентов процентов процентов процентов процентов процентов процентов процентов процентов процентов процентов процентов", "numeric_answer": null, "relative_error": null, "thinking_text": null, "has_tool_call": false, "tool_call": null, "usage": {"prompt_tokens": 192, "completion_tokens": 256, "total_tokens": 448, "token_count_source": "tokenizer"}, "decoding": {"temperature": 0.2, "top_p": null, "top_k": null, "max_tokens": 256, "seed": 42}, "prompt_tokens": 192, "completion_tokens": 256, "total_tokens": 448, "token_count_source": "tokenizer", "diffusion_steps": null, "flops_estimate": null, "flops_arch": null, "flops_model_params": null, "flops_active_params": null, "tokens_non_final": 253, "tokens_reasoning": 0, "tokens_response": 253, "elapsed_seconds": 18.589402675628662, "judgement": "Uncategorized"}
{"id": "fermi_000183", "topic": "fermi", "subtopic": "crowd_density", "prompt": "A plaza is about 40 m by 35 m, with roughly 3 people per square meter. About how many people are there?", "exact_value": 4200, "model": "tiiuae/Falcon-H1-7B-Instruct", "provider": "transformers", "response": "тически площадь платива составляет примерно насколько процентов процентов процентов процентов процентов процентов процентов процентов процентов процентов процентов процентов процентов процентов процентов процентов процентов процентов процентов процентов процентов процентов процентов процентов процентов процентов процентов процентов процентов процентов процентов процентов процентов процентов процентов процентов процентов процентов процентов процентов процентов процентов процентов процентов процентов процентов процентов процентов процентов процентов процентов процентов процентов процентов процентов процентов процентов процентов процентов процентов процентов процентов процентов процентов процентов процентов процентов процентов процентов процентов процентов процентов процентов процентов процентов процентов процентов процентов процентов процентов процентов процентов процентов процентов процентов процентов процентов процентов процентов процентов процентов процентов процентов процентов процентов процентов процентов процентов процентов процентов процентов процентов процентов процентов процентов процентов процентов процентов процентов процентов процентов процентов процентов процентов процентов процентов процентов процентов процентов процентов процентов процентов процентов процентов процентов процентов процентов процентов процентов процентов процентов процентов процентов процентов процентов процентов процентов процентов процентов процентов процентов процентов процентов процентов процентов процентов процентов процентов процентов процентов процентов процентов процентов процентов процентов процентов процентов процентов процентов процентов процентов процентов процентов процентов процентов процентов процентов процентов процентов процентов процентов процентов процентов процентов процентов процентов процентов процентов процентов процентов процентов процентов процентов процентов процентов процентов процентов процентов процентов процентов процентов процентов процентов процентов процентов процентов процентов процентов процентов процентов процентов процентов процентов процентов процентов процентов процентов процентов процентов процентов процентов процентов процентов процентов процентов процентов процентов процентов процентов процентов процентов процентов процентов процентов процентов процентов процентов процентов процентов процентов процентов процентов процентов процентов процентов процентов процентов процентов процентов процентов процентов процентов процентов процентов процентов процентов процентов процентов", "numeric_answer": null, "relative_error": null, "thinking_text": null, "has_tool_call": false, "tool_call": null, "usage": {"prompt_tokens": 192, "completion_tokens": 256, "total_tokens": 448, "token_count_source": "tokenizer"}, "decoding": {"temperature": 0.2, "top_p": null, "top_k": null, "max_tokens": 256, "seed": 42}, "prompt_tokens": 192, "completion_tokens": 256, "total_tokens": 448, "token_count_source": "tokenizer", "diffusion_steps": null, "flops_estimate": null, "flops_arch": null, "flops_model_params": null, "flops_active_params": null, "tokens_non_final": 254, "tokens_reasoning": 0, "tokens_response": 254, "elapsed_seconds": 18.84093165397644, "judgement": "Uncategorized"}
{"id": "fermi_000203", "topic": "fermi", "subtopic": "crowd_density", "prompt": "A plaza is about 50 m by 20 m, with roughly 4 people per square meter. About how many people are there?", "exact_value": 4000, "model": "tiiuae/Falcon-H1-7B-Instruct", "provider": "transformers", "response": "тически площадь платива составляет примерно насколько процентов миллиона процентов процентов процентов процентов процентов процентов процентов процентов процентов процентов процентов процентов процентов процентов процентов процентов процентов процентов процентов процентов процентов процентов процентов процентов процентов процентов процентов процентов процентов процентов процентов процентов процентов процентов процентов процентов процентов процентов процентов процентов процентов процентов процентов процентов процентов процентов процентов процентов процентов процентов процентов процентов процентов процентов процентов процентов процентов процентов процентов процентов процентов процентов процентов процентов процентов процентов процентов процентов процентов процентов процентов процентов процентов процентов процентов процентов процентов процентов процентов процентов процентов процентов процентов процентов процентов процентов процентов процентов процентов процентов процентов процентов процентов процентов процентов процентов процентов процентов процентов процентов процентов процентов процентов процентов процентов процентов процентов процентов процентов процентов процентов процентов процентов процентов процентов процентов процентов процентов процентов процентов процентов процентов процентов процентов процентов процентов процентов процентов процентов процентов процентов процентов процентов процентов процентов процентов процентов процентов процентов процентов процентов процентов процентов процентов процентов процентов процентов процентов процентов процентов процентов процентов процентов процентов процентов процентов процентов процентов процентов процентов процентов процентов процентов процентов процентов процентов процентов процентов процентов процентов процентов процентов процентов процентов процентов процентов процентов процентов процентов процентов процентов процентов процентов процентов процентов процентов процентов процентов процентов процентов процентов процентов процентов процентов процентов процентов процентов процентов процентов процентов процентов процентов процентов процентов процентов процентов процентов процентов процентов процентов процентов процентов процентов процентов процентов процентов процентов процентов процентов процентов процентов процентов процентов процентов процентов процентов процентов процентов процентов процентов процентов процентов процентов процентов процентов процентов процентов процентов процентов процентов процентов процентов процентов процентов процентов процентов", "numeric_answer": null, "relative_error": null, "thinking_text": null, "has_tool_call": false, "tool_call": null, "usage": {"prompt_tokens": 192, "completion_tokens": 256, "total_tokens": 448, "token_count_source": "tokenizer"}, "decoding": {"temperature": 0.2, "top_p": null, "top_k": null, "max_tokens": 256, "seed": 42}, "prompt_tokens": 192, "completion_tokens": 256, "total_tokens": 448, "token_count_source": "tokenizer", "diffusion_steps": null, "flops_estimate": null, "flops_arch": null, "flops_model_params": null, "flops_active_params": null, "tokens_non_final": 254, "tokens_reasoning": 0, "tokens_response": 254, "elapsed_seconds": 18.764806509017944, "judgement": "Uncategorized"}
{"id": "fermi_000223", "topic": "fermi", "subtopic": "crowd_density", "prompt": "A plaza is about 40 m by 20 m, with roughly 1 people per square meter. About how many people are there?", "exact_value": 800, "model": "tiiuae/Falcon-H1-7B-Instruct", "provider": "transformers", "response": "тически площадь платива составляет примерно насколько процентов от общей площади согласно размерам примерно насколько процентов согласно размерам насколько процентов согласно размерам насколько процентов согласно размерам насколько процентов согласно размерам насколько процентов согласно размерам насколько процентов согласно размерам насколько процентов согласно размерам насколько процентов согласно размерам насколько процентов согласно размерам насколько процентов согласно размерам насколько процентов согласно размерам насколько процентов согласно размерам насколько процентов согласно размерам насколько процентов согласно размерам насколько процентов согласно размерам насколько процентов согласно размерам насколько процентов согласно размерам насколько процентов согласно размерам насколько процентов согласно размерам насколько процентов согласно размерам насколько процентов согласно размерам насколько процентов согласно размерам насколько процентов согласно размерам насколько процентов согласно размерам насколько процентов согласно размерам насколько процентов согласно размерам насколько процентов согласно размерам насколько процентов согласно размерам насколько процентов согласно размерам насколько процентов согласно размерам насколько процентов согласно размерам насколько процентов согласно размерам насколько процентов согласно размерам насколько процентов согласно размерам насколько процентов согласно размерам насколько процентов согласно размерам насколько процентов согласно размерам насколько процентов согласно размерам насколько процентов согласно размерам насколько процентов согласно размерам насколько процентов согласно размерам насколько процентов согласно размерам насколько процентов согласно размерам насколько процентов согласно размерам насколько процентов согласно размерам насколько процентов согласно размерам насколько процентов согласно размерам насколько процентов согласно размерам", "numeric_answer": null, "relative_error": null, "thinking_text": null, "has_tool_call": false, "tool_call": null, "usage": {"prompt_tokens": 192, "completion_tokens": 256, "total_tokens": 448, "token_count_source": "tokenizer"}, "decoding": {"temperature": 0.2, "top_p": null, "top_k": null, "max_tokens": 256, "seed": 42}, "prompt_tokens": 192, "completion_tokens": 256, "total_tokens": 448, "token_count_source": "tokenizer", "diffusion_steps": null, "flops_estimate": null, "flops_arch": null, "flops_model_params": null, "flops_active_params": null, "tokens_non_final": 205, "tokens_reasoning": 0, "tokens_response": 205, "elapsed_seconds": 18.856961011886597, "judgement": "Uncategorized"}
{"id": "fermi_000243", "topic": "fermi", "subtopic": "crowd_density", "prompt": "A plaza is about 50 m by 35 m, with roughly 1 people per square meter. About how many people are there?", "exact_value": 1750, "model": "tiiuae/Falcon-H1-7B-Instruct", "provider": "transformers", "response": "�альное решение согласно правилальным указания kompensирует возможные неточности путем округления до человечески воспринимаемого числа насколько это возможно согласно контектически предполагаемой степени точности исходных данных", "numeric_answer": null, "relative_error": null, "thinking_text": null, "has_tool_call": false, "tool_call": null, "usage": {"prompt_tokens": 192, "completion_tokens": 44, "total_tokens": 236, "token_count_source": "tokenizer"}, "decoding": {"temperature": 0.2, "top_p": null, "top_k": null, "max_tokens": 256, "seed": 42}, "prompt_tokens": 192, "completion_tokens": 44, "total_tokens": 236, "token_count_source": "tokenizer", "diffusion_steps": null, "flops_estimate": null, "flops_arch": null, "flops_model_params": null, "flops_active_params": null, "tokens_non_final": 24, "tokens_reasoning": 0, "tokens_response": 24, "elapsed_seconds": 3.251993417739868, "judgement": "Uncategorized"}
{"id": "fermi_000263", "topic": "fermi", "subtopic": "crowd_density", "prompt": "A plaza is about 40 m by 30 m, with roughly 1 people per square meter. About how many people are there?", "exact_value": 1200, "model": "tiiuae/Falcon-H1-7B-Instruct", "provider": "transformers", "response": "ацииация согласно правилам насколько возможноально насколько возможноально насколько возможноально насколько возможноально насколько возможноально насколько возможноально насколько возможноально насколько возможноально насколько возможноально насколько возможноально насколько возможноально насколько возможноально насколько возможноально насколько возможноально насколько возможноально насколько возможноально насколько возможноально насколько возможноально насколько возможноально насколько возможноально насколько возможноально насколько возможноально насколько возможноально насколько возможноально насколько возможноально насколько возможноально насколько возможноально насколько возможноально насколько возможноально насколько возможноально насколько возможноально насколько возможноально насколько возможноально насколько возможноально насколько возможноально насколько возможноально насколько возможноально насколько возможноально насколько возможноально насколько возможноально насколько возможноально насколько возможноально насколько возможноально насколько возможноально насколько возможноально насколько возможноально насколько возможноально насколько возможноально насколько возможноально насколько возможноально насколько возможноально насколько возможноально насколько возможноально насколько возможноально насколько возможноально насколько возможноально насколько возможноально насколько возможноально насколько возможноально насколько возможноально насколько возможноально насколько возможноально насколько возможноально насколько возможноально насколько возможноально насколько возможноально насколько возможноально насколько возможноально насколько возможноально насколько возможноально насколько возможноально насколько возможноально насколько возможноально насколько возможноально насколько возможноально насколько возможноально насколько возможноально насколько возможноально насколько возможноально насколько возможноально насколько возможноально насколько возможноально насколько возможноально насколько возможно", "numeric_answer": null, "relative_error": null, "thinking_text": null, "has_tool_call": false, "tool_call": null, "usage": {"prompt_tokens": 192, "completion_tokens": 256, "total_tokens": 448, "token_count_source": "tokenizer"}, "decoding": {"temperature": 0.2, "top_p": null, "top_k": null, "max_tokens": 256, "seed": 42}, "prompt_tokens": 192, "completion_tokens": 256, "total_tokens": 448, "token_count_source": "tokenizer", "diffusion_steps": null, "flops_estimate": null, "flops_arch": null, "flops_model_params": null, "flops_active_params": null, "tokens_non_final": 171, "tokens_reasoning": 0, "tokens_response": 171, "elapsed_seconds": 19.054105281829834, "judgement": "Uncategorized"}
{"id": "fermi_000283", "topic": "fermi", "subtopic": "crowd_density", "prompt": "A plaza is about 40 m by 20 m, with roughly 1 people per square meter. About how many people are there?", "exact_value": 800, "model": "tiiuae/Falcon-H1-7B-Instruct", "provider": "transformers", "response": "ациюируем насколько насколько насколько насколько насколько насколько насколько насколько насколько насколько насколько насколько насколько насколько насколько насколько насколько насколько насколько насколько насколько насколько насколько насколько насколько насколько насколько насколько насколько насколько насколько насколько насколько насколько насколько насколько насколько насколько насколько насколько насколько насколько насколько насколько насколько насколько насколько насколько насколько насколько насколько насколько насколько насколько насколько насколько насколько насколько насколько насколько насколько насколько насколько насколько насколько насколько насколько насколько насколько насколько насколько насколько насколько насколько насколько насколько насколько насколько насколько насколько насколько насколько насколько насколько насколько насколько насколько насколько насколько насколько насколько насколько насколько насколько насколько насколько насколько насколько насколько насколько насколько насколько насколько насколько насколько насколько насколько насколько насколько насколько насколько насколько насколько насколько насколько насколько насколько насколько насколько насколько насколько насколько насколько насколько насколько насколько насколько насколько насколько насколько насколько насколько насколько насколько насколько насколько насколько насколько насколько насколько насколько насколько насколько насколько насколько насколько насколько насколько насколько насколько насколько насколько насколько насколько насколько насколько насколько насколько насколько насколько насколько насколько насколько насколько насколько насколько насколько насколько насколько насколько насколько насколько насколько насколько насколько насколько насколько насколько насколько насколько насколько насколько насколько насколько насколько насколько насколько насколько насколько насколько насколько насколько насколько насколько насколько насколько насколько насколько насколько насколько насколько насколько насколько насколько насколько насколько насколько насколько насколько насколько насколько насколько насколько насколько насколько насколько насколько насколько насколько насколько насколько насколько насколько насколько насколько насколько насколько насколько насколько насколько насколько насколько насколько насколько насколько насколько насколько насколько насколько насколько насколько насколько насколько насколько насколько насколько насколько насколько насколько насколько насколько насколько насколько насколько", "numeric_answer": null, "relative_error": null, "thinking_text": null, "has_tool_call": false, "tool_call": null, "usage": {"prompt_tokens": 192, "completion_tokens": 256, "total_tokens": 448, "token_count_source": "tokenizer"}, "decoding": {"temperature": 0.2, "top_p": null, "top_k": null, "max_tokens": 256, "seed": 42}, "prompt_tokens": 192, "completion_tokens": 256, "total_tokens": 448, "token_count_source": "tokenizer", "diffusion_steps": null, "flops_estimate": null, "flops_arch": null, "flops_model_params": null, "flops_active_params": null, "tokens_non_final": 255, "tokens_reasoning": 0, "tokens_response": 255, "elapsed_seconds": 18.805745124816895, "judgement": "Uncategorized"}
{"id": "fermi_000303", "topic": "fermi", "subtopic": "crowd_density", "prompt": "A plaza is about 70 m by 25 m, with roughly 3 people per square meter. About how many people are there?", "exact_value": 5250, "model": "tiiuae/Falcon-H1-7B-Instruct", "provider": "transformers", "response": "тически площадь платива составляет около процентовирует процентов процентов процентов процентов процентов процентов процентов процентов процентов процентов процентов процентов процентов процентов процентов процентов процентов процентов процентов процентов процентов процентов процентов процентов процентов процентов процентов процентов процентов процентов процентов процентов процентов процентов процентов процентов процентов процентов процентов процентов процентов процентов процентов процентов процентов процентов процентов процентов процентов процентов процентов процентов процентов процентов процентов процентов процентов процентов процентов процентов процентов процентов процентов процентов процентов процентов процентов процентов процентов процентов процентов процентов процентов процентов процентов процентов процентов процентов процентов процентов процентов процентов процентов процентов процентов процентов процентов процентов процентов процентов процентов процентов процентов процентов процентов процентов процентов процентов процентов процентов процентов процентов процентов процентов процентов процентов процентов процентов процентов процентов процентов процентов процентов процентов процентов процентов процентов процентов процентов процентов процентов процентов процентов процентов процентов процентов процентов процентов процентов процентов процентов процентов процентов процентов процентов процентов процентов процентов процентов процентов процентов процентов процентов процентов процентов процентов процентов процентов процентов процентов процентов процентов процентов процентов процентов процентов процентов процентов процентов процентов процентов процентов процентов процентов процентов процентов процентов процентов процентов процентов процентов процентов процентов процентов процентов процентов процентов процентов процентов процентов процентов процентов процентов процентов процентов процентов процентов процентов процентов процентов процентов процентов процентов процентов процентов процентов процентов процентов процентов процентов процентов процентов процентов процентов процентов процентов процентов процентов процентов процентов процентов процентов процентов процентов процентов процентов процентов процентов процентов процентов процентов процентов процентов процентов процентов процентов процентов процентов процентов процентов процентов процентов процентов процентов процентов процентов процентов процентов процентов процентов процентов процентов процентов процентов процентов процентов процентов", "numeric_answer": null, "relative_error": null, "thinking_text": null, "has_tool_call": false, "tool_call": null, "usage": {"prompt_tokens": 192, "completion_tokens": 256, "total_tokens": 448, "token_count_source": "tokenizer"}, "decoding": {"temperature": 0.2, "top_p": null, "top_k": null, "max_tokens": 256, "seed": 42}, "prompt_tokens": 192, "completion_tokens": 256, "total_tokens": 448, "token_count_source": "tokenizer", "diffusion_steps": null, "flops_estimate": null, "flops_arch": null, "flops_model_params": null, "flops_active_params": null, "tokens_non_final": 253, "tokens_reasoning": 0, "tokens_response": 253, "elapsed_seconds": 18.611562490463257, "judgement": "Uncategorized"}
{"id": "fermi_000323", "topic": "fermi", "subtopic": "crowd_density", "prompt": "A plaza is about 70 m by 20 m, with roughly 3 people per square meter. About how many people are there?", "exact_value": 4200, "model": "tiiuae/Falcon-H1-7B-Instruct", "provider": "transformers", "response": "тически площадь плации составляет около процентовирует процентов процентов процентов процентов процентов процентов процентов процентов процентов процентов процентов процентов процентов процентов процентов процентов процентов процентов процентов процентов процентов процентов процентов процентов процентов процентов процентов процентов процентов процентов процентов процентов процентов процентов процентов процентов процентов процентов процентов процентов процентов процентов процентов процентов процентов процентов процентов процентов процентов процентов процентов процентов процентов процентов процентов процентов процентов процентов процентов процентов процентов процентов процентов процентов процентов процентов процентов процентов процентов процентов процентов процентов процентов процентов процентов процентов процентов процентов процентов процентов процентов процентов процентов процентов процентов процентов процентов процентов процентов процентов процентов процентов процентов процентов процентов процентов процентов процентов процентов процентов процентов процентов процентов процентов процентов процентов процентов процентов процентов процентов процентов процентов процентов процентов процентов процентов процентов процентов процентов процентов процентов процентов процентов процентов процентов процентов процентов процентов процентов процентов процентов процентов процентов процентов процентов процентов процентов процентов процентов процентов процентов процентов процентов процентов процентов процентов процентов процентов процентов процентов процентов процентов процентов процентов процентов процентов процентов процентов процентов процентов процентов процентов процентов процентов процентов процентов процентов процентов процентов процентов процентов процентов процентов процентов процентов процентов процентов процентов процентов процентов процентов процентов процентов процентов процентов процентов процентов процентов процентов процентов процентов процентов процентов процентов процентов процентов процентов процентов процентов процентов процентов процентов процентов процентов процентов процентов процентов процентов процентов процентов процентов процентов процентов процентов процентов процентов процентов процентов процентов процентов процентов процентов процентов процентов процентов процентов процентов процентов процентов процентов процентов процентов процентов процентов процентов процентов процентов процентов процентов процентов процентов процентов процентов процентов процентов процентов процентов процентов", "numeric_answer": null, "relative_error": null, "thinking_text": null, "has_tool_call": false, "tool_call": null, "usage": {"prompt_tokens": 192, "completion_tokens": 256, "total_tokens": 448, "token_count_source": "tokenizer"}, "decoding": {"temperature": 0.2, "top_p": null, "top_k": null, "max_tokens": 256, "seed": 42}, "prompt_tokens": 192, "completion_tokens": 256, "total_tokens": 448, "token_count_source": "tokenizer", "diffusion_steps": null, "flops_estimate": null, "flops_arch": null, "flops_model_params": null, "flops_active_params": null, "tokens_non_final": 254, "tokens_reasoning": 0, "tokens_response": 254, "elapsed_seconds": 18.689979314804077, "judgement": "Uncategorized"}
{"id": "fermi_000343", "topic": "fermi", "subtopic": "crowd_density", "prompt": "A plaza is about 60 m by 30 m, with roughly 4 people per square meter. About how many people are there?", "exact_value": 7200, "model": "tiiuae/Falcon-H1-7B-Instruct", "provider": "transformers", "response": "ацииация путем приближенного расчета согласно приведенным данным согласно приведенным данным согласно приведеннымальным согласноальным согласноальным согласноальным согласноальным согласноальным согласноальным согласноальным согласноальным согласноальным согласноальным согласноальным согласноальным согласноальным согласноальным согласноальным согласноальным согласноальным согласноальным согласноальным согласноальным согласноальным согласноальным согласноальным согласноальным согласноальным согласноальным согласноальным согласноальным согласноальным согласноальным согласноальным согласноальным согласноальным согласноальным согласноальным согласноальным согласноальным согласноальным согласноальным согласноальным согласноальным согласноальным согласноальным согласноальным согласноальным согласноальным согласноальным согласноальным согласноальным согласноальным согласноальным согласноальным согласноальным согласноальным согласноальным согласноальным согласноальным согласноальным согласноальным согласноальным согласноальным согласноальным согласноальным согласноальным согласноальным согласноальным согласноальным согласноальным согласноальным согласноальным согласноальным согласноальным согласноальным согласноальным согласноальным согласноальным согласноальным согласноальным согласноальным согласноальным согласноальным согласноальным согласноальным согласноальным согласноальным согласноальным согласноальным согласноальным согласноальным согласноальным согласноальным согласноальным согласноальным согласноальным согласноальным согласноальным согласноальным согласноальным согласноальным согласноальным согласноальным согласноальным согласноальным согласноальным согласноальным согласноальным согласноальным согласноальным согласноальным согласноальным согласноальным согласноальным согласноальным согласноальным согласноальным согласноальным согласноальным согласноальным", "numeric_answer": null, "relative_error": null, "thinking_text": null, "has_tool_call": false, "tool_call": null, "usage": {"prompt_tokens": 192, "completion_tokens": 256, "total_tokens": 448, "token_count_source": "tokenizer"}, "decoding": {"temperature": 0.2, "top_p": null, "top_k": null, "max_tokens": 256, "seed": 42}, "prompt_tokens": 192, "completion_tokens": 256, "total_tokens": 448, "token_count_source": "tokenizer", "diffusion_steps": null, "flops_estimate": null, "flops_arch": null, "flops_model_params": null, "flops_active_params": null, "tokens_non_final": 130, "tokens_reasoning": 0, "tokens_response": 130, "elapsed_seconds": 18.716665267944336, "judgement": "Uncategorized"}
{"id": "fermi_000363", "topic": "fermi", "subtopic": "crowd_density", "prompt": "A plaza is about 70 m by 20 m, with roughly 1 people per square meter. About how many people are there?", "exact_value": 1400, "model": "tiiuae/Falcon-H1-7B-Instruct", "provider": "transformers", "response": "ацииация согласно правилам приведёт нас непосредственно к окончательному числу процентов насколько возможно насколько просто насколько быстро насколько точно насколько понятно насколько естественно насколько насколько насколько насколько насколько насколько насколько насколько насколько насколько насколько насколько насколько насколько насколько насколько насколько насколько насколько насколько насколько насколько насколько насколько насколько насколько насколько насколько насколько насколько насколько насколько насколько насколько насколько насколько насколько насколько насколько насколько насколько насколько насколько насколько насколько насколько насколько насколько насколько насколько насколько насколько насколько насколько насколько насколько насколько насколько насколько насколько насколько насколько насколько насколько насколько насколько насколько насколько насколько насколько насколько насколько насколько насколько насколько насколько насколько насколько насколько насколько насколько насколько насколько насколько насколько насколько насколько насколько насколько насколько насколько насколько насколько насколько насколько насколько насколько насколько насколько насколько насколько насколько насколько насколько насколько насколько насколько насколько насколько насколько насколько насколько насколько насколько насколько насколько насколько насколько насколько насколько насколько насколько насколько насколько насколько насколько насколько насколько насколько насколько насколько насколько насколько насколько насколько насколько насколько насколько насколько насколько насколько насколько насколько насколько насколько насколько насколько насколько насколько насколько насколько насколько насколько насколько насколько насколько насколько насколько насколько насколько насколько насколько насколько насколько насколько насколько насколько насколько насколько насколько насколько насколько насколько насколько насколько насколько насколько насколько насколько насколько насколько насколько насколько насколько насколько насколько насколько насколько насколько насколько насколько насколько насколько насколько насколько насколько насколько насколько насколько насколько насколько насколько насколько насколько насколько насколько насколько насколько насколько насколько насколько насколько насколько насколько насколько насколько насколько насколько насколько насколько насколько насколько насколько насколько насколько насколько насколько", "numeric_answer": null, "relative_error": null, "thinking_text": null, "has_tool_call": false, "tool_call": null, "usage": {"prompt_tokens": 192, "completion_tokens": 256, "total_tokens": 448, "token_count_source": "tokenizer"}, "decoding": {"temperature": 0.2, "top_p": null, "top_k": null, "max_tokens": 256, "seed": 42}, "prompt_tokens": 192, "completion_tokens": 256, "total_tokens": 448, "token_count_source": "tokenizer", "diffusion_steps": null, "flops_estimate": null, "flops_arch": null, "flops_model_params": null, "flops_active_params": null, "tokens_non_final": 249, "tokens_reasoning": 0, "tokens_response": 249, "elapsed_seconds": 18.672922611236572, "judgement": "Uncategorized"}
{"id": "fermi_000383", "topic": "fermi", "subtopic": "crowd_density", "prompt": "A plaza is about 30 m by 30 m, with roughly 1 people per square meter. About how many people are there?", "exact_value": 900, "model": "tiiuae/Falcon-H1-7B-Instruct", "provider": "transformers", "response": "альными размерами площади примерноаются насколько процентов процентов процентов процентов процентов процентов процентов процентов процентов процентов процентов процентов процентов процентов процентов процентов процентов процентов процентов процентов процентов процентов процентов процентов процентов процентов процентов процентов процентов процентов процентов процентов процентов процентов процентов процентов процентов процентов процентов процентов процентов процентов процентов процентов процентов процентов процентов процентов процентов процентов процентов процентов процентов процентов процентов процентов процентов процентов процентов процентов процентов процентов процентов процентов процентов процентов процентов процентов процентов процентов процентов процентов процентов процентов процентов процентов процентов процентов процентов процентов процентов процентов процентов процентов процентов процентов процентов процентов процентов процентов процентов процентов процентов процентов процентов процентов процентов процентов процентов процентов процентов процентов процентов процентов процентов процентов процентов процентов процентов процентов процентов процентов процентов процентов процентов процентов процентов процентов процентов процентов процентов процентов процентов процентов процентов процентов процентов процентов процентов процентов процентов процентов процентов процентов процентов процентов процентов процентов процентов процентов процентов процентов процентов процентов процентов процентов процентов процентов процентов процентов процентов процентов процентов процентов процентов процентов процентов процентов процентов процентов процентов процентов процентов процентов процентов процентов процентов процентов процентов процентов процентов процентов процентов процентов процентов процентов процентов процентов процентов процентов процентов процентов процентов процентов процентов процентов процентов процентов процентов процентов процентов процентов процентов процентов процентов процентов процентов процентов процентов процентов процентов процентов процентов процентов процентов процентов процентов процентов процентов процентов процентов процентов процентов процентов процентов процентов процентов процентов процентов процентов процентов процентов процентов процентов процентов процентов процентов процентов процентов процентов процентов процентов процентов процентов процентов процентов процентов процентов процентов процентов процентов процентов процентов процентов процентов процентов процентов процентов процентов", "numeric_answer": null, "relative_error": null, "thinking_text": null, "has_tool_call": false, "tool_call": null, "usage": {"prompt_tokens": 192, "completion_tokens": 256, "total_tokens": 448, "token_count_source": "tokenizer"}, "decoding": {"temperature": 0.2, "top_p": null, "top_k": null, "max_tokens": 256, "seed": 42}, "prompt_tokens": 192, "completion_tokens": 256, "total_tokens": 448, "token_count_source": "tokenizer", "diffusion_steps": null, "flops_estimate": null, "flops_arch": null, "flops_model_params": null, "flops_active_params": null, "tokens_non_final": 254, "tokens_reasoning": 0, "tokens_response": 254, "elapsed_seconds": 18.682645082473755, "judgement": "Uncategorized"}
{"id": "fermi_000403", "topic": "fermi", "subtopic": "crowd_density", "prompt": "A plaza is about 40 m by 30 m, with roughly 2 people per square meter. About how many people are there?", "exact_value": 2400, "model": "tiiuae/Falcon-H1-7B-Instruct", "provider": "transformers", "response": "тически площадь платива составляет около процентовирует насколько процентов процентов процентов процентов процентов процентов процентов процентов процентов процентов процентов процентов процентов процентов процентов процентов процентов процентов процентов процентов процентов процентов процентов процентов процентов процентов процентов процентов процентов процентов процентов процентов процентов процентов процентов процентов процентов процентов процентов процентов процентов процентов процентов процентов процентов процентов процентов процентов процентов процентов процентов процентов процентов процентов процентов процентов процентов процентов процентов процентов процентов процентов процентов процентов процентов процентов процентов процентов процентов процентов процентов процентов процентов процентов процентов процентов процентов процентов процентов процентов процентов процентов процентов процентов процентов процентов процентов процентов процентов процентов процентов процентов процентов процентов процентов процентов процентов процентов процентов процентов процентов процентов процентов процентов процентов процентов процентов процентов процентов процентов процентов процентов процентов процентов процентов процентов процентов процентов процентов процентов процентов процентов процентов процентов процентов процентов процентов процентов процентов процентов процентов процентов процентов процентов процентов процентов процентов процентов процентов процентов процентов процентов процентов процентов процентов процентов процентов процентов процентов процентов процентов процентов процентов процентов процентов процентов процентов процентов процентов процентов процентов процентов процентов процентов процентов процентов процентов процентов процентов процентов процентов процентов процентов процентов процентов процентов процентов процентов процентов процентов процентов процентов процентов процентов процентов процентов процентов процентов процентов процентов процентов процентов процентов процентов процентов процентов процентов процентов процентов процентов процентов процентов процентов процентов процентов процентов процентов процентов процентов процентов процентов процентов процентов процентов процентов процентов процентов процентов процентов процентов процентов процентов процентов процентов процентов процентов процентов процентов процентов процентов процентов процентов процентов процентов процентов процентов процентов процентов процентов процентов процентов процентов процентов процентов процентов процентов", "numeric_answer": null, "relative_error": null, "thinking_text": null, "has_tool_call": false, "tool_call": null, "usage": {"prompt_tokens": 192, "completion_tokens": 256, "total_tokens": 448, "token_count_source": "tokenizer"}, "decoding": {"temperature": 0.2, "top_p": null, "top_k": null, "max_tokens": 256, "seed": 42}, "prompt_tokens": 192, "completion_tokens": 256, "total_tokens": 448, "token_count_source": "tokenizer", "diffusion_steps": null, "flops_estimate": null, "flops_arch": null, "flops_model_params": null, "flops_active_params": null, "tokens_non_final": 253, "tokens_reasoning": 0, "tokens_response": 253, "elapsed_seconds": 18.879026412963867, "judgement": "Uncategorized"}
{"id": "fermi_000423", "topic": "fermi", "subtopic": "crowd_density", "prompt": "A plaza is about 70 m by 20 m, with roughly 1 people per square meter. About how many people are there?", "exact_value": 1400, "model": "tiiuae/Falcon-H1-7B-Instruct", "provider": "transformers", "response": "тически площадь платива составляет около процентовирует процентов процентов процентов процентов процентов процентов процентов процентов процентов процентов процентов процентов процентов процентов процентов процентов процентов процентов процентов процентов процентов процентов процентов процентов процентов процентов процентов процентов процентов процентов процентов процентов процентов процентов процентов процентов процентов процентов процентов процентов процентов процентов процентов процентов процентов процентов процентов процентов процентов процентов процентов процентов процентов процентов процентов процентов процентов процентов процентов процентов процентов процентов процентов процентов процентов процентов процентов процентов процентов процентов процентов процентов процентов процентов процентов процентов процентов процентов процентов процентов процентов процентов процентов процентов процентов процентов процентов процентов процентов процентов процентов процентов процентов процентов процентов процентов процентов процентов процентов процентов процентов процентов процентов процентов процентов процентов процентов процентов процентов процентов процентов процентов процентов процентов процентов процентов процентов процентов процентов процентов процентов процентов процентов процентов процентов процентов процентов процентов процентов процентов процентов процентов процентов процентов процентов процентов процентов процентов процентов процентов процентов процентов процентов процентов процентов процентов процентов процентов процентов процентов процентов процентов процентов процентов процентов процентов процентов процентов процентов процентов процентов процентов процентов процентов процентов процентов процентов процентов процентов процентов процентов процентов процентов процентов процентов процентов процентов процентов процентов процентов процентов процентов процентов процентов процентов процентов процентов процентов процентов процентов процентов процентов процентов процентов процентов процентов процентов процентов процентов процентов процентов процентов процентов процентов процентов процентов процентов процентов процентов процентов процентов процентов процентов процентов процентов процентов процентов процентов процентов процентов процентов процентов процентов процентов процентов процентов процентов процентов процентов процентов процентов процентов процентов процентов процентов процентов процентов процентов процентов процентов процентов процентов процентов процентов процентов процентов процентов", "numeric_answer": null, "relative_error": null, "thinking_text": null, "has_tool_call": false, "tool_call": null, "usage": {"prompt_tokens": 192, "completion_tokens": 256, "total_tokens": 448, "token_count_source": "tokenizer"}, "decoding": {"temperature": 0.2, "top_p": null, "top_k": null, "max_tokens": 256, "seed": 42}, "prompt_tokens": 192, "completion_tokens": 256, "total_tokens": 448, "token_count_source": "tokenizer", "diffusion_steps": null, "flops_estimate": null, "flops_arch": null, "flops_model_params": null, "flops_active_params": null, "tokens_non_final": 253, "tokens_reasoning": 0, "tokens_response": 253, "elapsed_seconds": 18.681274890899658, "judgement": "Uncategorized"}
{"id": "fermi_000443", "topic": "fermi", "subtopic": "crowd_density", "prompt": "A plaza is about 30 m by 30 m, with roughly 4 people per square meter. About how many people are there?", "exact_value": 3600, "model": "tiiuae/Falcon-H1-7B-Instruct", "provider": "transformers", "response": "ацииация путем округления процентов процентов процентов процентов процентов процентов процентов процентов процентов процентов процентов процентов процентов процентов процентов процентов процентов процентов процентов процентов процентов процентов процентов процентов процентов процентов процентов процентов процентов процентов процентов процентов процентов процентов процентов процентов процентов процентов процентов процентов процентов процентов процентов процентов процентов процентов процентов процентов процентов процентов процентов процентов процентов процентов процентов процентов процентов процентов процентов процентов процентов процентов процентов процентов процентов процентов процентов процентов процентов процентов процентов процентов процентов процентов процентов процентов процентов процентов процентов процентов процентов процентов процентов процентов процентов процентов процентов процентов процентов процентов процентов процентов процентов процентов процентов процентов процентов процентов процентов процентов процентов процентов процентов процентов процентов процентов процентов процентов процентов процентов процентов процентов процентов процентов процентов процентов процентов процентов процентов процентов процентов процентов процентов процентов процентов процентов процентов процентов процентов процентов процентов процентов процентов процентов процентов процентов процентов процентов процентов процентов процентов процентов процентов процентов процентов процентов процентов процентов процентов процентов процентов процентов процентов процентов процентов процентов процентов процентов процентов процентов процентов процентов процентов процентов процентов процентов процентов процентов процентов процентов процентов процентов процентов процентов процентов процентов процентов процентов процентов процентов процентов процентов процентов процентов процентов процентов процентов процентов процентов процентов процентов процентов процентов процентов процентов процентов процентов процентов процентов процентов процентов процентов процентов процентов процентов процентов процентов процентов процентов процентов процентов процентов процентов процентов процентов процентов процентов процентов процентов процентов процентов процентов процентов процентов процентов процентов процентов процентов процентов процентов процентов процентов процентов процентов процентов процентов процентов процентов процентов процентов процентов процентов процентов процентов процентов процентов процентов процентов процентов процентов процентов", "numeric_answer": null, "relative_error": null, "thinking_text": null, "has_tool_call": false, "tool_call": null, "usage": {"prompt_tokens": 192, "completion_tokens": 256, "total_tokens": 448, "token_count_source": "tokenizer"}, "decoding": {"temperature": 0.2, "top_p": null, "top_k": null, "max_tokens": 256, "seed": 42}, "prompt_tokens": 192, "completion_tokens": 256, "total_tokens": 448, "token_count_source": "tokenizer", "diffusion_steps": null, "flops_estimate": null, "flops_arch": null, "flops_model_params": null, "flops_active_params": null, "tokens_non_final": 254, "tokens_reasoning": 0, "tokens_response": 254, "elapsed_seconds": 18.943476676940918, "judgement": "Uncategorized"}
{"id": "fermi_000463", "topic": "fermi", "subtopic": "crowd_density", "prompt": "A plaza is about 60 m by 25 m, with roughly 3 people per square meter. About how many people are there?", "exact_value": 4500, "model": "tiiuae/Falcon-H1-7B-Instruct", "provider": "transformers", "response": "ацииация процентов процентов процентов процентов процентов процентов процентов процентов процентов процентов процентов процентов процентов процентов процентов процентов процентов процентов процентов процентов процентов процентов процентов процентов процентов процентов процентов процентов процентов процентов процентов процентов процентов процентов процентов процентов процентов процентов процентов процентов процентов процентов процентов процентов процентов процентов процентов процентов процентов процентов процентов процентов процентов процентов процентов процентов процентов процентов процентов процентов процентов процентов процентов процентов процентов процентов процентов процентов процентов процентов процентов процентов процентов процентов процентов процентов процентов процентов процентов процентов процентов процентов процентов процентов процентов процентов процентов процентов процентов процентов процентов процентов процентов процентов процентов процентов процентов процентов процентов процентов процентов процентов процентов процентов процентов процентов процентов процентов процентов процентов процентов процентов процентов процентов процентов процентов процентов процентов процентов процентов процентов процентов процентов процентов процентов процентов процентов процентов процентов процентов процентов процентов процентов процентов процентов процентов процентов процентов процентов процентов процентов процентов процентов процентов процентов процентов процентов процентов процентов процентов процентов процентов процентов процентов процентов процентов процентов процентов процентов процентов процентов процентов процентов процентов процентов процентов процентов процентов процентов процентов процентов процентов процентов процентов процентов процентов процентов процентов процентов процентов процентов процентов процентов процентов процентов процентов процентов процентов процентов процентов процентов процентов процентов процентов процентов процентов процентов процентов процентов процентов процентов процентов процентов процентов процентов процентов процентов процентов процентов процентов процентов процентов процентов процентов процентов процентов процентов процентов процентов процентов процентов процентов процентов процентов процентов процентов процентов процентов процентов процентов процентов процентов процентов процентов процентов процентов процентов процентов процентов процентов процентов процентов процентов процентов процентов процентов процентов процентов процентов процентов процентов процентов процентов процентов", "numeric_answer": null, "relative_error": null, "thinking_text": null, "has_tool_call": false, "tool_call": null, "usage": {"prompt_tokens": 192, "completion_tokens": 256, "total_tokens": 448, "token_count_source": "tokenizer"}, "decoding": {"temperature": 0.2, "top_p": null, "top_k": null, "max_tokens": 256, "seed": 42}, "prompt_tokens": 192, "completion_tokens": 256, "total_tokens": 448, "token_count_source": "tokenizer", "diffusion_steps": null, "flops_estimate": null, "flops_arch": null, "flops_model_params": null, "flops_active_params": null, "tokens_non_final": 255, "tokens_reasoning": 0, "tokens_response": 255, "elapsed_seconds": 18.813445329666138, "judgement": "Uncategorized"}
{"id": "fermi_000483", "topic": "fermi", "subtopic": "crowd_density", "prompt": "A plaza is about 70 m by 30 m, with roughly 2 people per square meter. About how many people are there?", "exact_value": 4200, "model": "tiiuae/Falcon-H1-7B-Instruct", "provider": "transformers", "response": "тически площадь платива составляет около процентовирует насколько процентов процентов процентов процентов процентов процентов процентов процентов процентов процентов процентов процентов процентов процентов процентов процентов процентов процентов процентов процентов процентов процентов процентов процентов процентов процентов процентов процентов процентов процентов процентов процентов процентов процентов процентов процентов процентов процентов процентов процентов процентов процентов процентов процентов процентов процентов процентов процентов процентов процентов процентов процентов процентов процентов процентов процентов процентов процентов процентов процентов процентов процентов процентов процентов процентов процентов процентов процентов процентов процентов процентов процентов процентов процентов процентов процентов процентов процентов процентов процентов процентов процентов процентов процентов процентов процентов процентов процентов процентов процентов процентов процентов процентов процентов процентов процентов процентов процентов процентов процентов процентов процентов процентов процентов процентов процентов процентов процентов процентов процентов процентов процентов процентов процентов процентов процентов процентов процентов процентов процентов процентов процентов процентов процентов процентов процентов процентов процентов процентов процентов процентов процентов процентов процентов процентов процентов процентов процентов процентов процентов процентов процентов процентов процентов процентов процентов процентов процентов процентов процентов процентов процентов процентов процентов процентов процентов процентов процентов процентов процентов процентов процентов процентов процентов процентов процентов процентов процентов процентов процентов процентов процентов процентов процентов процентов процентов процентов процентов процентов процентов процентов процентов процентов процентов процентов процентов процентов процентов процентов процентов процентов процентов процентов процентов процентов процентов процентов процентов процентов процентов процентов процентов процентов процентов процентов процентов процентов процентов процентов процентов процентов процентов процентов процентов процентов процентов процентов процентов процентов процентов процентов процентов процентов процентов процентов процентов процентов процентов процентов процентов процентов процентов процентов процентов процентов процентов процентов процентов процентов процентов процентов процентов процентов процентов процентов процентов", "numeric_answer": null, "relative_error": null, "thinking_text": null, "has_tool_call": false, "tool_call": null, "usage": {"prompt_tokens": 192, "completion_tokens": 256, "total_tokens": 448, "token_count_source": "tokenizer"}, "decoding": {"temperature": 0.2, "top_p": null, "top_k": null, "max_tokens": 256, "seed": 42}, "prompt_tokens": 192, "completion_tokens": 256, "total_tokens": 448, "token_count_source": "tokenizer", "diffusion_steps": null, "flops_estimate": null, "flops_arch": null, "flops_model_params": null, "flops_active_params": null, "tokens_non_final": 253, "tokens_reasoning": 0, "tokens_response": 253, "elapsed_seconds": 18.65979814529419, "judgement": "Uncategorized"}
{"id": "fermi_000503", "topic": "fermi", "subtopic": "crowd_density", "prompt": "A plaza is about 40 m by 25 m, with roughly 4 people per square meter. About how many people are there?", "exact_value": 4000, "model": "tiiuae/Falcon-H1-7B-Instruct", "provider": "transformers", "response": "тически площадь плации составляет примерно насколько процентов процентов процентов процентов процентов процентов процентов процентов процентов процентов процентов процентов процентов процентов процентов процентов процентов процентов процентов процентов процентов процентов процентов процентов процентов процентов процентов процентов процентов процентов процентов процентов процентов процентов процентов процентов процентов процентов процентов процентов процентов процентов процентов процентов процентов процентов процентов процентов процентов процентов процентов процентов процентов процентов процентов процентов процентов процентов процентов процентов процентов процентов процентов процентов процентов процентов процентов процентов процентов процентов процентов процентов процентов процентов процентов процентов процентов процентов процентов процентов процентов процентов процентов процентов процентов процентов процентов процентов процентов процентов процентов процентов процентов процентов процентов процентов процентов процентов процентов процентов процентов процентов процентов процентов процентов процентов процентов процентов процентов процентов процентов процентов процентов процентов процентов процентов процентов процентов процентов процентов процентов процентов процентов процентов процентов процентов процентов процентов процентов процентов процентов процентов процентов процентов процентов процентов процентов процентов процентов процентов процентов процентов процентов процентов процентов процентов процентов процентов процентов процентов процентов процентов процентов процентов процентов процентов процентов процентов процентов процентов процентов процентов процентов процентов процентов процентов процентов процентов процентов процентов процентов процентов процентов процентов процентов процентов процентов процентов процентов процентов процентов процентов процентов процентов процентов процентов процентов процентов процентов процентов процентов процентов процентов процентов процентов процентов процентов процентов процентов процентов процентов процентов процентов процентов процентов процентов процентов процентов процентов процентов процентов процентов процентов процентов процентов процентов процентов процентов процентов процентов процентов процентов процентов процентов процентов процентов процентов процентов процентов процентов процентов процентов процентов процентов процентов процентов процентов процентов процентов процентов процентов процентов процентов процентов процентов процентов процентов процентов процентов", "numeric_answer": null, "relative_error": null, "thinking_text": null, "has_tool_call": false, "tool_call": null, "usage": {"prompt_tokens": 192, "completion_tokens": 256, "total_tokens": 448, "token_count_source": "tokenizer"}, "decoding": {"temperature": 0.2, "top_p": null, "top_k": null, "max_tokens": 256, "seed": 42}, "prompt_tokens": 192, "completion_tokens": 256, "total_tokens": 448, "token_count_source": "tokenizer", "diffusion_steps": null, "flops_estimate": null, "flops_arch": null, "flops_model_params": null, "flops_active_params": null, "tokens_non_final": 255, "tokens_reasoning": 0, "tokens_response": 255, "elapsed_seconds": 18.810683012008667, "judgement": "Uncategorized"}
{"id": "fermi_000523", "topic": "fermi", "subtopic": "crowd_density", "prompt": "A plaza is about 50 m by 35 m, with roughly 4 people per square meter. About how many people are there?", "exact_value": 7000, "model": "tiiuae/Falcon-H1-7B-Instruct", "provider": "transformers", "response": "альнымиальнымиальнымиальнымиальнымиальнымиальнымиальнымиальнымиальнымиальнымиальнымиальнымиальнымиальнымиальнымиальнымиальнымиальнымиальнымиальнымиальнымиальнымиальнымиальнымиальнымиальнымиальнымиальнымиальнымиальнымиальнымиальнымиальнымиальнымиальнымиальнымиальнымиальнымиальнымиальнымиальнымиальнымиальнымиальнымиальнымиальнымиальнымиальнымиальнымиальнымиальнымиальнымиальнымиальнымиальнымиальнымиальнымиальнымиальнымиальнымиальнымиальнымиальнымиальнымиальнымиальнымиальнымиальнымиальнымиальнымиальнымиальнымиальнымиальнымиальнымиальнымиальнымиальнымиальнымиальнымиальнымиальнымиальнымиальнымиальнымиальнымиальнымиальнымиальнымиальнымиальнымиальнымиальнымиальнымиальнымиальнымиальнымиальнымиальнымиальнымиальнымиальнымиальнымиальнымиальнымиальнымиальнымиальнымиальнымиальнымиальнымиальнымиальнымиальнымиальнымиальнымиальнымиальнымиальнымиальнымиальнымиальнымиальнымиальнымиальнымиальнымиальнымиальнымиальнымиальнымиальнымиальнымиальнымиальнымиальнымиальнымиальнымиальнымиальнымиальнымиальнымиальнымиальнымиальнымиальнымиальнымиальнымиальнымиальнымиальнымиальнымиальнымиальнымиальнымиальнымиальнымиальнымиальнымиальнымиальнымиальнымиальнымиальнымиальнымиальнымиальнымиальнымиальнымиальнымиальнымиальнымиальнымиальнымиальнымиальнымиальнымиальнымиальнымиальнымиальнымиальнымиальнымиальнымиальнымиальнымиальнымиальнымиальнымиальнымиальнымиальнымиальнымиальнымиальнымиальнымиальнымиальнымиальнымиальнымиальнымиальнымиальнымиальнымиальнымиальнымиальнымиальнымиальнымиальнымиальнымиальнымиальнымиальнымиальнымиальнымиальнымиальнымиальнымиальнымиальнымиальнымиальнымиальнымиальнымиальнымиальнымиальнымиальнымиальнымиальнымиальнымиальнымиальнымиальнымиальнымиальнымиальнымиальнымиальнымиальнымиальнымиальнымиальнымиальнымиальнымиальнымиальнымиальнымиальнымиальнымиальнымиальнымиальнымиальнымиальными", "numeric_answer": null, "relative_error": null, "thinking_text": null, "has_tool_call": false, "tool_call": null, "usage": {"prompt_tokens": 192, "completion_tokens": 256, "total_tokens": 448, "token_count_source": "tokenizer"}, "decoding": {"temperature": 0.2, "top_p": null, "top_k": null, "max_tokens": 256, "seed": 42}, "prompt_tokens": 192, "completion_tokens": 256, "total_tokens": 448, "token_count_source": "tokenizer", "diffusion_steps": null, "flops_estimate": null, "flops_arch": null, "flops_model_params": null, "flops_active_params": null, "tokens_non_final": 1, "tokens_reasoning": 0, "tokens_response": 1, "elapsed_seconds": 18.783785581588745, "judgement": "Uncategorized"}
{"id": "fermi_000543", "topic": "fermi", "subtopic": "crowd_density", "prompt": "A plaza is about 40 m by 35 m, with roughly 2 people per square meter. About how many people are there?", "exact_value": 2800, "model": "tiiuae/Falcon-H1-7B-Instruct", "provider": "transformers", "response": "�альное решение путем приближенной оценки вместо точных исчислений согласно правилам задачи согласно приведенным размерам и плотности населения согласно условию примерно равноальномуальномуальномуальномуальномуальномуальномуальномуальномуальномуальномуальномуальномуальномуальномуальномуальномуальномуальномуальномуальномуальномуальномуальномуальномуальномуальномуальномуальномуальномуальномуальномуальномуальномуальномуальномуальномуальномуальномуальномуальномуальномуальномуальномуальномуальномуальномуальномуальномуальномуальномуальномуальномуальномуальномуальномуальномуальномуальномуальномуальномуальномуальномуальномуальномуальномуальномуальномуальномуальномуальномуальномуальномуальномуальномуальномуальномуальномуальномуальномуальномуальномуальномуальномуальномуальномуальномуальномуальномуальномуальномуальномуальномуальномуальномуальномуальномуальномуальномуальномуальномуальномуальномуальномуальномуальномуальномуальномуальномуальномуальномуальномуальномуальномуальномуальномуальномуальномуальномуальномуальномуальномуальномуальномуальномуальномуальномуальномуальномуальномуальномуальномуальномуальномуальномуальномуальномуальномуальномуальномуальномуальномуальномуальномуальномуальномуальномуальномуальномуальномуальномуальномуальномуальномуальномуальномуальномуальномуальномуальномуальномуальномуальномуальномуальномуальномуальномуальномуальномуальномуальномуальномуальномуальномуальномуальномуальномуальномуальномуальномуальномуальномуальномуальномуальномуальномуальномуальномуальномуальномуальномуальномуальномуальномуальномуальномуальномуальномуальномуальномуальномуальномуальномуальномуальномуальномуальномуальномуальномуальномуальномуальномуальномуальномуальномуальномуальномуальномуальномуальномуальномуальномуальному", "numeric_answer": null, "relative_error": null, "thinking_text": null, "has_tool_call": false, "tool_call": null, "usage": {"prompt_tokens": 192, "completion_tokens": 256, "total_tokens": 448, "token_count_source": "tokenizer"}, "decoding": {"temperature": 0.2, "top_p": null, "top_k": null, "max_tokens": 256, "seed": 42}, "prompt_tokens": 192, "completion_tokens": 256, "total_tokens": 448, "token_count_source": "tokenizer", "diffusion_steps": null, "flops_estimate": null, "flops_arch": null, "flops_model_params": null, "flops_active_params": null, "tokens_non_final": 21, "tokens_reasoning": 0, "tokens_response": 21, "elapsed_seconds": 18.750266075134277, "judgement": "Uncategorized"}
{"id": "fermi_000563", "topic": "fermi", "subtopic": "crowd_density", "prompt": "A plaza is about 30 m by 30 m, with roughly 3 people per square meter. About how many people are there?", "exact_value": 2700, "model": "tiiuae/Falcon-H1-7B-Instruct", "provider": "transformers", "response": "�альное решение согласно правилальным указания kompensирует возможные неточности путем округления до человечески воспринимаемого числа согласно указания kompensирует возможальные неточности путем округления до человеческого восприятия согласно правилальным указания kompensирует возможальные неточности путем округления до человеческого восприятия согласно правилальным указания kompensирует возможальные неточности путем округления до человеческого восприятия согласно правилальным kompensирует возможальные kompensирует kompensирует kompensирует kompensирует kompensирует kompensирует kompensирует kompensирует kompensирует kompensирует kompensирует kompensирует kompensирует kompensирует kompensирует kompensирует kompensирует kompensирует kompensирует kompensирует kompensирует kompensирует kompensирует kompensирует kompensирует kompensирует kompensирует kompensирует kompensирует kompensирует kompensирует kompensирует kompensирует kompensирует kompensирует kompensирует kompensирует kompensирует kompensирует kompensирует kompensирует kompensирует kompensирует kompensирует kompensирует kompensирует kompensирует kompensирует kompensирует kompensирует kompensирует kompensирует kompensирует kompensирует kompensирует kompensирует kompensирует kompensирует kompensирует kompensирует kompensирует kompensирует kompensирует kompensирует kompensирует kompensирует kompensирует kompensирует kompensирует kompensирует kompensирует kompensирует kompensирует kompensирует kompensирует kompensирует kompensирует kompensирует kompensирует kompensирует kompensирует kompensирует", "numeric_answer": null, "relative_error": null, "thinking_text": null, "has_tool_call": false, "tool_call": null, "usage": {"prompt_tokens": 192, "completion_tokens": 256, "total_tokens": 448, "token_count_source": "tokenizer"}, "decoding": {"temperature": 0.2, "top_p": null, "top_k": null, "max_tokens": 256, "seed": 42}, "prompt_tokens": 192, "completion_tokens": 256, "total_tokens": 448, "token_count_source": "tokenizer", "diffusion_steps": null, "flops_estimate": null, "flops_arch": null, "flops_model_params": null, "flops_active_params": null, "tokens_non_final": 132, "tokens_reasoning": 0, "tokens_response": 132, "elapsed_seconds": 18.78369665145874, "judgement": "Uncategorized"}
{"id": "fermi_000583", "topic": "fermi", "subtopic": "crowd_density", "prompt": "A plaza is about 60 m by 25 m, with roughly 4 people per square meter. About how many people are there?", "exact_value": 6000, "model": "tiiuae/Falcon-H1-7B-Instruct", "provider": "transformers", "response": "тически площадь плации составляет примерно насколько процентов процентов процентов процентов процентов процентов процентов процентов процентов процентов процентов процентов процентов процентов процентов процентов процентов процентов процентов процентов процентов процентов процентов процентов процентов процентов процентов процентов процентов процентов процентов процентов процентов процентов процентов процентов процентов процентов процентов процентов процентов процентов процентов процентов процентов процентов процентов процентов процентов процентов процентов процентов процентов процентов процентов процентов процентов процентов процентов процентов процентов процентов процентов процентов процентов процентов процентов процентов процентов процентов процентов процентов процентов процентов процентов процентов процентов процентов процентов процентов процентов процентов процентов процентов процентов процентов процентов процентов процентов процентов процентов процентов процентов процентов процентов процентов процентов процентов процентов процентов процентов процентов процентов процентов процентов процентов процентов процентов процентов процентов процентов процентов процентов процентов процентов процентов процентов процентов процентов процентов процентов процентов процентов процентов процентов процентов процентов процентов процентов процентов процентов процентов процентов процентов процентов процентов процентов процентов процентов процентов процентов процентов процентов процентов процентов процентов процентов процентов процентов процентов процентов процентов процентов процентов процентов процентов процентов процентов процентов процентов процентов процентов процентов процентов процентов процентов процентов процентов процентов процентов процентов процентов процентов процентов процентов процентов процентов процентов процентов процентов процентов процентов процентов процентов процентов процентов процентов процентов процентов процентов процентов процентов процентов процентов процентов процентов процентов процентов процентов процентов процентов процентов процентов процентов процентов процентов процентов процентов процентов процентов процентов процентов процентов процентов процентов процентов процентов процентов процентов процентов процентов процентов процентов процентов процентов процентов процентов процентов процентов процентов процентов процентов процентов процентов процентов процентов процентов процентов процентов процентов процентов процентов процентов процентов процентов процентов процентов процентов процентов", "numeric_answer": null, "relative_error": null, "thinking_text": null, "has_tool_call": false, "tool_call": null, "usage": {"prompt_tokens": 192, "completion_tokens": 256, "total_tokens": 448, "token_count_source": "tokenizer"}, "decoding": {"temperature": 0.2, "top_p": null, "top_k": null, "max_tokens": 256, "seed": 42}, "prompt_tokens": 192, "completion_tokens": 256, "total_tokens": 448, "token_count_source": "tokenizer", "diffusion_steps": null, "flops_estimate": null, "flops_arch": null, "flops_model_params": null, "flops_active_params": null, "tokens_non_final": 255, "tokens_reasoning": 0, "tokens_response": 255, "elapsed_seconds": 18.674281120300293, "judgement": "Uncategorized"}
{"id": "fermi_000603", "topic": "fermi", "subtopic": "crowd_density", "prompt": "A plaza is about 70 m by 25 m, with roughly 3 people per square meter. About how many people are there?", "exact_value": 5250, "model": "tiiuae/Falcon-H1-7B-Instruct", "provider": "transformers", "response": "тически площадь площади составляет примерно насколько процентов процентов процентов процентов процентов процентов процентов процентов процентов процентов процентов процентов процентов процентов процентов процентов процентов процентов процентов процентов процентов процентов процентов процентов процентов процентов процентов процентов процентов процентов процентов процентов процентов процентов процентов процентов процентов процентов процентов процентов процентов процентов процентов процентов процентов процентов процентов процентов процентов процентов процентов процентов процентов процентов процентов процентов процентов процентов процентов процентов процентов процентов процентов процентов процентов процентов процентов процентов процентов процентов процентов процентов процентов процентов процентов процентов процентов процентов процентов процентов процентов процентов процентов процентов процентов процентов процентов процентов процентов процентов процентов процентов процентов процентов процентов процентов процентов процентов процентов процентов процентов процентов процентов процентов процентов процентов процентов процентов процентов процентов процентов процентов процентов процентов процентов процентов процентов процентов процентов процентов процентов процентов процентов процентов процентов процентов процентов процентов процентов процентов процентов процентов процентов процентов процентов процентов процентов процентов процентов процентов процентов процентов процентов процентов процентов процентов процентов процентов процентов процентов процентов процентов процентов процентов процентов процентов процентов процентов процентов процентов процентов процентов процентов процентов процентов процентов процентов процентов процентов процентов процентов процентов процентов процентов процентов процентов процентов процентов процентов процентов процентов процентов процентов процентов процентов процентов процентов процентов процентов процентов процентов процентов процентов процентов процентов процентов процентов процентов процентов процентов процентов процентов процентов процентов процентов процентов процентов процентов процентов процентов процентов процентов процентов процентов процентов процентов процентов процентов процентов процентов процентов процентов процентов процентов процентов процентов процентов процентов процентов процентов процентов процентов процентов процентов процентов процентов процентов процентов процентов процентов процентов процентов процентов процентов процентов процентов процентов процентов процентов процентов", "numeric_answer": null, "relative_error": null, "thinking_text": null, "has_tool_call": false, "tool_call": null, "usage": {"prompt_tokens": 192, "completion_tokens": 256, "total_tokens": 448, "token_count_source": "tokenizer"}, "decoding": {"temperature": 0.2, "top_p": null, "top_k": null, "max_tokens": 256, "seed": 42}, "prompt_tokens": 192, "completion_tokens": 256, "total_tokens": 448, "token_count_source": "tokenizer", "diffusion_steps": null, "flops_estimate": null, "flops_arch": null, "flops_model_params": null, "flops_active_params": null, "tokens_non_final": 256, "tokens_reasoning": 0, "tokens_response": 256, "elapsed_seconds": 18.48243546485901, "judgement": "Uncategorized"}
{"id": "fermi_000623", "topic": "fermi", "subtopic": "crowd_density", "prompt": "A plaza is about 70 m by 35 m, with roughly 3 people per square meter. About how many people are there?", "exact_value": 7350, "model": "tiiuae/Falcon-H1-7B-Instruct", "provider": "transformers", "response": "ацииация путем округления процентов процентов процентов процентов процентов процентов процентов процентов процентов процентов процентов процентов процентов процентов процентов процентов процентов процентов процентов процентов процентов процентов процентов процентов процентов процентов процентов процентов процентов процентов процентов процентов процентов процентов процентов процентов процентов процентов процентов процентов процентов процентов процентов процентов процентов процентов процентов процентов процентов процентов процентов процентов процентов процентов процентов процентов процентов процентов процентов процентов процентов процентов процентов процентов процентов процентов процентов процентов процентов процентов процентов процентов процентов процентов процентов процентов процентов процентов процентов процентов процентов процентов процентов процентов процентов процентов процентов процентов процентов процентов процентов процентов процентов процентов процентов процентов процентов процентов процентов процентов процентов процентов процентов процентов процентов процентов процентов процентов процентов процентов процентов процентов процентов процентов процентов процентов процентов процентов процентов процентов процентов процентов процентов процентов процентов процентов процентов процентов процентов процентов процентов процентов процентов процентов процентов процентов процентов процентов процентов процентов процентов процентов процентов процентов процентов процентов процентов процентов процентов процентов процентов процентов процентов процентов процентов процентов процентов процентов процентов процентов процентов процентов процентов процентов процентов процентов процентов процентов процентов процентов процентов процентов процентов процентов процентов процентов процентов процентов процентов процентов процентов процентов процентов процентов процентов процентов процентов процентов процентов процентов процентов процентов процентов процентов процентов процентов процентов процентов процентов процентов процентов процентов процентов процентов процентов процентов процентов процентов процентов процентов процентов процентов процентов процентов процентов процентов процентов процентов процентов процентов процентов процентов процентов процентов процентов процентов процентов процентов процентов процентов процентов процентов процентов процентов процентов процентов процентов процентов процентов процентов процентов процентов процентов процентов процентов процентов процентов процентов процентов процентов процентов", "numeric_answer": null, "relative_error": null, "thinking_text": null, "has_tool_call": false, "tool_call": null, "usage": {"prompt_tokens": 192, "completion_tokens": 256, "total_tokens": 448, "token_count_source": "tokenizer"}, "decoding": {"temperature": 0.2, "top_p": null, "top_k": null, "max_tokens": 256, "seed": 42}, "prompt_tokens": 192, "completion_tokens": 256, "total_tokens": 448, "token_count_source": "tokenizer", "diffusion_steps": null, "flops_estimate": null, "flops_arch": null, "flops_model_params": null, "flops_active_params": null, "tokens_non_final": 254, "tokens_reasoning": 0, "tokens_response": 254, "elapsed_seconds": 18.887195825576782, "judgement": "Uncategorized"}
{"id": "fermi_000643", "topic": "fermi", "subtopic": "crowd_density", "prompt": "A plaza is about 30 m by 25 m, with roughly 4 people per square meter. About how many people are there?", "exact_value": 3000, "model": "tiiuae/Falcon-H1-7B-Instruct", "provider": "transformers", "response": "тически площадь платива составляет около процентовирует насколько процентов процентов процентов процентов процентов процентов процентов процентов процентов процентов процентов процентов процентов процентов процентов процентов процентов процентов процентов процентов процентов процентов процентов процентов процентов процентов процентов процентов процентов процентов процентов процентов процентов процентов процентов процентов процентов процентов процентов процентов процентов процентов процентов процентов процентов процентов процентов процентов процентов процентов процентов процентов процентов процентов процентов процентов процентов процентов процентов процентов процентов процентов процентов процентов процентов процентов процентов процентов процентов процентов процентов процентов процентов процентов процентов процентов процентов процентов процентов процентов процентов процентов процентов процентов процентов процентов процентов процентов процентов процентов процентов процентов процентов процентов процентов процентов процентов процентов процентов процентов процентов процентов процентов процентов процентов процентов процентов процентов процентов процентов процентов процентов процентов процентов процентов процентов процентов процентов процентов процентов процентов процентов процентов процентов процентов процентов процентов процентов процентов процентов процентов процентов процентов процентов процентов процентов процентов процентов процентов процентов процентов процентов процентов процентов процентов процентов процентов процентов процентов процентов процентов процентов процентов процентов процентов процентов процентов процентов процентов процентов процентов процентов процентов процентов процентов процентов процентов процентов процентов процентов процентов процентов процентов процентов процентов процентов процентов процентов процентов процентов процентов процентов процентов процентов процентов процентов процентов процентов процентов процентов процентов процентов процентов процентов процентов процентов процентов процентов процентов процентов процентов процентов процентов процентов процентов процентов процентов процентов процентов процентов процентов процентов процентов процентов процентов процентов процентов процентов процентов процентов процентов процентов процентов процентов процентов процентов процентов процентов процентов процентов процентов процентов процентов процентов процентов процентов процентов процентов процентов процентов процентов процентов процентов процентов процентов процентов", "numeric_answer": null, "relative_error": null, "thinking_text": null, "has_tool_call": false, "tool_call": null, "usage": {"prompt_tokens": 192, "completion_tokens": 256, "total_tokens": 448, "token_count_source": "tokenizer"}, "decoding": {"temperature": 0.2, "top_p": null, "top_k": null, "max_tokens": 256, "seed": 42}, "prompt_tokens": 192, "completion_tokens": 256, "total_tokens": 448, "token_count_source": "tokenizer", "diffusion_steps": null, "flops_estimate": null, "flops_arch": null, "flops_model_params": null, "flops_active_params": null, "tokens_non_final": 253, "tokens_reasoning": 0, "tokens_response": 253, "elapsed_seconds": 18.97140669822693, "judgement": "Uncategorized"}
{"id": "fermi_000663", "topic": "fermi", "subtopic": "crowd_density", "prompt": "A plaza is about 30 m by 25 m, with roughly 2 people per square meter. About how many people are there?", "exact_value": 1500, "model": "tiiuae/Falcon-H1-7B-Instruct", "provider": "transformers", "response": "тически площадь площади составляет примерно насколько процентов процентов процентов процентов процентов процентов процентов процентов процентов процентов процентов процентов процентов процентов процентов процентов процентов процентов процентов процентов процентов процентов процентов процентов процентов процентов процентов процентов процентов процентов процентов процентов процентов процентов процентов процентов процентов процентов процентов процентов процентов процентов процентов процентов процентов процентов процентов процентов процентов процентов процентов процентов процентов процентов процентов процентов процентов процентов процентов процентов процентов процентов процентов процентов процентов процентов процентов процентов процентов процентов процентов процентов процентов процентов процентов процентов процентов процентов процентов процентов процентов процентов процентов процентов процентов процентов процентов процентов процентов процентов процентов процентов процентов процентов процентов процентов процентов процентов процентов процентов процентов процентов процентов процентов процентов процентов процентов процентов процентов процентов процентов процентов процентов процентов процентов процентов процентов процентов процентов процентов процентов процентов процентов процентов процентов процентов процентов процентов процентов процентов процентов процентов процентов процентов процентов процентов процентов процентов процентов процентов процентов процентов процентов процентов процентов процентов процентов процентов процентов процентов процентов процентов процентов процентов процентов процентов процентов процентов процентов процентов процентов процентов процентов процентов процентов процентов процентов процентов процентов процентов процентов процентов процентов процентов процентов процентов процентов процентов процентов процентов процентов процентов процентов процентов процентов процентов процентов процентов процентов процентов процентов процентов процентов процентов процентов процентов процентов процентов процентов процентов процентов процентов процентов процентов процентов процентов процентов процентов процентов процентов процентов процентов процентов процентов процентов процентов процентов процентов процентов процентов процентов процентов процентов процентов процентов процентов процентов процентов процентов процентов процентов процентов процентов процентов процентов процентов процентов процентов процентов процентов процентов процентов процентов процентов процентов процентов процентов процентов процентов процентов", "numeric_answer": null, "relative_error": null, "thinking_text": null, "has_tool_call": false, "tool_call": null, "usage": {"prompt_tokens": 192, "completion_tokens": 256, "total_tokens": 448, "token_count_source": "tokenizer"}, "decoding": {"temperature": 0.2, "top_p": null, "top_k": null, "max_tokens": 256, "seed": 42}, "prompt_tokens": 192, "completion_tokens": 256, "total_tokens": 448, "token_count_source": "tokenizer", "diffusion_steps": null, "flops_estimate": null, "flops_arch": null, "flops_model_params": null, "flops_active_params": null, "tokens_non_final": 256, "tokens_reasoning": 0, "tokens_response": 256, "elapsed_seconds": 18.398085594177246, "judgement": "Uncategorized"}
{"id": "fermi_000683", "topic": "fermi", "subtopic": "crowd_density", "prompt": "A plaza is about 70 m by 35 m, with roughly 1 people per square meter. About how many people are there?", "exact_value": 2450, "model": "tiiuae/Falcon-H1-7B-Instruct", "provider": "transformers", "response": "ацииация процентов процентов процентов процентов процентов процентов процентов процентов процентов процентов процентов процентов процентов процентов процентов процентов процентов процентов процентов процентов процентов процентов процентов процентов процентов процентов процентов процентов процентов процентов процентов процентов процентов процентов процентов процентов процентов процентов процентов процентов процентов процентов процентов процентов процентов процентов процентов процентов процентов процентов процентов процентов процентов процентов процентов процентов процентов процентов процентов процентов процентов процентов процентов процентов процентов процентов процентов процентов процентов процентов процентов процентов процентов процентов процентов процентов процентов процентов процентов процентов процентов процентов процентов процентов процентов процентов процентов процентов процентов процентов процентов процентов процентов процентов процентов процентов процентов процентов процентов процентов процентов процентов процентов процентов процентов процентов процентов процентов процентов процентов процентов процентов процентов процентов процентов процентов процентов процентов процентов процентов процентов процентов процентов процентов процентов процентов процентов процентов процентов процентов процентов процентов процентов процентов процентов процентов процентов процентов процентов процентов процентов процентов процентов процентов процентов процентов процентов процентов процентов процентов процентов процентов процентов процентов процентов процентов процентов процентов процентов процентов процентов процентов процентов процентов процентов процентов процентов процентов процентов процентов процентов процентов процентов процентов процентов процентов процентов процентов процентов процентов процентов процентов процентов процентов процентов процентов процентов процентов процентов процентов процентов процентов процентов процентов процентов процентов процентов процентов процентов процентов процентов процентов процентов процентов процентов процентов процентов процентов процентов процентов процентов процентов процентов процентов процентов процентов процентов процентов процентов процентов процентов процентов процентов процентов процентов процентов процентов процентов процентов процентов процентов процентов процентов процентов процентов процентов процентов процентов процентов процентов процентов процентов процентов процентов процентов процентов процентов процентов процентов процентов процентов процентов процентов процентов", "numeric_answer": null, "relative_error": null, "thinking_text": null, "has_tool_call": false, "tool_call": null, "usage": {"prompt_tokens": 192, "completion_tokens": 256, "total_tokens": 448, "token_count_source": "tokenizer"}, "decoding": {"temperature": 0.2, "top_p": null, "top_k": null, "max_tokens": 256, "seed": 42}, "prompt_tokens": 192, "completion_tokens": 256, "total_tokens": 448, "token_count_source": "tokenizer", "diffusion_steps": null, "flops_estimate": null, "flops_arch": null, "flops_model_params": null, "flops_active_params": null, "tokens_non_final": 255, "tokens_reasoning": 0, "tokens_response": 255, "elapsed_seconds": 18.638525009155273, "judgement": "Uncategorized"}
{"id": "fermi_000703", "topic": "fermi", "subtopic": "crowd_density", "prompt": "A plaza is about 40 m by 25 m, with roughly 1 people per square meter. About how many people are there?", "exact_value": 1000, "model": "tiiuae/Falcon-H1-7B-Instruct", "provider": "transformers", "response": "ацииация путем округления процентов процентов процентов процентов процентов процентов процентов процентов процентов процентов процентов процентов процентов процентов процентов процентов процентов процентов процентов процентов процентов процентов процентов процентов процентов процентов процентов процентов процентов процентов процентов процентов процентов процентов процентов процентов процентов процентов процентов процентов процентов процентов процентов процентов процентов процентов процентов процентов процентов процентов процентов процентов процентов процентов процентов процентов процентов процентов процентов процентов процентов процентов процентов процентов процентов процентов процентов процентов процентов процентов процентов процентов процентов процентов процентов процентов процентов процентов процентов процентов процентов процентов процентов процентов процентов процентов процентов процентов процентов процентов процентов процентов процентов процентов процентов процентов процентов процентов процентов процентов процентов процентов процентов процентов процентов процентов процентов процентов процентов процентов процентов процентов процентов процентов процентов процентов процентов процентов процентов процентов процентов процентов процентов процентов процентов процентов процентов процентов процентов процентов процентов процентов процентов процентов процентов процентов процентов процентов процентов процентов процентов процентов процентов процентов процентов процентов процентов процентов процентов процентов процентов процентов процентов процентов процентов процентов процентов процентов процентов процентов процентов процентов процентов процентов процентов процентов процентов процентов процентов процентов процентов процентов процентов процентов процентов процентов процентов процентов процентов процентов процентов процентов процентов процентов процентов процентов процентов процентов процентов процентов процентов процентов процентов процентов процентов процентов процентов процентов процентов процентов процентов процентов процентов процентов процентов процентов процентов процентов процентов процентов процентов процентов процентов процентов процентов процентов процентов процентов процентов процентов процентов процентов процентов процентов процентов процентов процентов процентов процентов процентов процентов процентов процентов процентов процентов процентов процентов процентов процентов процентов процентов процентов процентов процентов процентов процентов процентов процентов процентов процентов процентов", "numeric_answer": null, "relative_error": null, "thinking_text": null, "has_tool_call": false, "tool_call": null, "usage": {"prompt_tokens": 192, "completion_tokens": 256, "total_tokens": 448, "token_count_source": "tokenizer"}, "decoding": {"temperature": 0.2, "top_p": null, "top_k": null, "max_tokens": 256, "seed": 42}, "prompt_tokens": 192, "completion_tokens": 256, "total_tokens": 448, "token_count_source": "tokenizer", "diffusion_steps": null, "flops_estimate": null, "flops_arch": null, "flops_model_params": null, "flops_active_params": null, "tokens_non_final": 254, "tokens_reasoning": 0, "tokens_response": 254, "elapsed_seconds": 18.803839683532715, "judgement": "Uncategorized"}
{"id": "fermi_000723", "topic": "fermi", "subtopic": "crowd_density", "prompt": "A plaza is about 50 m by 30 m, with roughly 4 people per square meter. About how many people are there?", "exact_value": 6000, "model": "tiiuae/Falcon-H1-7B-Instruct", "provider": "transformers", "response": "тически площадь плации составляет примерно насколько процентов процентов насколько процентов процентов процентов процентов процентов процентов процентов процентов процентов процентов процентов процентов процентов процентов процентов процентов процентов процентов процентов процентов процентов процентов процентов процентов процентов процентов процентов процентов процентов процентов процентов процентов процентов процентов процентов процентов процентов процентов процентов процентов процентов процентов процентов процентов процентов процентов процентов процентов процентов процентов процентов процентов процентов процентов процентов процентов процентов процентов процентов процентов процентов процентов процентов процентов процентов процентов процентов процентов процентов процентов процентов процентов процентов процентов процентов процентов процентов процентов процентов процентов процентов процентов процентов процентов процентов процентов процентов процентов процентов процентов процентов процентов процентов процентов процентов процентов процентов процентов процентов процентов процентов процентов процентов процентов процентов процентов процентов процентов процентов процентов процентов процентов процентов процентов процентов процентов процентов процентов процентов процентов процентов процентов процентов процентов процентов процентов процентов процентов процентов процентов процентов процентов процентов процентов процентов процентов процентов процентов процентов процентов процентов процентов процентов процентов процентов процентов процентов процентов процентов процентов процентов процентов процентов процентов процентов процентов процентов процентов процентов процентов процентов процентов процентов процентов процентов процентов процентов процентов процентов процентов процентов процентов процентов процентов процентов процентов процентов процентов процентов процентов процентов процентов процентов процентов процентов процентов процентов процентов процентов процентов процентов процентов процентов процентов процентов процентов процентов процентов процентов процентов процентов процентов процентов процентов процентов процентов процентов процентов процентов процентов процентов процентов процентов процентов процентов процентов процентов процентов процентов процентов процентов процентов процентов процентов процентов процентов процентов процентов процентов процентов процентов процентов процентов процентов процентов процентов процентов процентов процентов процентов процентов процентов процентов процентов процентов процентов", "numeric_answer": null, "relative_error": null, "thinking_text": null, "has_tool_call": false, "tool_call": null, "usage": {"prompt_tokens": 192, "completion_tokens": 256, "total_tokens": 448, "token_count_source": "tokenizer"}, "decoding": {"temperature": 0.2, "top_p": null, "top_k": null, "max_tokens": 256, "seed": 42}, "prompt_tokens": 192, "completion_tokens": 256, "total_tokens": 448, "token_count_source": "tokenizer", "diffusion_steps": null, "flops_estimate": null, "flops_arch": null, "flops_model_params": null, "flops_active_params": null, "tokens_non_final": 255, "tokens_reasoning": 0, "tokens_response": 255, "elapsed_seconds": 18.679256916046143, "judgement": "Uncategorized"}
{"id": "fermi_000743", "topic": "fermi", "subtopic": "crowd_density", "prompt": "A plaza is about 50 m by 25 m, with roughly 4 people per square meter. About how many people are there?", "exact_value": 5000, "model": "tiiuae/Falcon-H1-7B-Instruct", "provider": "transformers", "response": "тически площадь платива составляет примерно насколько процентов миллиона процентов процентов процентов процентов процентов процентов процентов процентов процентов процентов процентов процентов процентов процентов процентов процентов процентов процентов процентов процентов процентов процентов процентов процентов процентов процентов процентов процентов процентов процентов процентов процентов процентов процентов процентов процентов процентов процентов процентов процентов процентов процентов процентов процентов процентов процентов процентов процентов процентов процентов процентов процентов процентов процентов процентов процентов процентов процентов процентов процентов процентов процентов процентов процентов процентов процентов процентов процентов процентов процентов процентов процентов процентов процентов процентов процентов процентов процентов процентов процентов процентов процентов процентов процентов процентов процентов процентов процентов процентов процентов процентов процентов процентов процентов процентов процентов процентов процентов процентов процентов процентов процентов процентов процентов процентов процентов процентов процентов процентов процентов процентов процентов процентов процентов процентов процентов процентов процентов процентов процентов процентов процентов процентов процентов процентов процентов процентов процентов процентов процентов процентов процентов процентов процентов процентов процентов процентов процентов процентов процентов процентов процентов процентов процентов процентов процентов процентов процентов процентов процентов процентов процентов процентов процентов процентов процентов процентов процентов процентов процентов процентов процентов процентов процентов процентов процентов процентов процентов процентов процентов процентов процентов процентов процентов процентов процентов процентов процентов процентов процентов процентов процентов процентов процентов процентов процентов процентов процентов процентов процентов процентов процентов процентов процентов процентов процентов процентов процентов процентов процентов процентов процентов процентов процентов процентов процентов процентов процентов процентов процентов процентов процентов процентов процентов процентов процентов процентов процентов процентов процентов процентов процентов процентов процентов процентов процентов процентов процентов процентов процентов процентов процентов процентов процентов процентов процентов процентов процентов процентов процентов процентов процентов процентов процентов процентов процентов", "numeric_answer": null, "relative_error": null, "thinking_text": null, "has_tool_call": false, "tool_call": null, "usage": {"prompt_tokens": 192, "completion_tokens": 256, "total_tokens": 448, "token_count_source": "tokenizer"}, "decoding": {"temperature": 0.2, "top_p": null, "top_k": null, "max_tokens": 256, "seed": 42}, "prompt_tokens": 192, "completion_tokens": 256, "total_tokens": 448, "token_count_source": "tokenizer", "diffusion_steps": null, "flops_estimate": null, "flops_arch": null, "flops_model_params": null, "flops_active_params": null, "tokens_non_final": 254, "tokens_reasoning": 0, "tokens_response": 254, "elapsed_seconds": 18.79698348045349, "judgement": "Uncategorized"}
{"id": "fermi_000763", "topic": "fermi", "subtopic": "crowd_density", "prompt": "A plaza is about 60 m by 35 m, with roughly 4 people per square meter. About how many people are there?", "exact_value": 8400, "model": "tiiuae/Falcon-H1-7B-Instruct", "provider": "transformers", "response": "�альное решение", "numeric_answer": null, "relative_error": null, "thinking_text": null, "has_tool_call": false, "tool_call": null, "usage": {"prompt_tokens": 192, "completion_tokens": 4, "total_tokens": 196, "token_count_source": "tokenizer"}, "decoding": {"temperature": 0.2, "top_p": null, "top_k": null, "max_tokens": 256, "seed": 42}, "prompt_tokens": 192, "completion_tokens": 4, "total_tokens": 196, "token_count_source": "tokenizer", "diffusion_steps": null, "flops_estimate": null, "flops_arch": null, "flops_model_params": null, "flops_active_params": null, "tokens_non_final": 2, "tokens_reasoning": 0, "tokens_response": 2, "elapsed_seconds": 0.3301408290863037, "judgement": "Uncategorized"}
{"id": "fermi_000783", "topic": "fermi", "subtopic": "crowd_density", "prompt": "A plaza is about 50 m by 25 m, with roughly 4 people per square meter. About how many people are there?", "exact_value": 5000, "model": "tiiuae/Falcon-H1-7B-Instruct", "provider": "transformers", "response": "тически площадь платива составляет примерно насколько процентов миллиона процентов процентов процентов процентов процентов процентов процентов процентов процентов процентов процентов процентов процентов процентов процентов процентов процентов процентов процентов процентов процентов процентов процентов процентов процентов процентов процентов процентов процентов процентов процентов процентов процентов процентов процентов процентов процентов процентов процентов процентов процентов процентов процентов процентов процентов процентов процентов процентов процентов процентов процентов процентов процентов процентов процентов процентов процентов процентов процентов процентов процентов процентов процентов процентов процентов процентов процентов процентов процентов процентов процентов процентов процентов процентов процентов процентов процентов процентов процентов процентов процентов процентов процентов процентов процентов процентов процентов процентов процентов процентов процентов процентов процентов процентов процентов процентов процентов процентов процентов процентов процентов процентов процентов процентов процентов процентов процентов процентов процентов процентов процентов процентов процентов процентов процентов процентов процентов процентов процентов процентов процентов процентов процентов процентов процентов процентов процентов процентов процентов процентов процентов процентов процентов процентов процентов процентов процентов процентов процентов процентов процентов процентов процентов процентов процентов процентов процентов процентов процентов процентов процентов процентов процентов процентов процентов процентов процентов процентов процентов процентов процентов процентов процентов процентов процентов процентов процентов процентов процентов процентов процентов процентов процентов процентов процентов процентов процентов процентов процентов процентов процентов процентов процентов процентов процентов процентов процентов процентов процентов процентов процентов процентов процентов процентов процентов процентов процентов процентов процентов процентов процентов процентов процентов процентов процентов процентов процентов процентов процентов процентов процентов процентов процентов процентов процентов процентов процентов процентов процентов процентов процентов процентов процентов процентов процентов процентов процентов процентов процентов процентов процентов процентов процентов процентов процентов процентов процентов процентов процентов процентов процентов процентов процентов процентов процентов процентов", "numeric_answer": null, "relative_error": null, "thinking_text": null, "has_tool_call": false, "tool_call": null, "usage": {"prompt_tokens": 192, "completion_tokens": 256, "total_tokens": 448, "token_count_source": "tokenizer"}, "decoding": {"temperature": 0.2, "top_p": null, "top_k": null, "max_tokens": 256, "seed": 42}, "prompt_tokens": 192, "completion_tokens": 256, "total_tokens": 448, "token_count_source": "tokenizer", "diffusion_steps": null, "flops_estimate": null, "flops_arch": null, "flops_model_params": null, "flops_active_params": null, "tokens_non_final": 254, "tokens_reasoning": 0, "tokens_response": 254, "elapsed_seconds": 18.69599747657776, "judgement": "Uncategorized"}
{"id": "fermi_000803", "topic": "fermi", "subtopic": "crowd_density", "prompt": "A plaza is about 30 m by 20 m, with roughly 2 people per square meter. About how many people are there?", "exact_value": 1200, "model": "tiiuae/Falcon-H1-7B-Instruct", "provider": "transformers", "response": "альными размерами площади являются примерно насколько метров насколько и насколько насколько насколько метров соответственно насколько насколько насколько насколько насколько насколько насколько насколько насколько насколько насколько насколько насколько насколько насколько насколько насколько насколько насколько насколько насколько насколько насколько насколько насколько насколько насколько насколько насколько насколько насколько насколько насколько насколько насколько насколько насколько насколько насколько насколько насколько насколько насколько насколько насколько насколько насколько насколько насколько насколько насколько насколько насколько насколько насколько насколько насколько насколько насколько насколько насколько насколько насколько насколько насколько насколько насколько насколько насколько насколько насколько насколько насколько насколько насколько насколько насколько насколько насколько насколько насколько насколько насколько насколько насколько насколько насколько насколько насколько насколько насколько насколько насколько насколько насколько насколько насколько насколько насколько насколько насколько насколько насколько насколько насколько насколько насколько насколько насколько насколько насколько насколько насколько насколько насколько насколько насколько насколько насколько насколько насколько насколько насколько насколько насколько насколько насколько насколько насколько насколько насколько насколько насколько насколько насколько насколько насколько насколько насколько насколько насколько насколько насколько насколько насколько насколько насколько насколько насколько насколько насколько насколько насколько насколько насколько насколько насколько насколько насколько насколько насколько насколько насколько насколько насколько насколько насколько насколько насколько насколько насколько насколько насколько насколько насколько насколько насколько насколько насколько насколько насколько насколько насколько насколько насколько насколько насколько насколько насколько насколько насколько насколько насколько насколько насколько насколько насколько насколько насколько насколько насколько насколько насколько насколько насколько насколько насколько насколько насколько насколько насколько насколько насколько насколько насколько насколько насколько насколько насколько насколько насколько насколько насколько насколько насколько насколько насколько насколько насколько насколько насколько насколько насколько насколько насколько насколько насколько насколько насколько насколько насколько", "numeric_answer": null, "relative_error": null, "thinking_text": null, "has_tool_call": false, "tool_call": null, "usage": {"prompt_tokens": 192, "completion_tokens": 256, "total_tokens": 448, "token_count_source": "tokenizer"}, "decoding": {"temperature": 0.2, "top_p": null, "top_k": null, "max_tokens": 256, "seed": 42}, "prompt_tokens": 192, "completion_tokens": 256, "total_tokens": 448, "token_count_source": "tokenizer", "diffusion_steps": null, "flops_estimate": null, "flops_arch": null, "flops_model_params": null, "flops_active_params": null, "tokens_non_final": 255, "tokens_reasoning": 0, "tokens_response": 255, "elapsed_seconds": 18.975399494171143, "judgement": "Uncategorized"}
{"id": "fermi_000823", "topic": "fermi", "subtopic": "crowd_density", "prompt": "A plaza is about 50 m by 20 m, with roughly 3 people per square meter. About how many people are there?", "exact_value": 3000, "model": "tiiuae/Falcon-H1-7B-Instruct", "provider": "transformers", "response": "�альное решение согласно правилальным указания kompensирует возможные неточности путем округления до человечески воспринимаемого числа насколько это возможно насколько это возможно насколько насколько насколько насколько насколько насколько насколько насколько насколько насколько насколько насколько насколько насколько насколько насколько насколько насколько насколько насколько насколько насколько насколько насколько насколько насколько насколько насколько насколько насколько насколько насколько насколько насколько насколько насколько насколько насколько насколько насколько насколько насколько насколько насколько насколько насколько насколько насколько насколько насколько насколько насколько насколько насколько насколько насколько насколько насколько насколько насколько насколько насколько насколько насколько насколько насколько насколько насколько насколько насколько насколько насколько насколько насколько насколько насколько насколько насколько насколько насколько насколько насколько насколько насколько насколько насколько насколько насколько насколько насколько насколько насколько насколько насколько насколько насколько насколько насколько насколько насколько насколько насколько насколько насколько насколько насколько насколько насколько насколько насколько насколько насколько насколько насколько насколько насколько насколько насколько насколько насколько насколько насколько насколько насколько насколько насколько насколько насколько насколько насколько насколько насколько насколько насколько насколько насколько насколько насколько насколько насколько насколько насколько насколько насколько насколько насколько насколько насколько насколько насколько насколько насколько насколько насколько насколько насколько насколько насколько насколько насколько насколько насколько насколько насколько насколько насколько насколько насколько насколько насколько насколько насколько насколько насколько насколько насколько насколько насколько насколько насколько насколько насколько насколько насколько насколько насколько насколько насколько насколько насколько насколько насколько насколько насколько насколько насколько насколько насколько насколько насколько насколько насколько насколько насколько насколько насколько насколько насколько насколько насколько насколько насколько насколько насколько насколько насколько насколько насколько насколько насколько насколько насколько насколько", "numeric_answer": null, "relative_error": null, "thinking_text": null, "has_tool_call": false, "tool_call": null, "usage": {"prompt_tokens": 192, "completion_tokens": 256, "total_tokens": 448, "token_count_source": "tokenizer"}, "decoding": {"temperature": 0.2, "top_p": null, "top_k": null, "max_tokens": 256, "seed": 42}, "prompt_tokens": 192, "completion_tokens": 256, "total_tokens": 448, "token_count_source": "tokenizer", "diffusion_steps": null, "flops_estimate": null, "flops_arch": null, "flops_model_params": null, "flops_active_params": null, "tokens_non_final": 243, "tokens_reasoning": 0, "tokens_response": 243, "elapsed_seconds": 18.488873958587646, "judgement": "Uncategorized"}
{"id": "fermi_000843", "topic": "fermi", "subtopic": "crowd_density", "prompt": "A plaza is about 40 m by 30 m, with roughly 2 people per square meter. About how many people are there?", "exact_value": 2400, "model": "tiiuae/Falcon-H1-7B-Instruct", "provider": "transformers", "response": "альными размерами площади примерноаются насколько процентов процентов процентов процентов процентов процентов процентов процентов процентов процентов процентов процентов процентов процентов процентов процентов процентов процентов процентов процентов процентов процентов процентов процентов процентов процентов процентов процентов процентов процентов процентов процентов процентов процентов процентов процентов процентов процентов процентов процентов процентов процентов процентов процентов процентов процентов процентов процентов процентов процентов процентов процентов процентов процентов процентов процентов процентов процентов процентов процентов процентов процентов процентов процентов процентов процентов процентов процентов процентов процентов процентов процентов процентов процентов процентов процентов процентов процентов процентов процентов процентов процентов процентов процентов процентов процентов процентов процентов процентов процентов процентов процентов процентов процентов процентов процентов процентов процентов процентов процентов процентов процентов процентов процентов процентов процентов процентов процентов процентов процентов процентов процентов процентов процентов процентов процентов процентов процентов процентов процентов процентов процентов процентов процентов процентов процентов процентов процентов процентов процентов процентов процентов процентов процентов процентов процентов процентов процентов процентов процентов процентов процентов процентов процентов процентов процентов процентов процентов процентов процентов процентов процентов процентов процентов процентов процентов процентов процентов процентов процентов процентов процентов процентов процентов процентов процентов процентов процентов процентов процентов процентов процентов процентов процентов процентов процентов процентов процентов процентов процентов процентов процентов процентов процентов процентов процентов процентов процентов процентов процентов процентов процентов процентов процентов процентов процентов процентов процентов процентов процентов процентов процентов процентов процентов процентов процентов процентов процентов процентов процентов процентов процентов процентов процентов процентов процентов процентов процентов процентов процентов процентов процентов процентов процентов процентов процентов процентов процентов процентов процентов процентов процентов процентов процентов процентов процентов процентов процентов процентов процентов процентов процентов процентов процентов процентов процентов процентов процентов процентов", "numeric_answer": null, "relative_error": null, "thinking_text": null, "has_tool_call": false, "tool_call": null, "usage": {"prompt_tokens": 192, "completion_tokens": 256, "total_tokens": 448, "token_count_source": "tokenizer"}, "decoding": {"temperature": 0.2, "top_p": null, "top_k": null, "max_tokens": 256, "seed": 42}, "prompt_tokens": 192, "completion_tokens": 256, "total_tokens": 448, "token_count_source": "tokenizer", "diffusion_steps": null, "flops_estimate": null, "flops_arch": null, "flops_model_params": null, "flops_active_params": null, "tokens_non_final": 254, "tokens_reasoning": 0, "tokens_response": 254, "elapsed_seconds": 18.63115096092224, "judgement": "Uncategorized"}
{"id": "fermi_000863", "topic": "fermi", "subtopic": "crowd_density", "prompt": "A plaza is about 50 m by 35 m, with roughly 4 people per square meter. About how many people are there?", "exact_value": 7000, "model": "tiiuae/Falcon-H1-7B-Instruct", "provider": "transformers", "response": "альнымиальнымиальнымиальнымиальнымиальнымиальнымиальнымиальнымиальнымиальнымиальнымиальнымиальнымиальнымиальнымиальнымиальнымиальнымиальнымиальнымиальнымиальнымиальнымиальнымиальнымиальнымиальнымиальнымиальнымиальнымиальнымиальнымиальнымиальнымиальнымиальнымиальнымиальнымиальнымиальнымиальнымиальнымиальнымиальнымиальнымиальнымиальнымиальнымиальнымиальнымиальнымиальнымиальнымиальнымиальнымиальнымиальнымиальнымиальнымиальнымиальнымиальнымиальнымиальнымиальнымиальнымиальнымиальнымиальнымиальнымиальнымиальнымиальнымиальнымиальнымиальнымиальнымиальнымиальнымиальнымиальнымиальнымиальнымиальнымиальнымиальнымиальнымиальнымиальнымиальнымиальнымиальнымиальнымиальнымиальнымиальнымиальнымиальнымиальнымиальнымиальнымиальнымиальнымиальнымиальнымиальнымиальнымиальнымиальнымиальнымиальнымиальнымиальнымиальнымиальнымиальнымиальнымиальнымиальнымиальнымиальнымиальнымиальнымиальнымиальнымиальнымиальнымиальнымиальнымиальнымиальнымиальнымиальнымиальнымиальнымиальнымиальнымиальнымиальнымиальнымиальнымиальнымиальнымиальнымиальнымиальнымиальнымиальнымиальнымиальнымиальнымиальнымиальнымиальнымиальнымиальнымиальнымиальнымиальнымиальнымиальнымиальнымиальнымиальнымиальнымиальнымиальнымиальнымиальнымиальнымиальнымиальнымиальнымиальнымиальнымиальнымиальнымиальнымиальнымиальнымиальнымиальнымиальнымиальнымиальнымиальнымиальнымиальнымиальнымиальнымиальнымиальнымиальнымиальнымиальнымиальнымиальнымиальнымиальнымиальнымиальнымиальнымиальнымиальнымиальнымиальнымиальнымиальнымиальнымиальнымиальнымиальнымиальнымиальнымиальнымиальнымиальнымиальнымиальнымиальнымиальнымиальнымиальнымиальнымиальнымиальнымиальнымиальнымиальнымиальнымиальнымиальнымиальнымиальнымиальнымиальнымиальнымиальнымиальнымиальнымиальнымиальнымиальнымиальнымиальнымиальнымиальнымиальнымиальнымиальнымиальнымиальнымиальнымиальнымиальными", "numeric_answer": null, "relative_error": null, "thinking_text": null, "has_tool_call": false, "tool_call": null, "usage": {"prompt_tokens": 192, "completion_tokens": 256, "total_tokens": 448, "token_count_source": "tokenizer"}, "decoding": {"temperature": 0.2, "top_p": null, "top_k": null, "max_tokens": 256, "seed": 42}, "prompt_tokens": 192, "completion_tokens": 256, "total_tokens": 448, "token_count_source": "tokenizer", "diffusion_steps": null, "flops_estimate": null, "flops_arch": null, "flops_model_params": null, "flops_active_params": null, "tokens_non_final": 1, "tokens_reasoning": 0, "tokens_response": 1, "elapsed_seconds": 18.509631633758545, "judgement": "Uncategorized"}
{"id": "fermi_000883", "topic": "fermi", "subtopic": "crowd_density", "prompt": "A plaza is about 60 m by 20 m, with roughly 4 people per square meter. About how many people are there?", "exact_value": 4800, "model": "tiiuae/Falcon-H1-7B-Instruct", "provider": "transformers", "response": "ациюируем насколько насколько насколько насколько насколько насколько насколько насколько насколько насколько насколько насколько насколько насколько насколько насколько насколько насколько насколько насколько насколько насколько насколько насколько насколько насколько насколько насколько насколько насколько насколько насколько насколько насколько насколько насколько насколько насколько насколько насколько насколько насколько насколько насколько насколько насколько насколько насколько насколько насколько насколько насколько насколько насколько насколько насколько насколько насколько насколько насколько насколько насколько насколько насколько насколько насколько насколько насколько насколько насколько насколько насколько насколько насколько насколько насколько насколько насколько насколько насколько насколько насколько насколько насколько насколько насколько насколько насколько насколько насколько насколько насколько насколько насколько насколько насколько насколько насколько насколько насколько насколько насколько насколько насколько насколько насколько насколько насколько насколько насколько насколько насколько насколько насколько насколько насколько насколько насколько насколько насколько насколько насколько насколько насколько насколько насколько насколько насколько насколько насколько насколько насколько насколько насколько насколько насколько насколько насколько насколько насколько насколько насколько насколько насколько насколько насколько насколько насколько насколько насколько насколько насколько насколько насколько насколько насколько насколько насколько насколько насколько насколько насколько насколько насколько насколько насколько насколько насколько насколько насколько насколько насколько насколько насколько насколько насколько насколько насколько насколько насколько насколько насколько насколько насколько насколько насколько насколько насколько насколько насколько насколько насколько насколько насколько насколько насколько насколько насколько насколько насколько насколько насколько насколько насколько насколько насколько насколько насколько насколько насколько насколько насколько насколько насколько насколько насколько насколько насколько насколько насколько насколько насколько насколько насколько насколько насколько насколько насколько насколько насколько насколько насколько насколько насколько насколько насколько насколько насколько насколько насколько насколько насколько насколько насколько насколько насколько насколько насколько насколько насколько насколько насколько насколько насколько", "numeric_answer": null, "relative_error": null, "thinking_text": null, "has_tool_call": false, "tool_call": null, "usage": {"prompt_tokens": 192, "completion_tokens": 256, "total_tokens": 448, "token_count_source": "tokenizer"}, "decoding": {"temperature": 0.2, "top_p": null, "top_k": null, "max_tokens": 256, "seed": 42}, "prompt_tokens": 192, "completion_tokens": 256, "total_tokens": 448, "token_count_source": "tokenizer", "diffusion_steps": null, "flops_estimate": null, "flops_arch": null, "flops_model_params": null, "flops_active_params": null, "tokens_non_final": 255, "tokens_reasoning": 0, "tokens_response": 255, "elapsed_seconds": 18.43544054031372, "judgement": "Uncategorized"}
{"id": "fermi_000903", "topic": "fermi", "subtopic": "crowd_density", "prompt": "A plaza is about 60 m by 20 m, with roughly 1 people per square meter. About how many people are there?", "exact_value": 1200, "model": "tiiuae/Falcon-H1-7B-Instruct", "provider": "transformers", "response": "тически площадь платива составляет примерно насколько процентов процентов процентов процентов процентов процентов процентов процентов процентов процентов процентов процентов процентов процентов процентов процентов процентов процентов процентов процентов процентов процентов процентов процентов процентов процентов процентов процентов процентов процентов процентов процентов процентов процентов процентов процентов процентов процентов процентов процентов процентов процентов процентов процентов процентов процентов процентов процентов процентов процентов процентов процентов процентов процентов процентов процентов процентов процентов процентов процентов процентов процентов процентов процентов процентов процентов процентов процентов процентов процентов процентов процентов процентов процентов процентов процентов процентов процентов процентов процентов процентов процентов процентов процентов процентов процентов процентов процентов процентов процентов процентов процентов процентов процентов процентов процентов процентов процентов процентов процентов процентов процентов процентов процентов процентов процентов процентов процентов процентов процентов процентов процентов процентов процентов процентов процентов процентов процентов процентов процентов процентов процентов процентов процентов процентов процентов процентов процентов процентов процентов процентов процентов процентов процентов процентов процентов процентов процентов процентов процентов процентов процентов процентов процентов процентов процентов процентов процентов процентов процентов процентов процентов процентов процентов процентов процентов процентов процентов процентов процентов процентов процентов процентов процентов процентов процентов процентов процентов процентов процентов процентов процентов процентов процентов процентов процентов процентов процентов процентов процентов процентов процентов процентов процентов процентов процентов процентов процентов процентов процентов процентов процентов процентов процентов процентов процентов процентов процентов процентов процентов процентов процентов процентов процентов процентов процентов процентов процентов процентов процентов процентов процентов процентов процентов процентов процентов процентов процентов процентов процентов процентов процентов процентов процентов процентов процентов процентов процентов процентов процентов процентов процентов процентов процентов процентов процентов процентов процентов процентов процентов процентов процентов процентов процентов процентов процентов процентов процентов", "numeric_answer": null, "relative_error": null, "thinking_text": null, "has_tool_call": false, "tool_call": null, "usage": {"prompt_tokens": 192, "completion_tokens": 256, "total_tokens": 448, "token_count_source": "tokenizer"}, "decoding": {"temperature": 0.2, "top_p": null, "top_k": null, "max_tokens": 256, "seed": 42}, "prompt_tokens": 192, "completion_tokens": 256, "total_tokens": 448, "token_count_source": "tokenizer", "diffusion_steps": null, "flops_estimate": null, "flops_arch": null, "flops_model_params": null, "flops_active_params": null, "tokens_non_final": 254, "tokens_reasoning": 0, "tokens_response": 254, "elapsed_seconds": 18.457208156585693, "judgement": "Uncategorized"}
{"id": "fermi_000923", "topic": "fermi", "subtopic": "crowd_density", "prompt": "A plaza is about 30 m by 20 m, with roughly 3 people per square meter. About how many people are there?", "exact_value": 1800, "model": "tiiuae/Falcon-H1-7B-Instruct", "provider": "transformers", "response": "ацииация путем округления процентов процентов процентов процентов процентов процентов процентов процентов процентов процентов процентов процентов процентов процентов процентов процентов процентов процентов процентов процентов процентов процентов процентов процентов процентов процентов процентов процентов процентов процентов процентов процентов процентов процентов процентов процентов процентов процентов процентов процентов процентов процентов процентов процентов процентов процентов процентов процентов процентов процентов процентов процентов процентов процентов процентов процентов процентов процентов процентов процентов процентов процентов процентов процентов процентов процентов процентов процентов процентов процентов процентов процентов процентов процентов процентов процентов процентов процентов процентов процентов процентов процентов процентов процентов процентов процентов процентов процентов процентов процентов процентов процентов процентов процентов процентов процентов процентов процентов процентов процентов процентов процентов процентов процентов процентов процентов процентов процентов процентов процентов процентов процентов процентов процентов процентов процентов процентов процентов процентов процентов процентов процентов процентов процентов процентов процентов процентов процентов процентов процентов процентов процентов процентов процентов процентов процентов процентов процентов процентов процентов процентов процентов процентов процентов процентов процентов процентов процентов процентов процентов процентов процентов процентов процентов процентов процентов процентов процентов процентов процентов процентов процентов процентов процентов процентов процентов процентов процентов процентов процентов процентов процентов процентов процентов процентов процентов процентов процентов процентов процентов процентов процентов процентов процентов процентов процентов процентов процентов процентов процентов процентов процентов процентов процентов процентов процентов процентов процентов процентов процентов процентов процентов процентов процентов процентов процентов процентов процентов процентов процентов процентов процентов процентов процентов процентов процентов процентов процентов процентов процентов процентов процентов процентов процентов процентов процентов процентов процентов процентов процентов процентов процентов процентов процентов процентов процентов процентов процентов процентов процентов процентов процентов процентов процентов процентов процентов процентов процентов процентов процентов процентов", "numeric_answer": null, "relative_error": null, "thinking_text": null, "has_tool_call": false, "tool_call": null, "usage": {"prompt_tokens": 192, "completion_tokens": 256, "total_tokens": 448, "token_count_source": "tokenizer"}, "decoding": {"temperature": 0.2, "top_p": null, "top_k": null, "max_tokens": 256, "seed": 42}, "prompt_tokens": 192, "completion_tokens": 256, "total_tokens": 448, "token_count_source": "tokenizer", "diffusion_steps": null, "flops_estimate": null, "flops_arch": null, "flops_model_params": null, "flops_active_params": null, "tokens_non_final": 254, "tokens_reasoning": 0, "tokens_response": 254, "elapsed_seconds": 18.64682102203369, "judgement": "Uncategorized"}
{"id": "fermi_000943", "topic": "fermi", "subtopic": "crowd_density", "prompt": "A plaza is about 50 m by 25 m, with roughly 1 people per square meter. About how many people are there?", "exact_value": 1250, "model": "tiiuae/Falcon-H1-7B-Instruct", "provider": "transformers", "response": "ацииация путем округления процентов процентов процентов процентов процентов процентов процентов процентов процентов процентов процентов процентов процентов процентов процентов процентов процентов процентов процентов процентов процентов процентов процентов процентов процентов процентов процентов процентов процентов процентов процентов процентов процентов процентов процентов процентов процентов процентов процентов процентов процентов процентов процентов процентов процентов процентов процентов процентов процентов процентов процентов процентов процентов процентов процентов процентов процентов процентов процентов процентов процентов процентов процентов процентов процентов процентов процентов процентов процентов процентов процентов процентов процентов процентов процентов процентов процентов процентов процентов процентов процентов процентов процентов процентов процентов процентов процентов процентов процентов процентов процентов процентов процентов процентов процентов процентов процентов процентов процентов процентов процентов процентов процентов процентов процентов процентов процентов процентов процентов процентов процентов процентов процентов процентов процентов процентов процентов процентов процентов процентов процентов процентов процентов процентов процентов процентов процентов процентов процентов процентов процентов процентов процентов процентов процентов процентов процентов процентов процентов процентов процентов процентов процентов процентов процентов процентов процентов процентов процентов процентов процентов процентов процентов процентов процентов процентов процентов процентов процентов процентов процентов процентов процентов процентов процентов процентов процентов процентов процентов процентов процентов процентов процентов процентов процентов процентов процентов процентов процентов процентов процентов процентов процентов процентов процентов процентов процентов процентов процентов процентов процентов процентов процентов процентов процентов процентов процентов процентов процентов процентов процентов процентов процентов процентов процентов процентов процентов процентов процентов процентов процентов процентов процентов процентов процентов процентов процентов процентов процентов процентов процентов процентов процентов процентов процентов процентов процентов процентов процентов процентов процентов процентов процентов процентов процентов процентов процентов процентов процентов процентов процентов процентов процентов процентов процентов процентов процентов процентов процентов процентов процентов", "numeric_answer": null, "relative_error": null, "thinking_text": null, "has_tool_call": false, "tool_call": null, "usage": {"prompt_tokens": 192, "completion_tokens": 256, "total_tokens": 448, "token_count_source": "tokenizer"}, "decoding": {"temperature": 0.2, "top_p": null, "top_k": null, "max_tokens": 256, "seed": 42}, "prompt_tokens": 192, "completion_tokens": 256, "total_tokens": 448, "token_count_source": "tokenizer", "diffusion_steps": null, "flops_estimate": null, "flops_arch": null, "flops_model_params": null, "flops_active_params": null, "tokens_non_final": 254, "tokens_reasoning": 0, "tokens_response": 254, "elapsed_seconds": 18.66882562637329, "judgement": "Uncategorized"}
{"id": "fermi_000963", "topic": "fermi", "subtopic": "crowd_density", "prompt": "A plaza is about 70 m by 35 m, with roughly 4 people per square meter. About how many people are there?", "exact_value": 9800, "model": "tiiuae/Falcon-H1-7B-Instruct", "provider": "transformers", "response": "тически площадь платива составляет около процентовирует процентов процентов процентов процентов процентов процентов процентов процентов процентов процентов процентов процентов процентов процентов процентов процентов процентов процентов процентов процентов процентов процентов процентов процентов процентов процентов процентов процентов процентов процентов процентов процентов процентов процентов процентов процентов процентов процентов процентов процентов процентов процентов процентов процентов процентов процентов процентов процентов процентов процентов процентов процентов процентов процентов процентов процентов процентов процентов процентов процентов процентов процентов процентов процентов процентов процентов процентов процентов процентов процентов процентов процентов процентов процентов процентов процентов процентов процентов процентов процентов процентов процентов процентов процентов процентов процентов процентов процентов процентов процентов процентов процентов процентов процентов процентов процентов процентов процентов процентов процентов процентов процентов процентов процентов процентов процентов процентов процентов процентов процентов процентов процентов процентов процентов процентов процентов процентов процентов процентов процентов процентов процентов процентов процентов процентов процентов процентов процентов процентов процентов процентов процентов процентов процентов процентов процентов процентов процентов процентов процентов процентов процентов процентов процентов процентов процентов процентов процентов процентов процентов процентов процентов процентов процентов процентов процентов процентов процентов процентов процентов процентов процентов процентов процентов процентов процентов процентов процентов процентов процентов процентов процентов процентов процентов процентов процентов процентов процентов процентов процентов процентов процентов процентов процентов процентов процентов процентов процентов процентов процентов процентов процентов процентов процентов процентов процентов процентов процентов процентов процентов процентов процентов процентов процентов процентов процентов процентов процентов процентов процентов процентов процентов процентов процентов процентов процентов процентов процентов процентов процентов процентов процентов процентов процентов процентов процентов процентов процентов процентов процентов процентов процентов процентов процентов процентов процентов процентов процентов процентов процентов процентов процентов процентов процентов процентов процентов процентов", "numeric_answer": null, "relative_error": null, "thinking_text": null, "has_tool_call": false, "tool_call": null, "usage": {"prompt_tokens": 192, "completion_tokens": 256, "total_tokens": 448, "token_count_source": "tokenizer"}, "decoding": {"temperature": 0.2, "top_p": null, "top_k": null, "max_tokens": 256, "seed": 42}, "prompt_tokens": 192, "completion_tokens": 256, "total_tokens": 448, "token_count_source": "tokenizer", "diffusion_steps": null, "flops_estimate": null, "flops_arch": null, "flops_model_params": null, "flops_active_params": null, "tokens_non_final": 253, "tokens_reasoning": 0, "tokens_response": 253, "elapsed_seconds": 18.762301921844482, "judgement": "Uncategorized"}
{"id": "fermi_000983", "topic": "fermi", "subtopic": "crowd_density", "prompt": "A plaza is about 50 m by 25 m, with roughly 3 people per square meter. About how many people are there?", "exact_value": 3750, "model": "tiiuae/Falcon-H1-7B-Instruct", "provider": "transformers", "response": "альными расчетами согласно правилам насколько возможно насколько возможно насколько возможно насколько возможно насколько возможно насколько возможно насколько возможно насколько возможно насколько возможно насколько возможно насколько возможно насколько возможно насколько возможно насколько возможно насколько возможно насколько возможно насколько возможно насколько возможно насколько возможно насколько возможно насколько возможно насколько возможно насколько возможно насколько возможно насколько возможно насколько возможно насколько возможно насколько возможно насколько возможно насколько возможно насколько возможно насколько возможно насколько возможно насколько возможно насколько возможно насколько возможно насколько возможно насколько возможно насколько возможно насколько возможно насколько возможно насколько возможно насколько возможно насколько возможно насколько возможно насколько возможно насколько возможно насколько возможно насколько возможно насколько возможно насколько возможно насколько возможно насколько возможно насколько возможно насколько возможно насколько возможно насколько возможно насколько возможно насколько возможно насколько возможно насколько возможно насколько возможно насколько возможно насколько возможно насколько возможно насколько возможно насколько возможно насколько возможно насколько возможно насколько возможно насколько возможно насколько возможно насколько возможно насколько возможно насколько возможно насколько возможно насколько возможно насколько возможно насколько возможно насколько возможно насколько возможно насколько возможно насколько возможно насколько возможно насколько возможно насколько возможно насколько возможно насколько возможно насколько возможно насколько возможно насколько возможно насколько возможно насколько возможно насколько возможно насколько возможно насколько возможно насколько возможно насколько возможно насколько возможно насколько возможно насколько возможно насколько возможно насколько возможно насколько возможно насколько возможно насколько возможно насколько возможно насколько возможно насколько возможно насколько возможно насколько возможно насколько возможно насколько возможно насколько возможно насколько возможно насколько возможно насколько возможно насколько возможно насколько возможно насколько возможно насколько возможно насколько возможно насколько возможно насколько возможно насколько возможно", "numeric_answer": null, "relative_error": null, "thinking_text": null, "has_tool_call": false, "tool_call": null, "usage": {"prompt_tokens": 192, "completion_tokens": 256, "total_tokens": 448, "token_count_source": "tokenizer"}, "decoding": {"temperature": 0.2, "top_p": null, "top_k": null, "max_tokens": 256, "seed": 42}, "prompt_tokens": 192, "completion_tokens": 256, "total_tokens": 448, "token_count_source": "tokenizer", "diffusion_steps": null, "flops_estimate": null, "flops_arch": null, "flops_model_params": null, "flops_active_params": null, "tokens_non_final": 254, "tokens_reasoning": 0, "tokens_response": 254, "elapsed_seconds": 18.865991830825806, "judgement": "Uncategorized"}
{"id": "fermi_001003", "topic": "fermi", "subtopic": "crowd_density", "prompt": "A plaza is about 30 m by 25 m, with roughly 3 people per square meter. About how many people are there?", "exact_value": 2250, "model": "tiiuae/Falcon-H1-7B-Instruct", "provider": "transformers", "response": "�альное решение согласно правилальным указания kompensирует возможные неточности путем округления до человечески воспринимаемых чисел согласно правилальным указания kompensирует возможальные неточности путем округления до человечески воспринимаемых чисел согласно правилальным указания kompensирует возможальные неточности путем округления до человечески воспринимаемых чисел согласно правилальным указания kompensирует возможальные kompensирует kompensирует kompensирует kompensирует kompensирует kompensирует kompensирует kompensирует kompensирует kompensирует kompensирует kompensирует kompensирует kompensирует kompensирует kompensирует kompensирует kompensирует kompensирует kompensирует kompensирует kompensирует kompensирует kompensирует kompensирует kompensирует kompensирует kompensирует kompensирует kompensирует kompensирует kompensирует kompensирует kompensирует kompensирует kompensирует kompensирует kompensирует kompensирует kompensирует kompensирует kompensирует kompensирует kompensирует kompensирует kompensирует kompensирует kompensирует kompensирует kompensирует kompensирует kompensирует kompensирует kompensирует kompensирует kompensирует kompensирует kompensирует kompensирует kompensирует kompensирует kompensирует kompensирует kompensирует kompensирует kompensирует kompensирует kompensирует kompensирует kompensирует kompensирует kompensирует kompensирует kompensирует kompensирует kompensирует kompensирует kompensирует kompensирует kompensирует kompensирует kompensирует kompensирует kompensирует kompensирует kompensирует", "numeric_answer": null, "relative_error": null, "thinking_text": null, "has_tool_call": false, "tool_call": null, "usage": {"prompt_tokens": 192, "completion_tokens": 256, "total_tokens": 448, "token_count_source": "tokenizer"}, "decoding": {"temperature": 0.2, "top_p": null, "top_k": null, "max_tokens": 256, "seed": 42}, "prompt_tokens": 192, "completion_tokens": 256, "total_tokens": 448, "token_count_source": "tokenizer", "diffusion_steps": null, "flops_estimate": null, "flops_arch": null, "flops_model_params": null, "flops_active_params": null, "tokens_non_final": 129, "tokens_reasoning": 0, "tokens_response": 129, "elapsed_seconds": 18.84575915336609, "judgement": "Uncategorized"}
{"id": "fermi_001023", "topic": "fermi", "subtopic": "crowd_density", "prompt": "A plaza is about 30 m by 25 m, with roughly 2 people per square meter. About how many people are there?", "exact_value": 1500, "model": "tiiuae/Falcon-H1-7B-Instruct", "provider": "transformers", "response": "�альное решение вместо точных исчислений согласно правилам приведено нижетическиальное решение вместо точных исчислений согласно правилальным согласно правилальным согласноальным согласноальным согласноальным согласноальным согласноальным согласноальным согласноальным согласноальным согласноальным согласноальным согласноальным согласноальным согласноальным согласноальным согласноальным согласноальным согласноальным согласноальным согласноальным согласноальным согласноальным согласноальным согласноальным согласноальным согласноальным согласноальным согласноальным согласноальным согласноальным согласноальным согласноальным согласноальным согласноальным согласноальным согласноальным согласноальным согласноальным согласноальным согласноальным согласноальным согласноальным согласноальным согласноальным согласноальным согласноальным согласноальным согласноальным согласноальным согласноальным согласноальным согласноальным согласноальным согласноальным согласноальным согласноальным согласноальным согласноальным согласноальным согласноальным согласноальным согласноальным согласноальным согласноальным согласноальным согласноальным согласноальным согласноальным согласноальным согласноальным согласноальным согласноальным согласноальным согласноальным согласноальным согласноальным согласноальным согласноальным согласноальным согласноальным согласноальным согласноальным согласноальным согласноальным согласноальным согласноальным согласноальным согласноальным согласноальным согласноальным согласноальным согласноальным согласноальным согласноальным согласноальным согласноальным согласноальным согласноальным согласноальным согласноальным согласноальным согласноальным согласноальным согласноальным согласноальным согласноальным согласноальным согласноальным согласноальным согласноальным согласноальным согласноальным согласноальным согласноальным", "numeric_answer": null, "relative_error": null, "thinking_text": null, "has_tool_call": false, "tool_call": null, "usage": {"prompt_tokens": 192, "completion_tokens": 256, "total_tokens": 448, "token_count_source": "tokenizer"}, "decoding": {"temperature": 0.2, "top_p": null, "top_k": null, "max_tokens": 256, "seed": 42}, "prompt_tokens": 192, "completion_tokens": 256, "total_tokens": 448, "token_count_source": "tokenizer", "diffusion_steps": null, "flops_estimate": null, "flops_arch": null, "flops_model_params": null, "flops_active_params": null, "tokens_non_final": 130, "tokens_reasoning": 0, "tokens_response": 130, "elapsed_seconds": 18.64367961883545, "judgement": "Uncategorized"}
{"id": "fermi_001043", "topic": "fermi", "subtopic": "crowd_density", "prompt": "A plaza is about 60 m by 20 m, with roughly 3 people per square meter. About how many people are there?", "exact_value": 3600, "model": "tiiuae/Falcon-H1-7B-Instruct", "provider": "transformers", "response": "тически площадь платива составляет примерно процентовирует насколько процентов процентов процентов процентов процентов процентов процентов процентов процентов процентов процентов процентов процентов процентов процентов процентов процентов процентов процентов процентов процентов процентов процентов процентов процентов процентов процентов процентов процентов процентов процентов процентов процентов процентов процентов процентов процентов процентов процентов процентов процентов процентов процентов процентов процентов процентов процентов процентов процентов процентов процентов процентов процентов процентов процентов процентов процентов процентов процентов процентов процентов процентов процентов процентов процентов процентов процентов процентов процентов процентов процентов процентов процентов процентов процентов процентов процентов процентов процентов процентов процентов процентов процентов процентов процентов процентов процентов процентов процентов процентов процентов процентов процентов процентов процентов процентов процентов процентов процентов процентов процентов процентов процентов процентов процентов процентов процентов процентов процентов процентов процентов процентов процентов процентов процентов процентов процентов процентов процентов процентов процентов процентов процентов процентов процентов процентов процентов процентов процентов процентов процентов процентов процентов процентов процентов процентов процентов процентов процентов процентов процентов процентов процентов процентов процентов процентов процентов процентов процентов процентов процентов процентов процентов процентов процентов процентов процентов процентов процентов процентов процентов процентов процентов процентов процентов процентов процентов процентов процентов процентов процентов процентов процентов процентов процентов процентов процентов процентов процентов процентов процентов процентов процентов процентов процентов процентов процентов процентов процентов процентов процентов процентов процентов процентов процентов процентов процентов процентов процентов процентов процентов процентов процентов процентов процентов процентов процентов процентов процентов процентов процентов процентов процентов процентов процентов процентов процентов процентов процентов процентов процентов процентов процентов процентов процентов процентов процентов процентов процентов процентов процентов процентов процентов процентов процентов процентов процентов процентов процентов процентов процентов процентов процентов процентов процентов процентов", "numeric_answer": null, "relative_error": null, "thinking_text": null, "has_tool_call": false, "tool_call": null, "usage": {"prompt_tokens": 192, "completion_tokens": 256, "total_tokens": 448, "token_count_source": "tokenizer"}, "decoding": {"temperature": 0.2, "top_p": null, "top_k": null, "max_tokens": 256, "seed": 42}, "prompt_tokens": 192, "completion_tokens": 256, "total_tokens": 448, "token_count_source": "tokenizer", "diffusion_steps": null, "flops_estimate": null, "flops_arch": null, "flops_model_params": null, "flops_active_params": null, "tokens_non_final": 253, "tokens_reasoning": 0, "tokens_response": 253, "elapsed_seconds": 18.57490062713623, "judgement": "Uncategorized"}
{"id": "fermi_001063", "topic": "fermi", "subtopic": "crowd_density", "prompt": "A plaza is about 40 m by 20 m, with roughly 1 people per square meter. About how many people are there?", "exact_value": 800, "model": "tiiuae/Falcon-H1-7B-Instruct", "provider": "transformers", "response": "ацииация согласно правилам насколько возможноальноальноальноальноальноальноальноальноальноальноальноальноальноальноальноальноальноальноальноальноальноальноальноальноальноальноальноальноальноальноальноальноальноальноальноальноальноальноальноальноальноальноальноальноальноальноальноальноальноальноальноальноальноальноальноальноальноальноальноальноальноальноальноальноальноальноальноальноальноальноальноальноальноальноальноальноальноальноальноальноальноальноальноальноальноальноальноальноальноальноальноальноальноальноальноальноальноальноальноальноальноальноальноальноальноальноальноальноальноальноальноальноальноальноальноальноальноальноальноальноальноальноальноальноальноальноальноальноальноальноальноальноальноальноальноальноальноальноальноальноальноальноальноальноальноальноальноальноальноальноальноальноальноальноальноальноальноальноальноальноальноальноальноальноальноальноальноальноальноальноальноальноальноальноальноальноальноальноальноальноальноальноальноальноальноальноальноальноальноальноальноальноальноальноальноальноальноальноальноальноальноальноальноальноальноальноальноальноальноальноальноальноальноальноальноальноальноальноальноальноальноальноальноальноальноальноальноальноальноальноальноальноальноальноальноальноальноальноальноальноальноальноальноальноальноальноальноальноально", "numeric_answer": null, "relative_error": null, "thinking_text": null, "has_tool_call": false, "tool_call": null, "usage": {"prompt_tokens": 192, "completion_tokens": 256, "total_tokens": 448, "token_count_source": "tokenizer"}, "decoding": {"temperature": 0.2, "top_p": null, "top_k": null, "max_tokens": 256, "seed": 42}, "prompt_tokens": 192, "completion_tokens": 256, "total_tokens": 448, "token_count_source": "tokenizer", "diffusion_steps": null, "flops_estimate": null, "flops_arch": null, "flops_model_params": null, "flops_active_params": null, "tokens_non_final": 5, "tokens_reasoning": 0, "tokens_response": 5, "elapsed_seconds": 18.99934148788452, "judgement": "Uncategorized"}
{"id": "travel_time_000108", "topic": "travel_time", "subtopic": "drive_time", "prompt": "You need to travel about 161 miles at around 55 mph. About how many hours will it take?", "exact_value": 2.92, "model": "tiiuae/Falcon-H1-7B-Instruct", "provider": "transformers", "response": "�альное решение согласно правиламирует насколько возможно быстрое приближенное решение насколько возможно насколько возможно насколько возможно насколько возможно насколько возможно насколько возможно насколько возможно насколько возможно насколько возможно насколько возможно насколько возможно насколько возможно насколько возможно насколько возможно насколько возможно насколько возможно насколько возможно насколько возможно насколько возможно насколько возможно насколько возможно насколько возможно насколько возможно насколько возможно насколько возможно насколько возможно насколько возможно насколько возможно насколько возможно насколько возможно насколько возможно насколько возможно насколько возможно насколько возможно насколько возможно насколько возможно насколько возможно насколько возможно насколько возможно насколько возможно насколько возможно насколько возможно насколько возможно насколько возможно насколько возможно насколько возможно насколько возможно насколько возможно насколько возможно насколько возможно насколько возможно насколько возможно насколько возможно насколько возможно насколько возможно насколько возможно насколько возможно насколько возможно насколько возможно насколько возможно насколько возможно насколько возможно насколько возможно насколько возможно насколько возможно насколько возможно насколько возможно насколько возможно насколько возможно насколько возможно насколько возможно насколько возможно насколько возможно насколько возможно насколько возможно насколько возможно насколько возможно насколько возможно насколько возможно насколько возможно насколько возможно насколько возможно насколько возможно насколько возможно насколько возможно насколько возможно насколько возможно насколько возможно насколько возможно насколько возможно насколько возможно насколько возможно насколько возможно насколько возможно насколько возможно насколько возможно насколько возможно насколько возможно насколько возможно насколько возможно насколько возможно насколько возможно насколько возможно насколько возможно насколько возможно насколько возможно насколько возможно насколько возможно насколько возможно насколько возможно насколько возможно насколько возможно насколько возможно насколько возможно насколько возможно насколько возможно насколько возможно насколько возможно насколько возможно насколько возможно насколько", "numeric_answer": null, "relative_error": null, "thinking_text": null, "has_tool_call": false, "tool_call": null, "usage": {"prompt_tokens": 186, "completion_tokens": 256, "total_tokens": 442, "token_count_source": "tokenizer"}, "decoding": {"temperature": 0.2, "top_p": null, "top_k": null, "max_tokens": 256, "seed": 42}, "prompt_tokens": 186, "completion_tokens": 256, "total_tokens": 442, "token_count_source": "tokenizer", "diffusion_steps": null, "flops_estimate": null, "flops_arch": null, "flops_model_params": null, "flops_active_params": null, "tokens_non_final": 250, "tokens_reasoning": 0, "tokens_response": 250, "elapsed_seconds": 19.28580093383789, "judgement": "Uncategorized"}
{"id": "travel_time_000128", "topic": "travel_time", "subtopic": "drive_time", "prompt": "You need to travel about 11 miles at around 45 mph. About how many hours will it take?", "exact_value": 0.2511111111111111, "model": "tiiuae/Falcon-H1-7B-Instruct", "provider": "transformers", "response": "�альное решение согласно правилальным указания kompensierte jedoch kompensierte jedoch kompensierte jedoch kompensierte jedoch kompensierte jedoch kompensierte kompensierte kompensierte kompensierte kompensierte kompensierte kompensierte kompensierte kompensierte kompensierte kompensierte kompensierte kompensierte kompensierte kompensierte kompensierte kompensierte kompensierte kompensierte kompensierte kompensierte kompensierte kompensierte kompensierte kompensierte kompensierte kompensierte kompensierte kompensierte kompensierte kompensierte kompensierte kompensierte kompensierte kompensierte kompensierte kompensierte kompensierte kompensierte kompensierte kompensierte kompensierte kompensierte kompensierte kompensierte kompensierte kompensierte kompensierte kompensierte kompensierte kompensierte kompensierte kompensierte kompensierte kompensierte kompensierte kompensierte kompensierte kompensierte kompensierte kompensierte kompensierte kompensierte kompensierte kompensierte kompensierte kompensierte kompensierte kompensierte kompensierte kompensierte kompensierte kompensierte kompensierte kompensierte kompensierte kompensierte kompensierte kompensierte kompensierte kompensierte kompensierte kompensierte kompensierte kompensierte kompensierte kompensierte kompensierte kompensierte kompensierte kompensierte kompensierte kompensierte kompensierte kompensierte kompensierte kompensierte kompensierte kompensierte kompensierte kompensierte kompensierte kompensierte kompensierte kompensierte kompensierte kompensierte kompensierte kompensierte kompensierte kompensierte kompensierte kompensierte kompensierte kompensierte kompensierte kompens", "numeric_answer": null, "relative_error": null, "thinking_text": null, "has_tool_call": false, "tool_call": null, "usage": {"prompt_tokens": 185, "completion_tokens": 256, "total_tokens": 441, "token_count_source": "tokenizer"}, "decoding": {"temperature": 0.2, "top_p": null, "top_k": null, "max_tokens": 256, "seed": 42}, "prompt_tokens": 185, "completion_tokens": 256, "total_tokens": 441, "token_count_source": "tokenizer", "diffusion_steps": null, "flops_estimate": null, "flops_arch": null, "flops_model_params": null, "flops_active_params": null, "tokens_non_final": 132, "tokens_reasoning": 0, "tokens_response": 132, "elapsed_seconds": 19.237468004226685, "judgement": "Uncategorized"}
{"id": "travel_time_000148", "topic": "travel_time", "subtopic": "drive_time", "prompt": "You need to travel about 189 miles at around 45 mph. About how many hours will it take?", "exact_value": 4.202222222222222, "model": "tiiuae/Falcon-H1-7B-Instruct", "provider": "transformers", "response": "�альное решение согласно правиламирует насколько возможно быстро насколько возможно точно насколько возможно просто согласно приведенным условия kompensирует возможные погрешности путем округления путем избежания сложных расчетов путем избежания процентов путем избежания процентов путем избежания процентов путем избежания процентов путем избежания процентов путем избежания процентов путем избежания процентов путем избежания процентов путем избежания процентов путем избежания процентов путем избежания процентов путем избежания процентов путем избежания процентов путем избежания процентов путем избежания процентов путем избежания процентов путем избежания процентов путем избежания процентов путем избежания процентов путем избежания процентов путем избежания процентов путем избежания процентов путем избежания процентов путем избежания процентов путем избежания процентов путем избежания процентов путем избежания процентов путем избежания процентов путем избежания процентов путем избежания процентов путем избежания процентов путем избежания процентов путем избежания процентов путем избежания процентов путем избежания процентов путем избежания процентов путем избежания процентов путем избежания процентов путем избежания процентов путем избежания процентов путем избежания процентов путем избежания процентов путем избежания процентов путем избежания процентов путем избежания процентов путем избежания процентов путем избежания процентов путем избежания процентов путем избежания процентов путем избежания процентов путем избежания процентов путем избежания процентов путем избежания процентов путем избежания процентов путем избежания", "numeric_answer": null, "relative_error": null, "thinking_text": null, "has_tool_call": false, "tool_call": null, "usage": {"prompt_tokens": 186, "completion_tokens": 256, "total_tokens": 442, "token_count_source": "tokenizer"}, "decoding": {"temperature": 0.2, "top_p": null, "top_k": null, "max_tokens": 256, "seed": 42}, "prompt_tokens": 186, "completion_tokens": 256, "total_tokens": 442, "token_count_source": "tokenizer", "diffusion_steps": null, "flops_estimate": null, "flops_arch": null, "flops_model_params": null, "flops_active_params": null, "tokens_non_final": 189, "tokens_reasoning": 0, "tokens_response": 189, "elapsed_seconds": 18.888168573379517, "judgement": "Uncategorized"}
{"id": "travel_time_000168", "topic": "travel_time", "subtopic": "drive_time", "prompt": "You need to travel about 239 miles at around 45 mph. About how many hours will it take?", "exact_value": 5.304444444444444, "model": "tiiuae/Falcon-H1-7B-Instruct", "provider": "transformers", "response": "�альное решение согласно правиламирует насколько возможно насколько возможно насколько возможно насколько возможно насколько возможно насколько возможно насколько возможно насколько возможно насколько возможно насколько возможно насколько возможно насколько возможно насколько возможно насколько возможно насколько возможно насколько возможно насколько возможно насколько возможно насколько возможно насколько возможно насколько возможно насколько возможно насколько возможно насколько возможно насколько возможно насколько возможно насколько возможно насколько возможно насколько возможно насколько возможно насколько возможно насколько возможно насколько возможно насколько возможно насколько возможно насколько возможно насколько возможно насколько возможно насколько возможно насколько возможно насколько возможно насколько возможно насколько возможно насколько возможно насколько возможно насколько возможно насколько возможно насколько возможно насколько возможно насколько возможно насколько возможно насколько возможно насколько возможно насколько возможно насколько возможно насколько возможно насколько возможно насколько возможно насколько возможно насколько возможно насколько возможно насколько возможно насколько возможно насколько возможно насколько возможно насколько возможно насколько возможно насколько возможно насколько возможно насколько возможно насколько возможно насколько возможно насколько возможно насколько возможно насколько возможно насколько возможно насколько возможно насколько возможно насколько возможно насколько возможно насколько возможно насколько возможно насколько возможно насколько возможно насколько возможно насколько возможно насколько возможно насколько возможно насколько возможно насколько возможно насколько возможно насколько возможно насколько возможно насколько возможно насколько возможно насколько возможно насколько возможно насколько возможно насколько возможно насколько возможно насколько возможно насколько возможно насколько возможно насколько возможно насколько возможно насколько возможно насколько возможно насколько возможно насколько возможно насколько возможно насколько возможно насколько возможно насколько возможно насколько возможно насколько возможно насколько возможно насколько возможно насколько возможно насколько возможно насколько возможно насколько возможно насколько возможно насколько возможно насколько возможно насколько", "numeric_answer": null, "relative_error": null, "thinking_text": null, "has_tool_call": false, "tool_call": null, "usage": {"prompt_tokens": 186, "completion_tokens": 256, "total_tokens": 442, "token_count_source": "tokenizer"}, "decoding": {"temperature": 0.2, "top_p": null, "top_k": null, "max_tokens": 256, "seed": 42}, "prompt_tokens": 186, "completion_tokens": 256, "total_tokens": 442, "token_count_source": "tokenizer", "diffusion_steps": null, "flops_estimate": null, "flops_arch": null, "flops_model_params": null, "flops_active_params": null, "tokens_non_final": 253, "tokens_reasoning": 0, "tokens_response": 253, "elapsed_seconds": 18.551928758621216, "judgement": "Uncategorized"}
{"id": "travel_time_000188", "topic": "travel_time", "subtopic": "drive_time", "prompt": "You need to travel about 118 miles at around 45 mph. About how many hours will it take?", "exact_value": 2.6133333333333333, "model": "tiiuae/Falcon-H1-7B-Instruct", "provider": "transformers", "response": "�альное решение согласно правиламирует насколько возможно насколько возможно насколько насколько насколько насколько насколько насколько насколько насколько насколько насколько насколько насколько насколько насколько насколько насколько насколько насколько насколько насколько насколько насколько насколько насколько насколько насколько насколько насколько насколько насколько насколько насколько насколько насколько насколько насколько насколько насколько насколько насколько насколько насколько насколько насколько насколько насколько насколько насколько насколько насколько насколько насколько насколько насколько насколько насколько насколько насколько насколько насколько насколько насколько насколько насколько насколько насколько насколько насколько насколько насколько насколько насколько насколько насколько насколько насколько насколько насколько насколько насколько насколько насколько насколько насколько насколько насколько насколько насколько насколько насколько насколько насколько насколько насколько насколько насколько насколько насколько насколько насколько насколько насколько насколько насколько насколько насколько насколько насколько насколько насколько насколько насколько насколько насколько насколько насколько насколько насколько насколько насколько насколько насколько насколько насколько насколько насколько насколько насколько насколько насколько насколько насколько насколько насколько насколько насколько насколько насколько насколько насколько насколько насколько насколько насколько насколько насколько насколько насколько насколько насколько насколько насколько насколько насколько насколько насколько насколько насколько насколько насколько насколько насколько насколько насколько насколько насколько насколько насколько насколько насколько насколько насколько насколько насколько насколько насколько насколько насколько насколько насколько насколько насколько насколько насколько насколько насколько насколько насколько насколько насколько насколько насколько насколько насколько насколько насколько насколько насколько насколько насколько насколько насколько насколько насколько насколько насколько насколько насколько насколько насколько насколько насколько насколько насколько насколько насколько насколько насколько насколько насколько насколько насколько насколько насколько насколько насколько насколько насколько насколько насколько насколько насколько насколько насколько насколько насколько насколько насколько насколько насколько насколько насколько насколько насколько насколько", "numeric_answer": null, "relative_error": null, "thinking_text": null, "has_tool_call": false, "tool_call": null, "usage": {"prompt_tokens": 186, "completion_tokens": 256, "total_tokens": 442, "token_count_source": "tokenizer"}, "decoding": {"temperature": 0.2, "top_p": null, "top_k": null, "max_tokens": 256, "seed": 42}, "prompt_tokens": 186, "completion_tokens": 256, "total_tokens": 442, "token_count_source": "tokenizer", "diffusion_steps": null, "flops_estimate": null, "flops_arch": null, "flops_model_params": null, "flops_active_params": null, "tokens_non_final": 253, "tokens_reasoning": 0, "tokens_response": 253, "elapsed_seconds": 18.501065254211426, "judgement": "Uncategorized"}
{"id": "travel_time_000208", "topic": "travel_time", "subtopic": "drive_time", "prompt": "You need to travel about 224 miles at around 55 mph. About how many hours will it take?", "exact_value": 4.067272727272727, "model": "tiiuae/Falcon-H1-7B-Instruct", "provider": "transformers", "response": "�альное решение согласно правилальным указанияальным путем избежания сложения процентов путем избежания сложения процентов путем избежания сложения процентов путем избежания процентов путем избежания процентов путем избежания процентов путем избежания процентов путем избежания процентов путем избежания процентов путем избежания процентов путем избежания процентов путем избежания процентов путем избежания процентов путем избежания процентов путем избежания процентов путем избежания процентов путем избежания процентов путем избежания процентов путем избежания процентов путем избежания процентов путем избежания процентов путем избежания процентов путем избежания процентов путем избежания процентов путем избежания процентов путем избежания процентов путем избежания процентов путем избежания процентов путем избежания процентов путем избежания процентов путем избежания процентов путем избежания процентов путем избежания процентов путем избежания процентов путем избежания процентов путем избежания процентов путем избежания процентов путем избежания процентов путем избежания процентов путем избежания процентов путем избежания процентов путем избежания процентов путем избежания процентов путем избежания процентов путем избежания процентов путем избежания процентов путем избежания процентов путем избежания процентов путем избежания процентов путем избежания процентов путем избежания процентов путем избежания процентов путем избежания процентов путем избежания процентов путем избежания процентов путем избежания процентов путем избежания процентов путем избежания процентов путем избежания процентов путем избежания процентов путем", "numeric_answer": null, "relative_error": null, "thinking_text": null, "has_tool_call": false, "tool_call": null, "usage": {"prompt_tokens": 186, "completion_tokens": 256, "total_tokens": 442, "token_count_source": "tokenizer"}, "decoding": {"temperature": 0.2, "top_p": null, "top_k": null, "max_tokens": 256, "seed": 42}, "prompt_tokens": 186, "completion_tokens": 256, "total_tokens": 442, "token_count_source": "tokenizer", "diffusion_steps": null, "flops_estimate": null, "flops_arch": null, "flops_model_params": null, "flops_active_params": null, "tokens_non_final": 189, "tokens_reasoning": 0, "tokens_response": 189, "elapsed_seconds": 18.622631788253784, "judgement": "Uncategorized"}
{"id": "travel_time_000228", "topic": "travel_time", "subtopic": "drive_time", "prompt": "You need to travel about 37 miles at around 45 mph. About how many hours will it take?", "exact_value": 0.8222222222222222, "model": "tiiuae/Falcon-H1-7B-Instruct", "provider": "transformers", "response": "�альное решение путем приближенной аритации путем избежания сложных исчислений насколько возможно насколько возможно насколько насколько насколько насколько насколько насколько насколько насколько насколько насколько насколько насколько насколько насколько насколько насколько насколько насколько насколько насколько насколько насколько насколько насколько насколько насколько насколько насколько насколько насколько насколько насколько насколько насколько насколько насколько насколько насколько насколько насколько насколько насколько насколько насколько насколько насколько насколько насколько насколько насколько насколько насколько насколько насколько насколько насколько насколько насколько насколько насколько насколько насколько насколько насколько насколько насколько насколько насколько насколько насколько насколько насколько насколько насколько насколько насколько насколько насколько насколько насколько насколько насколько насколько насколько насколько насколько насколько насколько насколько насколько насколько насколько насколько насколько насколько насколько насколько насколько насколько насколько насколько насколько насколько насколько насколько насколько насколько насколько насколько насколько насколько насколько насколько насколько насколько насколько насколько насколько насколько насколько насколько насколько насколько насколько насколько насколько насколько насколько насколько насколько насколько насколько насколько насколько насколько насколько насколько насколько насколько насколько насколько насколько насколько насколько насколько насколько насколько насколько насколько насколько насколько насколько насколько насколько насколько насколько насколько насколько насколько насколько насколько насколько насколько насколько насколько насколько насколько насколько насколько насколько насколько насколько насколько насколько насколько насколько насколько насколько насколько насколько насколько насколько насколько насколько насколько насколько насколько насколько насколько насколько насколько насколько насколько насколько насколько насколько насколько насколько насколько насколько насколько насколько насколько насколько насколько насколько насколько насколько насколько насколько насколько насколько насколько насколько насколько насколько насколько насколько насколько насколько насколько насколько насколько насколько насколько насколько насколько насколько насколько насколько насколько насколько насколько насколько", "numeric_answer": null, "relative_error": null, "thinking_text": null, "has_tool_call": false, "tool_call": null, "usage": {"prompt_tokens": 185, "completion_tokens": 256, "total_tokens": 441, "token_count_source": "tokenizer"}, "decoding": {"temperature": 0.2, "top_p": null, "top_k": null, "max_tokens": 256, "seed": 42}, "prompt_tokens": 185, "completion_tokens": 256, "total_tokens": 441, "token_count_source": "tokenizer", "diffusion_steps": null, "flops_estimate": null, "flops_arch": null, "flops_model_params": null, "flops_active_params": null, "tokens_non_final": 247, "tokens_reasoning": 0, "tokens_response": 247, "elapsed_seconds": 18.910067796707153, "judgement": "Uncategorized"}
{"id": "travel_time_000248", "topic": "travel_time", "subtopic": "drive_time", "prompt": "You need to travel about 213 miles at around 35 mph. About how many hours will it take?", "exact_value": 6.082857142857143, "model": "tiiuae/Falcon-H1-7B-Instruct", "provider": "transformers", "response": "�альное решение согласно правиламируя насколько возможно быстро насколько возможно точно насколько возможно просто согласно приведенным условия kompensирует возможные погрешности путем округления путем избежания сложных расчетов путем избежания процентов путем избежания процентов путем избежания процентов путем избежания процентов путем избежания процентов путем избежания процентов путем избежания процентов путем избежания процентов путем избежания процентов путем избежания процентов путем избежания процентов путем избежания процентов путем избежания процентов путем избежания процентов путем избежания процентов путем избежания процентов путем избежания процентов путем избежания процентов путем избежания процентов путем избежания процентов путем избежания процентов путем избежания процентов путем избежания процентов путем избежания процентов путем избежания процентов путем избежания процентов путем избежания процентов путем избежания процентов путем избежания процентов путем избежания процентов путем избежания процентов путем избежания процентов путем избежания процентов путем избежания процентов путем избежания процентов путем избежания процентов путем избежания процентов путем избежания процентов путем избежания процентов путем избежания процентов путем избежания процентов путем избежания процентов путем избежания процентов путем избежания процентов путем избежания процентов путем избежания процентов путем избежания процентов путем избежания процентов путем избежания процентов путем избежания процентов путем избежания процентов путем избежания процентов путем избежания процентов путем избежания процентов путем избежания", "numeric_answer": null, "relative_error": null, "thinking_text": null, "has_tool_call": false, "tool_call": null, "usage": {"prompt_tokens": 186, "completion_tokens": 256, "total_tokens": 442, "token_count_source": "tokenizer"}, "decoding": {"temperature": 0.2, "top_p": null, "top_k": null, "max_tokens": 256, "seed": 42}, "prompt_tokens": 186, "completion_tokens": 256, "total_tokens": 442, "token_count_source": "tokenizer", "diffusion_steps": null, "flops_estimate": null, "flops_arch": null, "flops_model_params": null, "flops_active_params": null, "tokens_non_final": 189, "tokens_reasoning": 0, "tokens_response": 189, "elapsed_seconds": 18.9330575466156, "judgement": "Uncategorized"}
{"id": "travel_time_000268", "topic": "travel_time", "subtopic": "drive_time", "prompt": "You need to travel about 130 miles at around 35 mph. About how many hours will it take?", "exact_value": 3.7228571428571433, "model": "tiiuae/Falcon-H1-7B-Instruct", "provider": "transformers", "response": "�альное решение согласно правиламирует насколько возможно насколько возможно насколько насколько насколько насколько насколько насколько насколько насколько насколько насколько насколько насколько насколько насколько насколько насколько насколько насколько насколько насколько насколько насколько насколько насколько насколько насколько насколько насколько насколько насколько насколько насколько насколько насколько насколько насколько насколько насколько насколько насколько насколько насколько насколько насколько насколько насколько насколько насколько насколько насколько насколько насколько насколько насколько насколько насколько насколько насколько насколько насколько насколько насколько насколько насколько насколько насколько насколько насколько насколько насколько насколько насколько насколько насколько насколько насколько насколько насколько насколько насколько насколько насколько насколько насколько насколько насколько насколько насколько насколько насколько насколько насколько насколько насколько насколько насколько насколько насколько насколько насколько насколько насколько насколько насколько насколько насколько насколько насколько насколько насколько насколько насколько насколько насколько насколько насколько насколько насколько насколько насколько насколько насколько насколько насколько насколько насколько насколько насколько насколько насколько насколько насколько насколько насколько насколько насколько насколько насколько насколько насколько насколько насколько насколько насколько насколько насколько насколько насколько насколько насколько насколько насколько насколько насколько насколько насколько насколько насколько насколько насколько насколько насколько насколько насколько насколько насколько насколько насколько насколько насколько насколько насколько насколько насколько насколько насколько насколько насколько насколько насколько насколько насколько насколько насколько насколько насколько насколько насколько насколько насколько насколько насколько насколько насколько насколько насколько насколько насколько насколько насколько насколько насколько насколько насколько насколько насколько насколько насколько насколько насколько насколько насколько насколько насколько насколько насколько насколько насколько насколько насколько насколько насколько насколько насколько насколько насколько насколько насколько насколько насколько насколько насколько насколько насколько насколько насколько насколько насколько насколько насколько насколько насколько насколько насколько насколько", "numeric_answer": null, "relative_error": null, "thinking_text": null, "has_tool_call": false, "tool_call": null, "usage": {"prompt_tokens": 186, "completion_tokens": 256, "total_tokens": 442, "token_count_source": "tokenizer"}, "decoding": {"temperature": 0.2, "top_p": null, "top_k": null, "max_tokens": 256, "seed": 42}, "prompt_tokens": 186, "completion_tokens": 256, "total_tokens": 442, "token_count_source": "tokenizer", "diffusion_steps": null, "flops_estimate": null, "flops_arch": null, "flops_model_params": null, "flops_active_params": null, "tokens_non_final": 253, "tokens_reasoning": 0, "tokens_response": 253, "elapsed_seconds": 18.978752613067627, "judgement": "Uncategorized"}
{"id": "travel_time_000288", "topic": "travel_time", "subtopic": "drive_time", "prompt": "You need to travel about 182 miles at around 45 mph. About how many hours will it take?", "exact_value": 4.04, "model": "tiiuae/Falcon-H1-7B-Instruct", "provider": "transformers", "response": "�альное решение согласно правиламирует насколько возможно насколько возможно насколько возможно насколько возможно насколько возможно насколько возможно насколько возможно насколько возможно насколько возможно насколько возможно насколько возможно насколько возможно насколько возможно насколько возможно насколько возможно насколько возможно насколько возможно насколько возможно насколько возможно насколько возможно насколько возможно насколько возможно насколько возможно насколько возможно насколько возможно насколько возможно насколько возможно насколько возможно насколько возможно насколько возможно насколько возможно насколько возможно насколько возможно насколько возможно насколько возможно насколько возможно насколько возможно насколько возможно насколько возможно насколько возможно насколько возможно насколько возможно насколько возможно насколько возможно насколько возможно насколько возможно насколько возможно насколько возможно насколько возможно насколько возможно насколько возможно насколько возможно насколько возможно насколько возможно насколько возможно насколько возможно насколько возможно насколько возможно насколько возможно насколько возможно насколько возможно насколько возможно насколько возможно насколько возможно насколько возможно насколько возможно насколько возможно насколько возможно насколько возможно насколько возможно насколько возможно насколько возможно насколько возможно насколько возможно насколько возможно насколько возможно насколько возможно насколько возможно насколько возможно насколько возможно насколько возможно насколько возможно насколько возможно насколько возможно насколько возможно насколько возможно насколько возможно насколько возможно насколько возможно насколько возможно насколько возможно насколько возможно насколько возможно насколько возможно насколько возможно насколько возможно насколько возможно насколько возможно насколько возможно насколько возможно насколько возможно насколько возможно насколько возможно насколько возможно насколько возможно насколько возможно насколько возможно насколько возможно насколько возможно насколько возможно насколько возможно насколько возможно насколько возможно насколько возможно насколько возможно насколько возможно насколько возможно насколько возможно насколько возможно насколько возможно насколько возможно насколько возможно насколько возможно насколько возможно насколько", "numeric_answer": null, "relative_error": null, "thinking_text": null, "has_tool_call": false, "tool_call": null, "usage": {"prompt_tokens": 186, "completion_tokens": 256, "total_tokens": 442, "token_count_source": "tokenizer"}, "decoding": {"temperature": 0.2, "top_p": null, "top_k": null, "max_tokens": 256, "seed": 42}, "prompt_tokens": 186, "completion_tokens": 256, "total_tokens": 442, "token_count_source": "tokenizer", "diffusion_steps": null, "flops_estimate": null, "flops_arch": null, "flops_model_params": null, "flops_active_params": null, "tokens_non_final": 253, "tokens_reasoning": 0, "tokens_response": 253, "elapsed_seconds": 18.73620867729187, "judgement": "Uncategorized"}
{"id": "travel_time_000308", "topic": "travel_time", "subtopic": "drive_time", "prompt": "You need to travel about 220 miles at around 55 mph. About how many hours will it take?", "exact_value": 4.009090909090909, "model": "tiiuae/Falcon-H1-7B-Instruct", "provider": "transformers", "response": "�альное решение согласно правиламирует насколько возможно насколько возможно насколько возможно насколько возможно насколько возможно насколько возможно насколько возможно насколько возможно насколько возможно насколько возможно насколько возможно насколько возможно насколько возможно насколько возможно насколько возможно насколько возможно насколько возможно насколько возможно насколько возможно насколько возможно насколько возможно насколько возможно насколько возможно насколько возможно насколько возможно насколько возможно насколько возможно насколько возможно насколько возможно насколько возможно насколько возможно насколько возможно насколько возможно насколько возможно насколько возможно насколько возможно насколько возможно насколько возможно насколько возможно насколько возможно насколько возможно насколько возможно насколько возможно насколько возможно насколько возможно насколько возможно насколько возможно насколько возможно насколько возможно насколько возможно насколько возможно насколько возможно насколько возможно насколько возможно насколько возможно насколько возможно насколько возможно насколько возможно насколько возможно насколько возможно насколько возможно насколько возможно насколько возможно насколько возможно насколько возможно насколько возможно насколько возможно насколько возможно насколько возможно насколько возможно насколько возможно насколько возможно насколько возможно насколько возможно насколько возможно насколько возможно насколько возможно насколько возможно насколько возможно насколько возможно насколько возможно насколько возможно насколько возможно насколько возможно насколько возможно насколько возможно насколько возможно насколько возможно насколько возможно насколько возможно насколько возможно насколько возможно насколько возможно насколько возможно насколько возможно насколько возможно насколько возможно насколько возможно насколько возможно насколько возможно насколько возможно насколько возможно насколько возможно насколько возможно насколько возможно насколько возможно насколько возможно насколько возможно насколько возможно насколько возможно насколько возможно насколько возможно насколько возможно насколько возможно насколько возможно насколько возможно насколько возможно насколько возможно насколько возможно насколько возможно насколько возможно насколько возможно насколько возможно насколько возможно насколько", "numeric_answer": null, "relative_error": null, "thinking_text": null, "has_tool_call": false, "tool_call": null, "usage": {"prompt_tokens": 186, "completion_tokens": 256, "total_tokens": 442, "token_count_source": "tokenizer"}, "decoding": {"temperature": 0.2, "top_p": null, "top_k": null, "max_tokens": 256, "seed": 42}, "prompt_tokens": 186, "completion_tokens": 256, "total_tokens": 442, "token_count_source": "tokenizer", "diffusion_steps": null, "flops_estimate": null, "flops_arch": null, "flops_model_params": null, "flops_active_params": null, "tokens_non_final": 253, "tokens_reasoning": 0, "tokens_response": 253, "elapsed_seconds": 18.415918588638306, "judgement": "Uncategorized"}
{"id": "travel_time_000328", "topic": "travel_time", "subtopic": "drive_time", "prompt": "You need to travel about 144 miles at around 65 mph. About how many hours will it take?", "exact_value": 2.2184615384615385, "model": "tiiuae/Falcon-H1-7B-Instruct", "provider": "transformers", "response": "�альное решение согласно правилальным указания kompensирует необходимость быстрой оценки вместо точных исчислений путем округления результата согласно приведенным инальнымальнымальнымальнымальнымальнымальнымальнымальнымальнымальнымальнымальнымальнымальнымальнымальнымальнымальнымальнымальнымальнымальнымальнымальнымальнымальнымальнымальнымальнымальнымальнымальнымальнымальнымальнымальнымальнымальнымальнымальнымальнымальнымальнымальнымальнымальнымальнымальнымальнымальнымальнымальнымальнымальнымальнымальнымальнымальнымальнымальнымальнымальнымальнымальнымальнымальнымальнымальнымальнымальнымальнымальнымальнымальнымальнымальнымальнымальнымальнымальнымальнымальнымальнымальнымальнымальнымальнымальнымальнымальнымальнымальнымальнымальнымальнымальнымальнымальнымальнымальнымальнымальнымальнымальнымальнымальнымальнымальнымальнымальнымальнымальнымальнымальнымальнымальнымальнымальнымальнымальнымальнымальнымальнымальнымальнымальнымальнымальнымальнымальнымальнымальнымальнымальнымальнымальнымальнымальнымальнымальнымальнымальнымальнымальнымальнымальнымальнымальнымальнымальнымальнымальнымальнымальнымальнымальнымальнымальнымальнымальнымальнымальнымальнымальнымальнымальнымальнымальнымальнымальнымальнымальнымальнымальнымальнымальнымальнымальнымальнымальнымальнымальнымальнымальнымальнымальнымальнымальнымальнымальнымальнымальнымальнымальнымальнымальнымальнымальнымальнымальнымальнымальнымальнымальнымальнымальнымальнымальнымальнымальнымальнымальнымальнымальнымальнымальнымальнымальнымальнымальнымальнымальнымальнымальнымальнымальным", "numeric_answer": null, "relative_error": null, "thinking_text": null, "has_tool_call": false, "tool_call": null, "usage": {"prompt_tokens": 186, "completion_tokens": 256, "total_tokens": 442, "token_count_source": "tokenizer"}, "decoding": {"temperature": 0.2, "top_p": null, "top_k": null, "max_tokens": 256, "seed": 42}, "prompt_tokens": 186, "completion_tokens": 256, "total_tokens": 442, "token_count_source": "tokenizer", "diffusion_steps": null, "flops_estimate": null, "flops_arch": null, "flops_model_params": null, "flops_active_params": null, "tokens_non_final": 18, "tokens_reasoning": 0, "tokens_response": 18, "elapsed_seconds": 18.473742246627808, "judgement": "Uncategorized"}
{"id": "travel_time_000348", "topic": "travel_time", "subtopic": "drive_time", "prompt": "You need to travel about 215 miles at around 25 mph. About how many hours will it take?", "exact_value": 8.612, "model": "tiiuae/Falcon-H1-7B-Instruct", "provider": "transformers", "response": "�альное решение согласно правиламирует насколько возможно быстрое приближенное решение насколько возможно насколько возможно насколько возможно насколько возможно насколько возможно насколько возможно насколько возможно насколько возможно насколько возможно насколько возможно насколько возможно насколько возможно насколько возможно насколько возможно насколько возможно насколько возможно насколько возможно насколько возможно насколько возможно насколько возможно насколько возможно насколько возможно насколько возможно насколько возможно насколько возможно насколько возможно насколько возможно насколько возможно насколько возможно насколько возможно насколько возможно насколько возможно насколько возможно насколько возможно насколько возможно насколько возможно насколько возможно насколько возможно насколько возможно насколько возможно насколько возможно насколько возможно насколько возможно насколько возможно насколько возможно насколько возможно насколько возможно насколько возможно насколько возможно насколько возможно насколько возможно насколько возможно насколько возможно насколько возможно насколько возможно насколько возможно насколько возможно насколько возможно насколько возможно насколько возможно насколько возможно насколько возможно насколько возможно насколько возможно насколько возможно насколько возможно насколько возможно насколько возможно насколько возможно насколько возможно насколько возможно насколько возможно насколько возможно насколько возможно насколько возможно насколько возможно насколько возможно насколько возможно насколько возможно насколько возможно насколько возможно насколько возможно насколько возможно насколько возможно насколько возможно насколько возможно насколько возможно насколько возможно насколько возможно насколько возможно насколько возможно насколько возможно насколько возможно насколько возможно насколько возможно насколько возможно насколько возможно насколько возможно насколько возможно насколько возможно насколько возможно насколько возможно насколько возможно насколько возможно насколько возможно насколько возможно насколько возможно насколько возможно насколько возможно насколько возможно насколько возможно насколько возможно насколько возможно насколько возможно насколько возможно насколько возможно насколько возможно насколько возможно насколько возможно насколько возможно насколько", "numeric_answer": null, "relative_error": null, "thinking_text": null, "has_tool_call": false, "tool_call": null, "usage": {"prompt_tokens": 186, "completion_tokens": 256, "total_tokens": 442, "token_count_source": "tokenizer"}, "decoding": {"temperature": 0.2, "top_p": null, "top_k": null, "max_tokens": 256, "seed": 42}, "prompt_tokens": 186, "completion_tokens": 256, "total_tokens": 442, "token_count_source": "tokenizer", "diffusion_steps": null, "flops_estimate": null, "flops_arch": null, "flops_model_params": null, "flops_active_params": null, "tokens_non_final": 250, "tokens_reasoning": 0, "tokens_response": 250, "elapsed_seconds": 18.674459218978882, "judgement": "Uncategorized"}
{"id": "travel_time_000368", "topic": "travel_time", "subtopic": "drive_time", "prompt": "You need to travel about 173 miles at around 55 mph. About how many hours will it take?", "exact_value": 3.152727272727273, "model": "tiiuae/Falcon-H1-7B-Instruct", "provider": "transformers", "response": "�альное решение согласно правиламирует насколько возможно насколько возможно насколько возможно насколько возможно насколько возможно насколько возможно насколько возможно насколько возможно насколько возможно насколько возможно насколько возможно насколько возможно насколько возможно насколько возможно насколько возможно насколько возможно насколько возможно насколько возможно насколько возможно насколько возможно насколько возможно насколько возможно насколько возможно насколько возможно насколько возможно насколько возможно насколько возможно насколько возможно насколько возможно насколько возможно насколько возможно насколько возможно насколько возможно насколько возможно насколько возможно насколько возможно насколько возможно насколько возможно насколько возможно насколько возможно насколько возможно насколько возможно насколько возможно насколько возможно насколько возможно насколько возможно насколько возможно насколько возможно насколько возможно насколько возможно насколько возможно насколько возможно насколько возможно насколько возможно насколько возможно насколько возможно насколько возможно насколько возможно насколько возможно насколько возможно насколько возможно насколько возможно насколько возможно насколько возможно насколько возможно насколько возможно насколько возможно насколько возможно насколько возможно насколько возможно насколько возможно насколько возможно насколько возможно насколько возможно насколько возможно насколько возможно насколько возможно насколько возможно насколько возможно насколько возможно насколько возможно насколько возможно насколько возможно насколько возможно насколько возможно насколько возможно насколько возможно насколько возможно насколько возможно насколько возможно насколько возможно насколько возможно насколько возможно насколько возможно насколько возможно насколько возможно насколько возможно насколько возможно насколько возможно насколько возможно насколько возможно насколько возможно насколько возможно насколько возможно насколько возможно насколько возможно насколько возможно насколько возможно насколько возможно насколько возможно насколько возможно насколько возможно насколько возможно насколько возможно насколько возможно насколько возможно насколько возможно насколько возможно насколько возможно насколько возможно насколько возможно насколько возможно насколько возможно насколько возможно насколько", "numeric_answer": null, "relative_error": null, "thinking_text": null, "has_tool_call": false, "tool_call": null, "usage": {"prompt_tokens": 186, "completion_tokens": 256, "total_tokens": 442, "token_count_source": "tokenizer"}, "decoding": {"temperature": 0.2, "top_p": null, "top_k": null, "max_tokens": 256, "seed": 42}, "prompt_tokens": 186, "completion_tokens": 256, "total_tokens": 442, "token_count_source": "tokenizer", "diffusion_steps": null, "flops_estimate": null, "flops_arch": null, "flops_model_params": null, "flops_active_params": null, "tokens_non_final": 253, "tokens_reasoning": 0, "tokens_response": 253, "elapsed_seconds": 18.882086992263794, "judgement": "Uncategorized"}
{"id": "travel_time_000388", "topic": "travel_time", "subtopic": "drive_time", "prompt": "You need to travel about 73 miles at around 25 mph. About how many hours will it take?", "exact_value": 2.92, "model": "tiiuae/Falcon-H1-7B-Instruct", "provider": "transformers", "response": "�альное решение согласно правилацииировано насколько возможно насколько возможно насколько насколько насколько насколько насколько насколько насколько насколько насколько насколько насколько насколько насколько насколько насколько насколько насколько насколько насколько насколько насколько насколько насколько насколько насколько насколько насколько насколько насколько насколько насколько насколько насколько насколько насколько насколько насколько насколько насколько насколько насколько насколько насколько насколько насколько насколько насколько насколько насколько насколько насколько насколько насколько насколько насколько насколько насколько насколько насколько насколько насколько насколько насколько насколько насколько насколько насколько насколько насколько насколько насколько насколько насколько насколько насколько насколько насколько насколько насколько насколько насколько насколько насколько насколько насколько насколько насколько насколько насколько насколько насколько насколько насколько насколько насколько насколько насколько насколько насколько насколько насколько насколько насколько насколько насколько насколько насколько насколько насколько насколько насколько насколько насколько насколько насколько насколько насколько насколько насколько насколько насколько насколько насколько насколько насколько насколько насколько насколько насколько насколько насколько насколько насколько насколько насколько насколько насколько насколько насколько насколько насколько насколько насколько насколько насколько насколько насколько насколько насколько насколько насколько насколько насколько насколько насколько насколько насколько насколько насколько насколько насколько насколько насколько насколько насколько насколько насколько насколько насколько насколько насколько насколько насколько насколько насколько насколько насколько насколько насколько насколько насколько насколько насколько насколько насколько насколько насколько насколько насколько насколько насколько насколько насколько насколько насколько насколько насколько насколько насколько насколько насколько насколько насколько насколько насколько насколько насколько насколько насколько насколько насколько насколько насколько насколько насколько насколько насколько насколько насколько насколько насколько насколько насколько насколько насколько насколько насколько насколько насколько насколько насколько насколько насколько насколько насколько насколько насколько насколько насколько насколько насколько насколько насколько насколько насколько", "numeric_answer": null, "relative_error": null, "thinking_text": null, "has_tool_call": false, "tool_call": null, "usage": {"prompt_tokens": 185, "completion_tokens": 256, "total_tokens": 441, "token_count_source": "tokenizer"}, "decoding": {"temperature": 0.2, "top_p": null, "top_k": null, "max_tokens": 256, "seed": 42}, "prompt_tokens": 185, "completion_tokens": 256, "total_tokens": 441, "token_count_source": "tokenizer", "diffusion_steps": null, "flops_estimate": null, "flops_arch": null, "flops_model_params": null, "flops_active_params": null, "tokens_non_final": 253, "tokens_reasoning": 0, "tokens_response": 253, "elapsed_seconds": 18.996015310287476, "judgement": "Uncategorized"}
{"id": "travel_time_000408", "topic": "travel_time", "subtopic": "drive_time", "prompt": "You need to travel about 66 miles at around 65 mph. About how many hours will it take?", "exact_value": 1.0215384615384617, "model": "tiiuae/Falcon-H1-7B-Instruct", "provider": "transformers", "response": "�альное решение согласно правилацииировано насколько возможно насколько возможно насколько возможно насколько возможно насколько возможно насколько возможно насколько возможно насколько возможно насколько возможно насколько возможно насколько возможно насколько возможно насколько возможно насколько возможно насколько возможно насколько возможно насколько возможно насколько возможно насколько возможно насколько возможно насколько возможно насколько возможно насколько возможно насколько возможно насколько возможно насколько возможно насколько возможно насколько возможно насколько возможно насколько возможно насколько возможно насколько возможно насколько возможно насколько возможно насколько возможно насколько возможно насколько возможно насколько возможно насколько возможно насколько возможно насколько возможно насколько возможно насколько возможно насколько возможно насколько возможно насколько возможно насколько возможно насколько возможно насколько возможно насколько возможно насколько возможно насколько возможно насколько возможно насколько возможно насколько возможно насколько возможно насколько возможно насколько возможно насколько возможно насколько возможно насколько возможно насколько возможно насколько возможно насколько возможно насколько возможно насколько возможно насколько возможно насколько возможно насколько возможно насколько возможно насколько возможно насколько возможно насколько возможно насколько возможно насколько возможно насколько возможно насколько возможно насколько возможно насколько возможно насколько возможно насколько возможно насколько возможно насколько возможно насколько возможно насколько возможно насколько возможно насколько возможно насколько возможно насколько возможно насколько возможно насколько возможно насколько возможно насколько возможно насколько возможно насколько возможно насколько возможно насколько возможно насколько возможно насколько возможно насколько возможно насколько возможно насколько возможно насколько возможно насколько возможно насколько возможно насколько возможно насколько возможно насколько возможно насколько возможно насколько возможно насколько возможно насколько возможно насколько возможно насколько возможно насколько возможно насколько возможно насколько возможно насколько возможно насколько возможно насколько возможно насколько возможно насколько возможно насколько возможно насколько возможно насколько", "numeric_answer": null, "relative_error": null, "thinking_text": null, "has_tool_call": false, "tool_call": null, "usage": {"prompt_tokens": 185, "completion_tokens": 256, "total_tokens": 441, "token_count_source": "tokenizer"}, "decoding": {"temperature": 0.2, "top_p": null, "top_k": null, "max_tokens": 256, "seed": 42}, "prompt_tokens": 185, "completion_tokens": 256, "total_tokens": 441, "token_count_source": "tokenizer", "diffusion_steps": null, "flops_estimate": null, "flops_arch": null, "flops_model_params": null, "flops_active_params": null, "tokens_non_final": 253, "tokens_reasoning": 0, "tokens_response": 253, "elapsed_seconds": 18.840308666229248, "judgement": "Uncategorized"}
{"id": "travel_time_000428", "topic": "travel_time", "subtopic": "drive_time", "prompt": "You need to travel about 18 miles at around 65 mph. About how many hours will it take?", "exact_value": 0.27999999999999997, "model": "tiiuae/Falcon-H1-7B-Instruct", "provider": "transformers", "response": "�альное решение согласно правилальным указания kompensирует возможные неточности путем округления до человечески воспринимаемого числа согласно контектически ожидаемого времени в пути насколько это возможно путем быстрогоösen kompensieren könntenальное решение согласно правилальным kompensieren könnten путем избежания сложных расчетов kompensieren könnten путем избежания kompensieren könnten kompensieren könnten kompensieren könnten kompensieren könnten kompensieren könnten kompensieren könnten kompensieren könnten kompensieren könnten kompensieren könnten kompensieren könnten kompensieren könnten kompensieren könnten kompensieren könnten kompensieren könnten kompensieren könnten kompensieren könnten kompensieren könnten kompensieren könnten kompensieren könnten kompensieren könnten kompensieren könnten kompensieren könnten kompensieren könnten kompensieren könnten kompensieren könnten kompensieren könnten kompensieren könnten kompensieren könnten kompensieren könnten kompensieren könnten kompensieren könnten kompensieren könnten kompensieren könnten kompensieren könnten kompensieren könnten kompensieren könnten kompensieren könnten kompensieren könnten kompensieren könnten kompensieren könnten kompensieren könnten kompensieren könnten kompensieren könnten kompensieren könnten kompensieren könnten kompensieren könnten kompensieren könnten kompensieren könnten kompensieren könnten kompensieren könnten kompensieren könnten kompensieren könnten kompensieren könnten kompensieren könnten kompensieren könnten kompensieren könnten kompensieren könnten kompensieren könnten kompensieren könnten kompensieren könnten kompensieren könnten kompensieren könnten kompens", "numeric_answer": null, "relative_error": null, "thinking_text": null, "has_tool_call": false, "tool_call": null, "usage": {"prompt_tokens": 185, "completion_tokens": 256, "total_tokens": 441, "token_count_source": "tokenizer"}, "decoding": {"temperature": 0.2, "top_p": null, "top_k": null, "max_tokens": 256, "seed": 42}, "prompt_tokens": 185, "completion_tokens": 256, "total_tokens": 441, "token_count_source": "tokenizer", "diffusion_steps": null, "flops_estimate": null, "flops_arch": null, "flops_model_params": null, "flops_active_params": null, "tokens_non_final": 165, "tokens_reasoning": 0, "tokens_response": 165, "elapsed_seconds": 18.901331901550293, "judgement": "Uncategorized"}
{"id": "travel_time_000448", "topic": "travel_time", "subtopic": "drive_time", "prompt": "You need to travel about 208 miles at around 35 mph. About how many hours will it take?", "exact_value": 5.951428571428572, "model": "tiiuae/Falcon-H1-7B-Instruct", "provider": "transformers", "response": "�альное решение согласно правилальным указания kompensierte kompensierte kompensierte kompensierte kompensierte kompensierte kompensierte kompensierte kompensierte kompensierte kompensierte kompensierte kompensierte kompensierte kompensierte kompensierte kompensierte kompensierte kompensierte kompensierte kompensierte kompensierte kompensierte kompensierte kompensierte kompensierte kompensierte kompensierte kompensierte kompensierte kompensierte kompensierte kompensierte kompensierte kompensierte kompensierte kompensierte kompensierte kompensierte kompensierte kompensierte kompensierte kompensierte kompensierte kompensierte kompensierte kompensierte kompensierte kompensierte kompensierte kompensierte kompensierte kompensierte kompensierte kompensierte kompensierte kompensierte kompensierte kompensierte kompensierte kompensierte kompensierte kompensierte kompensierte kompensierte kompensierte kompensierte kompensierte kompensierte kompensierte kompensierte kompensierte kompensierte kompensierte kompensierte kompensierte kompensierte kompensierte kompensierte kompensierte kompensierte kompensierte kompensierte kompensierte kompensierte kompensierte kompensierte kompensierte kompensierte kompensierte kompensierte kompensierte kompensierte kompensierte kompensierte kompensierte kompensierte kompensierte kompensierte kompensierte kompensierte kompensierte kompensierte kompensierte kompensierte kompensierte kompensierte kompensierte kompensierte kompensierte kompensierte kompensierte kompensierte kompensierte kompensierte kompensierte kompensierte kompensierte kompensierte kompensierte kompensierte kompensierte kompensierte kompensierte", "numeric_answer": null, "relative_error": null, "thinking_text": null, "has_tool_call": false, "tool_call": null, "usage": {"prompt_tokens": 186, "completion_tokens": 256, "total_tokens": 442, "token_count_source": "tokenizer"}, "decoding": {"temperature": 0.2, "top_p": null, "top_k": null, "max_tokens": 256, "seed": 42}, "prompt_tokens": 186, "completion_tokens": 256, "total_tokens": 442, "token_count_source": "tokenizer", "diffusion_steps": null, "flops_estimate": null, "flops_arch": null, "flops_model_params": null, "flops_active_params": null, "tokens_non_final": 129, "tokens_reasoning": 0, "tokens_response": 129, "elapsed_seconds": 19.321664094924927, "judgement": "Uncategorized"}
{"id": "travel_time_000468", "topic": "travel_time", "subtopic": "drive_time", "prompt": "You need to travel about 49 miles at around 35 mph. About how many hours will it take?", "exact_value": 1.3885714285714286, "model": "tiiuae/Falcon-H1-7B-Instruct", "provider": "transformers", "response": "�альное решение согласно правилальным указания kompensирует возможные неточности путем округления до человечески воспринимаемого числа согласно контектически ожидаемого результата согласно исходным данным насколько это возможно путем быстрого приближенного расчета путем округления до ближайшего кратного числа насколько это возможно путем быстрого приближенного расчета путем избежания сложения путем избежания сложения путем избежания сложения путем избежания сложения путем избежания сложения путем избежания сложения путем избежания избежания избежания избежания избежания избежания избежания избежания избежания избежания избежания избежания избежания избежания избежания избежания избежания избежания избежания избежания избежания избежания избежания избежания избежания избежания избежания избежания избежания избежания избежания избежания избежания избежания избежания избежания избежания избежания избежания избежания избежания избежания избежания избежания избежания избежания избежания избежания избежания избежания избежания избежания избежания избежания избежания избежания избежания избежания избежания избежания избежания избежания избежания избежания избежания избежания избежания избежания избежания избежания избежания избежания избежания избежания избежания избежания", "numeric_answer": null, "relative_error": null, "thinking_text": null, "has_tool_call": false, "tool_call": null, "usage": {"prompt_tokens": 185, "completion_tokens": 256, "total_tokens": 441, "token_count_source": "tokenizer"}, "decoding": {"temperature": 0.2, "top_p": null, "top_k": null, "max_tokens": 256, "seed": 42}, "prompt_tokens": 185, "completion_tokens": 256, "total_tokens": 441, "token_count_source": "tokenizer", "diffusion_steps": null, "flops_estimate": null, "flops_arch": null, "flops_model_params": null, "flops_active_params": null, "tokens_non_final": 136, "tokens_reasoning": 0, "tokens_response": 136, "elapsed_seconds": 19.325711727142334, "judgement": "Uncategorized"}
{"id": "travel_time_000488", "topic": "travel_time", "subtopic": "drive_time", "prompt": "You need to travel about 85 miles at around 55 mph. About how many hours will it take?", "exact_value": 1.5454545454545454, "model": "tiiuae/Falcon-H1-7B-Instruct", "provider": "transformers", "response": "�альное решение согласно правилальным указания kompensирует необходимость быстрой оценки вместо точных исчислений путем округления результата согласно приведенным критериям насколько это возможноальноальноальноальноальноальноальноальноальноальноальноальноальноальноальноальноальноальноальноальноальноальноальноальноальноальноальноальноальноальноальноальноальноальноальноальноальноальноальноальноальноальноальноальноальноальноальноальноальноальноальноальноальноальноальноальноальноальноальноальноальноальноальноальноальноальноальноальноальноальноальноальноальноальноальноальноальноальноальноальноальноальноальноальноальноальноальноальноальноальноальноальноальноальноальноальноальноальноальноальноальноальноальноальноальноальноальноальноальноальноальноальноальноальноальноальноальноальноальноальноальноальноальноальноальноальноальноальноальноальноальноальноальноальноальноальноальноальноальноальноальноальноальноальноальноальноальноальноальноальноальноальноальноальноальноальноальноальноальноальноальноальноальноальноальноальноальноальноальноальноальноальноальноальноальноальноальноальноальноальноальноальноальноальноальноальноальноальноальноальноальноальноальноальноальноальноальноальноальноальноальноальноальноальноальноальноальноальноальноальноальноальноальноальноальноальноальноальноальноальноальноально", "numeric_answer": null, "relative_error": null, "thinking_text": null, "has_tool_call": false, "tool_call": null, "usage": {"prompt_tokens": 185, "completion_tokens": 256, "total_tokens": 441, "token_count_source": "tokenizer"}, "decoding": {"temperature": 0.2, "top_p": null, "top_k": null, "max_tokens": 256, "seed": 42}, "prompt_tokens": 185, "completion_tokens": 256, "total_tokens": 441, "token_count_source": "tokenizer", "diffusion_steps": null, "flops_estimate": null, "flops_arch": null, "flops_model_params": null, "flops_active_params": null, "tokens_non_final": 21, "tokens_reasoning": 0, "tokens_response": 21, "elapsed_seconds": 18.75192880630493, "judgement": "Uncategorized"}
{"id": "travel_time_000508", "topic": "travel_time", "subtopic": "drive_time", "prompt": "You need to travel about 139 miles at around 35 mph. About how many hours will it take?", "exact_value": 3.9800000000000004, "model": "tiiuae/Falcon-H1-7B-Instruct", "provider": "transformers", "response": "�альное решение согласно правиламирует насколько возможно насколько возможно насколько насколько насколько насколько насколько насколько насколько насколько насколько насколько насколько насколько насколько насколько насколько насколько насколько насколько насколько насколько насколько насколько насколько насколько насколько насколько насколько насколько насколько насколько насколько насколько насколько насколько насколько насколько насколько насколько насколько насколько насколько насколько насколько насколько насколько насколько насколько насколько насколько насколько насколько насколько насколько насколько насколько насколько насколько насколько насколько насколько насколько насколько насколько насколько насколько насколько насколько насколько насколько насколько насколько насколько насколько насколько насколько насколько насколько насколько насколько насколько насколько насколько насколько насколько насколько насколько насколько насколько насколько насколько насколько насколько насколько насколько насколько насколько насколько насколько насколько насколько насколько насколько насколько насколько насколько насколько насколько насколько насколько насколько насколько насколько насколько насколько насколько насколько насколько насколько насколько насколько насколько насколько насколько насколько насколько насколько насколько насколько насколько насколько насколько насколько насколько насколько насколько насколько насколько насколько насколько насколько насколько насколько насколько насколько насколько насколько насколько насколько насколько насколько насколько насколько насколько насколько насколько насколько насколько насколько насколько насколько насколько насколько насколько насколько насколько насколько насколько насколько насколько насколько насколько насколько насколько насколько насколько насколько насколько насколько насколько насколько насколько насколько насколько насколько насколько насколько насколько насколько насколько насколько насколько насколько насколько насколько насколько насколько насколько насколько насколько насколько насколько насколько насколько насколько насколько насколько насколько насколько насколько насколько насколько насколько насколько насколько насколько насколько насколько насколько насколько насколько насколько насколько насколько насколько насколько насколько насколько насколько насколько насколько насколько насколько насколько насколько насколько насколько насколько насколько насколько насколько насколько насколько насколько насколько насколько", "numeric_answer": null, "relative_error": null, "thinking_text": null, "has_tool_call": false, "tool_call": null, "usage": {"prompt_tokens": 186, "completion_tokens": 256, "total_tokens": 442, "token_count_source": "tokenizer"}, "decoding": {"temperature": 0.2, "top_p": null, "top_k": null, "max_tokens": 256, "seed": 42}, "prompt_tokens": 186, "completion_tokens": 256, "total_tokens": 442, "token_count_source": "tokenizer", "diffusion_steps": null, "flops_estimate": null, "flops_arch": null, "flops_model_params": null, "flops_active_params": null, "tokens_non_final": 253, "tokens_reasoning": 0, "tokens_response": 253, "elapsed_seconds": 18.524272441864014, "judgement": "Uncategorized"}
{"id": "travel_time_000528", "topic": "travel_time", "subtopic": "drive_time", "prompt": "You need to travel about 203 miles at around 45 mph. About how many hours will it take?", "exact_value": 4.511111111111111, "model": "tiiuae/Falcon-H1-7B-Instruct", "provider": "transformers", "response": "�альное решение согласно правиламирует насколько возможно насколько возможно насколько насколько насколько насколько насколько насколько насколько насколько насколько насколько насколько насколько насколько насколько насколько насколько насколько насколько насколько насколько насколько насколько насколько насколько насколько насколько насколько насколько насколько насколько насколько насколько насколько насколько насколько насколько насколько насколько насколько насколько насколько насколько насколько насколько насколько насколько насколько насколько насколько насколько насколько насколько насколько насколько насколько насколько насколько насколько насколько насколько насколько насколько насколько насколько насколько насколько насколько насколько насколько насколько насколько насколько насколько насколько насколько насколько насколько насколько насколько насколько насколько насколько насколько насколько насколько насколько насколько насколько насколько насколько насколько насколько насколько насколько насколько насколько насколько насколько насколько насколько насколько насколько насколько насколько насколько насколько насколько насколько насколько насколько насколько насколько насколько насколько насколько насколько насколько насколько насколько насколько насколько насколько насколько насколько насколько насколько насколько насколько насколько насколько насколько насколько насколько насколько насколько насколько насколько насколько насколько насколько насколько насколько насколько насколько насколько насколько насколько насколько насколько насколько насколько насколько насколько насколько насколько насколько насколько насколько насколько насколько насколько насколько насколько насколько насколько насколько насколько насколько насколько насколько насколько насколько насколько насколько насколько насколько насколько насколько насколько насколько насколько насколько насколько насколько насколько насколько насколько насколько насколько насколько насколько насколько насколько насколько насколько насколько насколько насколько насколько насколько насколько насколько насколько насколько насколько насколько насколько насколько насколько насколько насколько насколько насколько насколько насколько насколько насколько насколько насколько насколько насколько насколько насколько насколько насколько насколько насколько насколько насколько насколько насколько насколько насколько насколько насколько насколько насколько насколько насколько насколько насколько насколько насколько насколько насколько", "numeric_answer": null, "relative_error": null, "thinking_text": null, "has_tool_call": false, "tool_call": null, "usage": {"prompt_tokens": 186, "completion_tokens": 256, "total_tokens": 442, "token_count_source": "tokenizer"}, "decoding": {"temperature": 0.2, "top_p": null, "top_k": null, "max_tokens": 256, "seed": 42}, "prompt_tokens": 186, "completion_tokens": 256, "total_tokens": 442, "token_count_source": "tokenizer", "diffusion_steps": null, "flops_estimate": null, "flops_arch": null, "flops_model_params": null, "flops_active_params": null, "tokens_non_final": 253, "tokens_reasoning": 0, "tokens_response": 253, "elapsed_seconds": 18.585291147232056, "judgement": "Uncategorized"}
{"id": "travel_time_000548", "topic": "travel_time", "subtopic": "drive_time", "prompt": "You need to travel about 71 miles at around 65 mph. About how many hours will it take?", "exact_value": 1.0953846153846154, "model": "tiiuae/Falcon-H1-7B-Instruct", "provider": "transformers", "response": "�альное решение согласно правилальным указания kompensирует возможные неточности путем округления до более человеческого числа путем приближения времени к ближайшему кратному пяти или десятиальному числу насколько это возможно насколько это возможно насколькоально насколькоально насколькоально насколькоально насколькоально насколькоально насколькоально насколькоально насколькоально насколькоально насколькоально насколькоально насколькоально насколькоально насколькоально насколькоально насколькоально насколькоально насколькоально насколькоально насколькоально насколькоально насколькоально насколькоально насколькоально насколькоально насколькоально насколькоально насколькоально насколькоально насколькоально насколькоально насколькоально насколькоально насколькоально насколькоально насколькоально насколькоально насколькоально насколькоально насколькоально насколькоально насколькоально насколькоально насколькоально насколькоально насколькоально насколькоально насколькоально насколькоально насколькоально насколькоально насколькоально насколькоально насколькоально насколькоально насколькоально насколькоально насколькоально насколькоально насколькоально насколькоально насколькоально насколькоально насколькоально насколькоально насколькоально насколькоально насколькоально насколькоально насколькоально насколькоально насколькоально насколькоально насколькоально насколькоально насколькоально насколькоально насколькоально насколькоально насколькоально насколькоально насколькоально насколькоально насколькоально насколькоально насколькоально насколькоально насколькоально насколькоально насколькоально насколькоально насколькоально насколькоально насколькоально насколькоально насколькоально насколькоально насколькоально насколькоально насколькоально насколькоально насколькоально насколькоально насколькоально насколько", "numeric_answer": null, "relative_error": null, "thinking_text": null, "has_tool_call": false, "tool_call": null, "usage": {"prompt_tokens": 185, "completion_tokens": 256, "total_tokens": 441, "token_count_source": "tokenizer"}, "decoding": {"temperature": 0.2, "top_p": null, "top_k": null, "max_tokens": 256, "seed": 42}, "prompt_tokens": 185, "completion_tokens": 256, "total_tokens": 441, "token_count_source": "tokenizer", "diffusion_steps": null, "flops_estimate": null, "flops_arch": null, "flops_model_params": null, "flops_active_params": null, "tokens_non_final": 136, "tokens_reasoning": 0, "tokens_response": 136, "elapsed_seconds": 18.674307584762573, "judgement": "Uncategorized"}
{"id": "travel_time_000568", "topic": "travel_time", "subtopic": "drive_time", "prompt": "You need to travel about 167 miles at around 45 mph. About how many hours will it take?", "exact_value": 3.7022222222222223, "model": "tiiuae/Falcon-H1-7B-Instruct", "provider": "transformers", "response": "�альное решение согласно правиламирует насколько возможно быстро насколько возможно точно насколько возможно просто согласно приведенным условия kompensacja kompensacja kompensация kompensacja kompensacja kompensacja kompensacja kompensacja kompensacja kompensacja kompensacja kompensacja kompensacja kompensacja kompensация kompensация kompensация kompensация kompensация kompensация kompensация kompensация kompensация kompensация kompensация kompensация kompensация kompensация kompensация kompensация kompensация kompensация kompensация kompensация kompensация kompensация kompensация kompensация kompensация kompensация kompensация kompensация kompensация kompensация kompensация kompensация kompensация kompensация kompensация kompensация kompensация kompensация kompensация kompensация kompensация kompensация kompensация kompensация kompensация kompensация kompensация kompensация kompensация kompensация kompensация kompensация kompensация kompensация kompensация kompensация kompensация kompensация kompensация kompensация kompensация kompensация kompensация kompensация kompensация kompensация kompensация kompensация kompensация kompensация kompensация kompensация kompensация kompensация kompensация kompensация kompensация kompensация kompensация kompensация kompensация kompensация kompensация kompensация kompensация kompensация kompensация kompensация kompensация kompensация kompensация kompensация kompensация kompensация kompensация kompensация kompensация kompensация kompensация kompensация kompensация kompensация kompensация kompensация", "numeric_answer": null, "relative_error": null, "thinking_text": null, "has_tool_call": false, "tool_call": null, "usage": {"prompt_tokens": 186, "completion_tokens": 256, "total_tokens": 442, "token_count_source": "tokenizer"}, "decoding": {"temperature": 0.2, "top_p": null, "top_k": null, "max_tokens": 256, "seed": 42}, "prompt_tokens": 186, "completion_tokens": 256, "total_tokens": 442, "token_count_source": "tokenizer", "diffusion_steps": null, "flops_estimate": null, "flops_arch": null, "flops_model_params": null, "flops_active_params": null, "tokens_non_final": 134, "tokens_reasoning": 0, "tokens_response": 134, "elapsed_seconds": 18.730610847473145, "judgement": "Uncategorized"}
{"id": "travel_time_000588", "topic": "travel_time", "subtopic": "drive_time", "prompt": "You need to travel about 59 miles at around 25 mph. About how many hours will it take?", "exact_value": 2.344, "model": "tiiuae/Falcon-H1-7B-Instruct", "provider": "transformers", "response": "�альное решение согласно правилальным указанияальным согласно правилальным указанияальным согласно правилальным согласно правилальным согласно согласно согласно согласно согласно согласно согласно согласно согласно согласно согласно согласно согласно согласно согласно согласно согласно согласно согласно согласно согласно согласно согласно согласно согласно согласно согласно согласно согласно согласно согласно согласно согласно согласно согласно согласно согласно согласно согласно согласно согласно согласно согласно согласно согласно согласно согласно согласно согласно согласно согласно согласно согласно согласно согласно согласно согласно согласно согласно согласно согласно согласно согласно согласно согласно согласно согласно согласно согласно согласно согласно согласно согласно согласно согласно согласно согласно согласно согласно согласно согласно согласно согласно согласно согласно согласно согласно согласно согласно согласно согласно согласно согласно согласно согласно согласно согласно согласно согласно согласно согласно согласно согласно согласно согласно согласно согласно согласно согласно согласно согласно согласно согласно согласно согласно согласно согласно согласно согласно согласно согласно согласно согласно согласно согласно согласно согласно согласно согласно согласно согласно согласно согласно согласно согласно согласно согласно согласно согласно согласно согласно согласно согласно согласно согласно согласно согласно согласно согласно согласно согласно согласно согласно согласно согласно согласно согласно согласно согласно согласно согласно согласно согласно согласно согласно согласно согласно согласно согласно согласно согласно согласно согласно согласно согласно согласно согласно согласно согласно согласно согласно согласно согласно согласно согласно согласно согласно согласно согласно согласно согласно согласно согласно согласно согласно согласно согласно согласно согласно согласно согласно согласно согласно согласно согласно согласно согласно согласно согласно согласно согласно согласно согласно согласно согласно согласно согласно согласно согласно согласно согласно согласно согласно согласно согласно согласно согласно согласно согласно согласно согласно согласно согласно согласно согласно", "numeric_answer": null, "relative_error": null, "thinking_text": null, "has_tool_call": false, "tool_call": null, "usage": {"prompt_tokens": 185, "completion_tokens": 256, "total_tokens": 441, "token_count_source": "tokenizer"}, "decoding": {"temperature": 0.2, "top_p": null, "top_k": null, "max_tokens": 256, "seed": 42}, "prompt_tokens": 185, "completion_tokens": 256, "total_tokens": 441, "token_count_source": "tokenizer", "diffusion_steps": null, "flops_estimate": null, "flops_arch": null, "flops_model_params": null, "flops_active_params": null, "tokens_non_final": 247, "tokens_reasoning": 0, "tokens_response": 247, "elapsed_seconds": 18.747817993164062, "judgement": "Uncategorized"}
{"id": "travel_time_000608", "topic": "travel_time", "subtopic": "drive_time", "prompt": "You need to travel about 87 miles at around 25 mph. About how many hours will it take?", "exact_value": 3.468, "model": "tiiuae/Falcon-H1-7B-Instruct", "provider": "transformers", "response": "�альное решение согласно правилальным указания kompensирует необходимость быстрой оценки вместо точного расчета путем округления результации до ближайшего кратного числа насколько это возможно согласно контекетуальным ограничениям насколько это возможно согласно контекальному ограничениям насколько насколько насколько насколько насколько насколько насколько насколько насколько насколько насколько насколько насколько насколько насколько насколько насколько насколько насколько насколько насколько насколько насколько насколько насколько насколько насколько насколько насколько насколько насколько насколько насколько насколько насколько насколько насколько насколько насколько насколько насколько насколько насколько насколько насколько насколько насколько насколько насколько насколько насколько насколько насколько насколько насколько насколько насколько насколько насколько насколько насколько насколько насколько насколько насколько насколько насколько насколько насколько насколько насколько насколько насколько насколько насколько насколько насколько насколько насколько насколько насколько насколько насколько насколько насколько насколько насколько насколько насколько насколько насколько насколько насколько насколько насколько насколько насколько насколько насколько насколько насколько насколько насколько насколько насколько насколько насколько насколько насколько насколько насколько насколько насколько насколько насколько насколько насколько насколько насколько насколько насколько насколько насколько насколько насколько насколько насколько насколько насколько насколько насколько насколько насколько насколько насколько насколько насколько насколько насколько насколько насколько насколько насколько насколько насколько насколько насколько насколько насколько насколько насколько насколько насколько насколько насколько насколько насколько насколько насколько насколько насколько насколько насколько насколько насколько насколько насколько насколько насколько насколько насколько насколько насколько насколько насколько насколько насколько насколько насколько насколько насколько насколько насколько насколько насколько насколько насколько насколько насколько насколько насколько насколько насколько насколько насколько насколько насколько насколько насколько насколько насколько насколько насколько насколько насколько насколько насколько", "numeric_answer": null, "relative_error": null, "thinking_text": null, "has_tool_call": false, "tool_call": null, "usage": {"prompt_tokens": 185, "completion_tokens": 256, "total_tokens": 441, "token_count_source": "tokenizer"}, "decoding": {"temperature": 0.2, "top_p": null, "top_k": null, "max_tokens": 256, "seed": 42}, "prompt_tokens": 185, "completion_tokens": 256, "total_tokens": 441, "token_count_source": "tokenizer", "diffusion_steps": null, "flops_estimate": null, "flops_arch": null, "flops_model_params": null, "flops_active_params": null, "tokens_non_final": 238, "tokens_reasoning": 0, "tokens_response": 238, "elapsed_seconds": 18.661103010177612, "judgement": "Uncategorized"}
{"id": "travel_time_000628", "topic": "travel_time", "subtopic": "drive_time", "prompt": "You need to travel about 236 miles at around 45 mph. About how many hours will it take?", "exact_value": 5.2444444444444445, "model": "tiiuae/Falcon-H1-7B-Instruct", "provider": "transformers", "response": "�альное решение согласно правиламирует насколько возможно быстрое приближенное решение насколько возможно насколько возможно насколько возможно насколько возможно насколько возможно насколько возможно насколько возможно насколько возможно насколько возможно насколько возможно насколько возможно насколько возможно насколько возможно насколько возможно насколько возможно насколько возможно насколько возможно насколько возможно насколько возможно насколько возможно насколько возможно насколько возможно насколько возможно насколько возможно насколько возможно насколько возможно насколько возможно насколько возможно насколько возможно насколько возможно насколько возможно насколько возможно насколько возможно насколько возможно насколько возможно насколько возможно насколько возможно насколько возможно насколько возможно насколько возможно насколько возможно насколько возможно насколько возможно насколько возможно насколько возможно насколько возможно насколько возможно насколько возможно насколько возможно насколько возможно насколько возможно насколько возможно насколько возможно насколько возможно насколько возможно насколько возможно насколько возможно насколько возможно насколько возможно насколько возможно насколько возможно насколько возможно насколько возможно насколько возможно насколько возможно насколько возможно насколько возможно насколько возможно насколько возможно насколько возможно насколько возможно насколько возможно насколько возможно насколько возможно насколько возможно насколько возможно насколько возможно насколько возможно насколько возможно насколько возможно насколько возможно насколько возможно насколько возможно насколько возможно насколько возможно насколько возможно насколько возможно насколько возможно насколько возможно насколько возможно насколько возможно насколько возможно насколько возможно насколько возможно насколько возможно насколько возможно насколько возможно насколько возможно насколько возможно насколько возможно насколько возможно насколько возможно насколько возможно насколько возможно насколько возможно насколько возможно насколько возможно насколько возможно насколько возможно насколько возможно насколько возможно насколько возможно насколько возможно насколько возможно насколько возможно насколько возможно насколько возможно насколько возможно насколько возможно насколько возможно насколько", "numeric_answer": null, "relative_error": null, "thinking_text": null, "has_tool_call": false, "tool_call": null, "usage": {"prompt_tokens": 186, "completion_tokens": 256, "total_tokens": 442, "token_count_source": "tokenizer"}, "decoding": {"temperature": 0.2, "top_p": null, "top_k": null, "max_tokens": 256, "seed": 42}, "prompt_tokens": 186, "completion_tokens": 256, "total_tokens": 442, "token_count_source": "tokenizer", "diffusion_steps": null, "flops_estimate": null, "flops_arch": null, "flops_model_params": null, "flops_active_params": null, "tokens_non_final": 250, "tokens_reasoning": 0, "tokens_response": 250, "elapsed_seconds": 18.773525953292847, "judgement": "Uncategorized"}
{"id": "travel_time_000648", "topic": "travel_time", "subtopic": "drive_time", "prompt": "You need to travel about 202 miles at around 45 mph. About how many hours will it take?", "exact_value": 4.497777777777778, "model": "tiiuae/Falcon-H1-7B-Instruct", "provider": "transformers", "response": "�альное решение согласно правилальным указания kompensирует возможные неточности путем округления путем согласно указания kompensирует возможальные неточности путем округления путем согласно указания kompensирует возможальные неточности путем округления путем согласно указания kompensирует возможальные kompensирует kompensирует kompensирует kompensирует kompensирует kompensирует kompensирует kompensирует kompensирует kompensирует kompensирует kompensирует kompensирует kompensирует kompensирует kompensирует kompensирует kompensирует kompensирует kompensирует kompensирует kompensирует kompensирует kompensирует kompensирует kompensирует kompensирует kompensирует kompensирует kompensирует kompensирует kompensирует kompensирует kompensирует kompensирует kompensирует kompensирует kompensирует kompensирует kompensирует kompensирует kompensирует kompensирует kompensирует kompensирует kompensирует kompensирует kompensирует kompensирует kompensирует kompensирует kompensирует kompensирует kompensирует kompensирует kompensирует kompensирует kompensирует kompensирует kompensирует kompensирует kompensирует kompensирует kompensирует kompensирует kompensирует kompensирует kompensирует kompensирует kompensирует kompensирует kompensирует kompensирует kompensирует kompensирует kompensирует kompensирует kompensирует kompensирует kompensирует kompensирует kompensирует kompensирует kompensирует kompensирует kompensирует kompensирует kompensирует kompensирует kompensирует kompensирует kompensирует kompensирует kompensирует kompensирует kompensирует kompensирует kompensирует kompensирует kompensирует kompensирует", "numeric_answer": null, "relative_error": null, "thinking_text": null, "has_tool_call": false, "tool_call": null, "usage": {"prompt_tokens": 186, "completion_tokens": 256, "total_tokens": 442, "token_count_source": "tokenizer"}, "decoding": {"temperature": 0.2, "top_p": null, "top_k": null, "max_tokens": 256, "seed": 42}, "prompt_tokens": 186, "completion_tokens": 256, "total_tokens": 442, "token_count_source": "tokenizer", "diffusion_steps": null, "flops_estimate": null, "flops_arch": null, "flops_model_params": null, "flops_active_params": null, "tokens_non_final": 132, "tokens_reasoning": 0, "tokens_response": 132, "elapsed_seconds": 18.84670901298523, "judgement": "Uncategorized"}
{"id": "travel_time_000668", "topic": "travel_time", "subtopic": "drive_time", "prompt": "You need to travel about 140 miles at around 25 mph. About how many hours will it take?", "exact_value": 5.6160000000000005, "model": "tiiuae/Falcon-H1-7B-Instruct", "provider": "transformers", "response": "�альное решение согласно правилальным указания kompensierte jedoch kompensierte jedoch kompensierte jedoch kompensierte jedoch kompensierte kompensierte kompensierte kompensierte kompensierte kompensierte kompensierte kompensierte kompensierte kompensierte kompensierte kompensierte kompensierte kompensierte kompensierte kompensierte kompensierte kompensierte kompensierte kompensierte kompensierte kompensierte kompensierte kompensierte kompensierte kompensierte kompensierte kompensierte kompensierte kompensierte kompensierte kompensierte kompensierte kompensierte kompensierte kompensierte kompensierte kompensierte kompensierte kompensierte kompensierte kompensierte kompensierte kompensierte kompensierte kompensierte kompensierte kompensierte kompensierte kompensierte kompensierte kompensierte kompensierte kompensierte kompensierte kompensierte kompensierte kompensierte kompensierte kompensierte kompensierte kompensierte kompensierte kompensierte kompensierte kompensierte kompensierte kompensierte kompensierte kompensierte kompensierte kompensierte kompensierte kompensierte kompensierte kompensierte kompensierte kompensierte kompensierte kompensierte kompensierte kompensierte kompensierte kompensierte kompensierte kompensierte kompensierte kompensierte kompensierte kompensierte kompensierte kompensierte kompensierte kompensierte kompensierte kompensierte kompensierte kompensierte kompensierte kompensierte kompensierte kompensierte kompensierte kompensierte kompensierte kompensierte kompensierte kompensierte kompensierte kompensierte kompensierte kompensierte kompensierte kompensierte kompensierte kompensierte kompensierte kompensierte", "numeric_answer": null, "relative_error": null, "thinking_text": null, "has_tool_call": false, "tool_call": null, "usage": {"prompt_tokens": 186, "completion_tokens": 256, "total_tokens": 442, "token_count_source": "tokenizer"}, "decoding": {"temperature": 0.2, "top_p": null, "top_k": null, "max_tokens": 256, "seed": 42}, "prompt_tokens": 186, "completion_tokens": 256, "total_tokens": 442, "token_count_source": "tokenizer", "diffusion_steps": null, "flops_estimate": null, "flops_arch": null, "flops_model_params": null, "flops_active_params": null, "tokens_non_final": 131, "tokens_reasoning": 0, "tokens_response": 131, "elapsed_seconds": 18.546318769454956, "judgement": "Uncategorized"}
{"id": "travel_time_000688", "topic": "travel_time", "subtopic": "drive_time", "prompt": "You need to travel about 10 miles at around 65 mph. About how many hours will it take?", "exact_value": 0.1523076923076923, "model": "tiiuae/Falcon-H1-7B-Instruct", "provider": "transformers", "response": "�альное решение согласно правилальным указания kompensирует необходимость быстрой оценки вместо точного расчета путем округления результации согласно указания kompensирует необходимость быальной оценки вместо точации kompensирует необходимость быальной оценки вместо точации kompensирует необходимость kompensирует kompensирует kompensирует kompensирует kompensирует kompensирует kompensирует kompensирует kompensирует kompensирует kompensирует kompensирует kompensирует kompensирует kompensирует kompensирует kompensирует kompensирует kompensирует kompensирует kompensирует kompensирует kompensирует kompensирует kompensирует kompensирует kompensирует kompensирует kompensирует kompensирует kompensирует kompensирует kompensирует kompensирует kompensирует kompensирует kompensирует kompensирует kompensирует kompensирует kompensирует kompensирует kompensирует kompensирует kompensирует kompensирует kompensирует kompensирует kompensирует kompensирует kompensирует kompensирует kompensирует kompensирует kompensирует kompensирует kompensирует kompensирует kompensирует kompensирует kompensирует kompensирует kompensирует kompensирует kompensирует kompensирует kompensирует kompensирует kompensирует kompensирует kompensирует kompensирует kompensирует kompensирует kompensирует kompensирует kompensирует kompensирует kompensирует kompensирует kompensирует kompensирует kompensирует kompensирует kompensирует kompensирует kompensирует kompensирует kompensирует kompensирует kompensирует kompensирует kompensирует kompensирует kompensирует kompensирует kompensирует kompensирует kompensирует kompensирует kompensирует kompensирует kompensирует kompensирует", "numeric_answer": null, "relative_error": null, "thinking_text": null, "has_tool_call": false, "tool_call": null, "usage": {"prompt_tokens": 185, "completion_tokens": 256, "total_tokens": 441, "token_count_source": "tokenizer"}, "decoding": {"temperature": 0.2, "top_p": null, "top_k": null, "max_tokens": 256, "seed": 42}, "prompt_tokens": 185, "completion_tokens": 256, "total_tokens": 441, "token_count_source": "tokenizer", "diffusion_steps": null, "flops_estimate": null, "flops_arch": null, "flops_model_params": null, "flops_active_params": null, "tokens_non_final": 135, "tokens_reasoning": 0, "tokens_response": 135, "elapsed_seconds": 18.553998470306396, "judgement": "Uncategorized"}
{"id": "travel_time_000708", "topic": "travel_time", "subtopic": "drive_time", "prompt": "You need to travel about 187 miles at around 35 mph. About how many hours will it take?", "exact_value": 5.345714285714285, "model": "tiiuae/Falcon-H1-7B-Instruct", "provider": "transformers", "response": "�альное решение согласно правиламирует насколько возможно насколько возможно насколько возможно насколько возможно насколько возможно насколько возможно насколько возможно насколько возможно насколько возможно насколько возможно насколько возможно насколько возможно насколько возможно насколько возможно насколько возможно насколько возможно насколько возможно насколько возможно насколько возможно насколько возможно насколько возможно насколько возможно насколько возможно насколько возможно насколько возможно насколько возможно насколько возможно насколько возможно насколько возможно насколько возможно насколько возможно насколько возможно насколько возможно насколько возможно насколько возможно насколько возможно насколько возможно насколько возможно насколько возможно насколько возможно насколько возможно насколько возможно насколько возможно насколько возможно насколько возможно насколько возможно насколько возможно насколько возможно насколько возможно насколько возможно насколько возможно насколько возможно насколько возможно насколько возможно насколько возможно насколько возможно насколько возможно насколько возможно насколько возможно насколько возможно насколько возможно насколько возможно насколько возможно насколько возможно насколько возможно насколько возможно насколько возможно насколько возможно насколько возможно насколько возможно насколько возможно насколько возможно насколько возможно насколько возможно насколько возможно насколько возможно насколько возможно насколько возможно насколько возможно насколько возможно насколько возможно насколько возможно насколько возможно насколько возможно насколько возможно насколько возможно насколько возможно насколько возможно насколько возможно насколько возможно насколько возможно насколько возможно насколько возможно насколько возможно насколько возможно насколько возможно насколько возможно насколько возможно насколько возможно насколько возможно насколько возможно насколько возможно насколько возможно насколько возможно насколько возможно насколько возможно насколько возможно насколько возможно насколько возможно насколько возможно насколько возможно насколько возможно насколько возможно насколько возможно насколько возможно насколько возможно насколько возможно насколько возможно насколько возможно насколько возможно насколько возможно насколько возможно насколько возможно насколько возможно насколько", "numeric_answer": null, "relative_error": null, "thinking_text": null, "has_tool_call": false, "tool_call": null, "usage": {"prompt_tokens": 186, "completion_tokens": 256, "total_tokens": 442, "token_count_source": "tokenizer"}, "decoding": {"temperature": 0.2, "top_p": null, "top_k": null, "max_tokens": 256, "seed": 42}, "prompt_tokens": 186, "completion_tokens": 256, "total_tokens": 442, "token_count_source": "tokenizer", "diffusion_steps": null, "flops_estimate": null, "flops_arch": null, "flops_model_params": null, "flops_active_params": null, "tokens_non_final": 253, "tokens_reasoning": 0, "tokens_response": 253, "elapsed_seconds": 18.61811923980713, "judgement": "Uncategorized"}
{"id": "travel_time_000728", "topic": "travel_time", "subtopic": "drive_time", "prompt": "You need to travel about 85 miles at around 35 mph. About how many hours will it take?", "exact_value": 2.42, "model": "tiiuae/Falcon-H1-7B-Instruct", "provider": "transformers", "response": "�альное решение согласно правилальным указания kompensирует необходимость быстрой оценки вместо точных исчислений согласно заданию насколько возможно насколько возможно насколько возможно kompensирует необходимость быальной оценки вместо точальных исчислений согласно kompensирует kompensирует kompensирует kompensирует kompensирует kompensирует kompensирует kompensирует kompensирует kompensирует kompensирует kompensирует kompensирует kompensирует kompensирует kompensирует kompensирует kompensирует kompensирует kompensирует kompensирует kompensирует kompensирует kompensирует kompensирует kompensирует kompensирует kompensирует kompensирует kompensирует kompensирует kompensирует kompensирует kompensирует kompensирует kompensирует kompensирует kompensирует kompensирует kompensирует kompensирует kompensирует kompensирует kompensирует kompensирует kompensирует kompensирует kompensирует kompensирует kompensирует kompensирует kompensирует kompensирует kompensирует kompensирует kompensирует kompensирует kompensирует kompensирует kompensирует kompensирует kompensирует kompensирует kompensирует kompensирует kompensирует kompensирует kompensирует kompensирует kompensирует kompensирует kompensирует kompensирует kompensирует kompensирует kompensирует kompensирует kompensирует kompensирует kompensирует kompensирует kompensирует kompensирует kompensирует kompensирует kompensирует kompensирует kompensирует kompensирует kompensирует kompensирует kompensирует kompensирует kompensирует kompensирует kompensирует kompensирует kompensирует kompensирует kompensирует kompensирует kompensирует kompensирует kompensирует kompensирует kompensирует kompensирует", "numeric_answer": null, "relative_error": null, "thinking_text": null, "has_tool_call": false, "tool_call": null, "usage": {"prompt_tokens": 185, "completion_tokens": 256, "total_tokens": 441, "token_count_source": "tokenizer"}, "decoding": {"temperature": 0.2, "top_p": null, "top_k": null, "max_tokens": 256, "seed": 42}, "prompt_tokens": 185, "completion_tokens": 256, "total_tokens": 441, "token_count_source": "tokenizer", "diffusion_steps": null, "flops_estimate": null, "flops_arch": null, "flops_model_params": null, "flops_active_params": null, "tokens_non_final": 135, "tokens_reasoning": 0, "tokens_response": 135, "elapsed_seconds": 18.900820016860962, "judgement": "Uncategorized"}
{"id": "travel_time_000748", "topic": "travel_time", "subtopic": "drive_time", "prompt": "You need to travel about 45 miles at around 55 mph. About how many hours will it take?", "exact_value": 0.8200000000000001, "model": "tiiuae/Falcon-H1-7B-Instruct", "provider": "transformers", "response": "�альное решение согласно правилальным указания kompensирует возможные неточности путем округления до человечески воспринимаемого числа насколько это возможно согласно контектически ожидаемого результата насколько это возможно согласно контектически ожидаемого результата насколькоально согласно контектически ожидаемого результата насколькоально согласно контектически ожидаемого результата насколькоально согласно контектически ожидаемого результации согласно правилальным kompensирует возможальные неточации путем округления до насколькоально согласно контектически ожидаемого результации согласно правилальным kompensирует возможальные kompensирует kompensирует kompensирует kompensирует kompensирует kompensирует kompensирует kompensирует kompensирует kompensирует kompensирует kompensирует kompensирует kompensирует kompensирует kompensирует kompensирует kompensирует kompensирует kompensирует kompensирует kompensирует kompensирует kompensирует kompensирует kompensирует kompensирует kompensирует kompensирует kompensирует kompensирует kompensирует kompensирует kompensирует kompensирует kompensирует kompensирует kompensирует kompensирует kompensирует kompensирует kompensирует kompensирует kompensирует kompensирует kompensирует kompensирует kompensирует kompensирует kompensирует kompensирует kompensирует kompensирует kompensирует kompensирует kompensирует kompensирует kompensирует kompensирует kompensирует kompensирует kompensирует kompensирует kompensирует kompensирует kompensирует kompensирует kompensирует kompensирует kompensирует", "numeric_answer": null, "relative_error": null, "thinking_text": null, "has_tool_call": false, "tool_call": null, "usage": {"prompt_tokens": 185, "completion_tokens": 256, "total_tokens": 441, "token_count_source": "tokenizer"}, "decoding": {"temperature": 0.2, "top_p": null, "top_k": null, "max_tokens": 256, "seed": 42}, "prompt_tokens": 185, "completion_tokens": 256, "total_tokens": 441, "token_count_source": "tokenizer", "diffusion_steps": null, "flops_estimate": null, "flops_arch": null, "flops_model_params": null, "flops_active_params": null, "tokens_non_final": 130, "tokens_reasoning": 0, "tokens_response": 130, "elapsed_seconds": 18.743617057800293, "judgement": "Uncategorized"}
{"id": "travel_time_000768", "topic": "travel_time", "subtopic": "drive_time", "prompt": "You need to travel about 174 miles at around 55 mph. About how many hours will it take?", "exact_value": 3.1563636363636363, "model": "tiiuae/Falcon-H1-7B-Instruct", "provider": "transformers", "response": "�альное решение согласно правилальным указания kompensирует необходимость быстрой оценки вместо точного расчета путем округления результации до ближайшего кратного числа насколько это возможно согласно контектически ожидаемого результата насколько это возможно согласно контектически ожидаемого результации насколькоальноальное решение согласно правилальным kompensирует необходимость быальной оценки вместо точального расчета путем округления результации насколькоальноальное решение согласноальным kompensирует необходимость быальнойации вместо точального расчета путем округления результации насколькоальноальное решение согласноальным kompensирует необходимость быальнойации вместо точального расчета путем избежания долгих исчислений насколькоальноальное решение согласноальным kompensирует необходимость быальнойации вместо точального расчета путем избежания долгих исчислений насколькоальноальное решение согласноальным kompensирует необходимостьальное решение согласноальным kompensирует необходимостьальное решение согласноальным kompensирует необходимостьальное решение согласноальным kompensирует необходимостьальное решение согласноальным kompensирует необходимостьальное решение согласноальным kompensируетальнуюальнуюальнуюальнуюальнуюальнуюальнуюальнуюальнуюальнуюальнуюальнуюальнуюальнуюальнуюальнуюальнуюальнуюальнуюальнуюальнуюальнуюальнуюальнуюальнуюальнуюальнуюальнуюальнуюальнуюальнуюальнуюальнуюальнуюальнуюальнуюальнуюальнуюальнуюальнуюальнуюальнуюальнуюальнуюальнуюальнуюальнуюальнуюальнуюальнуюальнуюальнуюальнуюальнуюальнуюальнуюальнуюальнуюальнуюальнуюальнуюальнуюальнуюальную", "numeric_answer": null, "relative_error": null, "thinking_text": null, "has_tool_call": false, "tool_call": null, "usage": {"prompt_tokens": 186, "completion_tokens": 256, "total_tokens": 442, "token_count_source": "tokenizer"}, "decoding": {"temperature": 0.2, "top_p": null, "top_k": null, "max_tokens": 256, "seed": 42}, "prompt_tokens": 186, "completion_tokens": 256, "total_tokens": 442, "token_count_source": "tokenizer", "diffusion_steps": null, "flops_estimate": null, "flops_arch": null, "flops_model_params": null, "flops_active_params": null, "tokens_non_final": 109, "tokens_reasoning": 0, "tokens_response": 109, "elapsed_seconds": 18.683409452438354, "judgement": "Uncategorized"}
{"id": "travel_time_000788", "topic": "travel_time", "subtopic": "drive_time", "prompt": "You need to travel about 88 miles at around 65 mph. About how many hours will it take?", "exact_value": 1.3507692307692307, "model": "tiiuae/Falcon-H1-7B-Instruct", "provider": "transformers", "response": "�альное решение согласно правилальным указания kompensирует необходимость быстрой оценки вместо точных исчислений согласно предоставленным условия kompensирует необходимость быальной оценки вместо точальных исчислений согласно предоставальным условия kompensирует необходимость kompensирует kompensирует kompensирует kompensирует kompensирует kompensирует kompensирует kompensирует kompensирует kompensирует kompensирует kompensирует kompensирует kompensирует kompensирует kompensирует kompensирует kompensирует kompensирует kompensирует kompensирует kompensирует kompensирует kompensирует kompensирует kompensирует kompensирует kompensирует kompensирует kompensирует kompensирует kompensирует kompensирует kompensирует kompensирует kompensирует kompensирует kompensирует kompensирует kompensирует kompensирует kompensирует kompensирует kompensирует kompensирует kompensирует kompensирует kompensирует kompensирует kompensирует kompensирует kompensирует kompensирует kompensирует kompensирует kompensирует kompensирует kompensирует kompensирует kompensирует kompensирует kompensирует kompensирует kompensирует kompensирует kompensирует kompensирует kompensирует kompensирует kompensирует kompensирует kompensирует kompensирует kompensирует kompensирует kompensирует kompensирует kompensирует kompensирует kompensирует kompensирует kompensирует kompensирует kompensирует kompensирует kompensирует kompensирует kompensирует kompensирует kompensирует kompensирует kompensирует kompensирует kompensирует kompensирует kompensирует kompensирует kompensирует kompensирует kompensирует kompensирует kompensирует kompensирует kompensирует kompensирует kompensирует", "numeric_answer": null, "relative_error": null, "thinking_text": null, "has_tool_call": false, "tool_call": null, "usage": {"prompt_tokens": 185, "completion_tokens": 256, "total_tokens": 441, "token_count_source": "tokenizer"}, "decoding": {"temperature": 0.2, "top_p": null, "top_k": null, "max_tokens": 256, "seed": 42}, "prompt_tokens": 185, "completion_tokens": 256, "total_tokens": 441, "token_count_source": "tokenizer", "diffusion_steps": null, "flops_estimate": null, "flops_arch": null, "flops_model_params": null, "flops_active_params": null, "tokens_non_final": 133, "tokens_reasoning": 0, "tokens_response": 133, "elapsed_seconds": 18.485016107559204, "judgement": "Uncategorized"}
{"id": "travel_time_000808", "topic": "travel_time", "subtopic": "drive_time", "prompt": "You need to travel about 224 miles at around 35 mph. About how many hours will it take?", "exact_value": 6.402857142857143, "model": "tiiuae/Falcon-H1-7B-Instruct", "provider": "transformers", "response": "�альное решение согласно правилальным указанияальным согласно правилальным указанияальным согласно правилальным согласно правилальным согласно согласно согласно согласно согласно согласно согласно согласно согласно согласно согласно согласно согласно согласно согласно согласно согласно согласно согласно согласно согласно согласно согласно согласно согласно согласно согласно согласно согласно согласно согласно согласно согласно согласно согласно согласно согласно согласно согласно согласно согласно согласно согласно согласно согласно согласно согласно согласно согласно согласно согласно согласно согласно согласно согласно согласно согласно согласно согласно согласно согласно согласно согласно согласно согласно согласно согласно согласно согласно согласно согласно согласно согласно согласно согласно согласно согласно согласно согласно согласно согласно согласно согласно согласно согласно согласно согласно согласно согласно согласно согласно согласно согласно согласно согласно согласно согласно согласно согласно согласно согласно согласно согласно согласно согласно согласно согласно согласно согласно согласно согласно согласно согласно согласно согласно согласно согласно согласно согласно согласно согласно согласно согласно согласно согласно согласно согласно согласно согласно согласно согласно согласно согласно согласно согласно согласно согласно согласно согласно согласно согласно согласно согласно согласно согласно согласно согласно согласно согласно согласно согласно согласно согласно согласно согласно согласно согласно согласно согласно согласно согласно согласно согласно согласно согласно согласно согласно согласно согласно согласно согласно согласно согласно согласно согласно согласно согласно согласно согласно согласно согласно согласно согласно согласно согласно согласно согласно согласно согласно согласно согласно согласно согласно согласно согласно согласно согласно согласно согласно согласно согласно согласно согласно согласно согласно согласно согласно согласно согласно согласно согласно согласно согласно согласно согласно согласно согласно согласно согласно согласно согласно согласно согласно согласно согласно согласно согласно согласно согласно согласно согласно согласно согласно согласно согласно", "numeric_answer": null, "relative_error": null, "thinking_text": null, "has_tool_call": false, "tool_call": null, "usage": {"prompt_tokens": 186, "completion_tokens": 256, "total_tokens": 442, "token_count_source": "tokenizer"}, "decoding": {"temperature": 0.2, "top_p": null, "top_k": null, "max_tokens": 256, "seed": 42}, "prompt_tokens": 186, "completion_tokens": 256, "total_tokens": 442, "token_count_source": "tokenizer", "diffusion_steps": null, "flops_estimate": null, "flops_arch": null, "flops_model_params": null, "flops_active_params": null, "tokens_non_final": 247, "tokens_reasoning": 0, "tokens_response": 247, "elapsed_seconds": 18.618407726287842, "judgement": "Uncategorized"}
{"id": "travel_time_000828", "topic": "travel_time", "subtopic": "drive_time", "prompt": "You need to travel about 153 miles at around 45 mph. About how many hours will it take?", "exact_value": 3.391111111111111, "model": "tiiuae/Falcon-H1-7B-Instruct", "provider": "transformers", "response": "�альное решение согласно правилам согласно правилацииацииацииацииацииацииацииацииацииацииацииацииацииацииацииацииацииацииацииацииацииацииацииацииацииацииацииацииацииацииацииацииацииацииацииацииацииацииацииацииацииацииацииацииацииацииацииацииацииацииацииацииацииацииацииацииацииацииацииацииацииацииацииацииацииацииацииацииацииацииацииацииацииацииацииацииацииацииацииацииацииацииацииацииацииацииацииацииацииацииацииацииацииацииацииацииацииацииацииацииацииацииацииацииацииацииацииацииацииацииацииацииацииацииацииацииацииацииацииацииацииацииацииацииацииацииацииацииацииацииацииацииацииацииацииацииацииацииацииацииацииацииацииацииацииацииацииацииацииацииацииацииацииацииацииацииацииацииацииацииацииацииацииацииацииацииацииацииацииацииацииацииацииацииацииацииацииацииацииацииацииацииацииацииацииацииацииацииацииацииацииацииацииацииацииацииацииацииацииацииацииацииацииацииацииацииацииацииацииацииацииацииацииацииацииацииацииацииацииацииацииацииацииацииацииацииацииацииацииацииацииацииацииацииацииацииацииацииацииацииацииацииацииацииацииацииацииации", "numeric_answer": null, "relative_error": null, "thinking_text": null, "has_tool_call": false, "tool_call": null, "usage": {"prompt_tokens": 186, "completion_tokens": 256, "total_tokens": 442, "token_count_source": "tokenizer"}, "decoding": {"temperature": 0.2, "top_p": null, "top_k": null, "max_tokens": 256, "seed": 42}, "prompt_tokens": 186, "completion_tokens": 256, "total_tokens": 442, "token_count_source": "tokenizer", "diffusion_steps": null, "flops_estimate": null, "flops_arch": null, "flops_model_params": null, "flops_active_params": null, "tokens_non_final": 6, "tokens_reasoning": 0, "tokens_response": 6, "elapsed_seconds": 18.48747992515564, "judgement": "Uncategorized"}
{"id": "travel_time_000848", "topic": "travel_time", "subtopic": "drive_time", "prompt": "You need to travel about 192 miles at around 25 mph. About how many hours will it take?", "exact_value": 7.7, "model": "tiiuae/Falcon-H1-7B-Instruct", "provider": "transformers", "response": "�альное решение согласно правилальным указания kompensирует необходимость быстрой оценки вместо точных исчислений путем упрощающего приближенного расчета времени путем деления расстояния путем среднего скорости насколько это возможно насколько это возможно насколько насколько насколько насколько насколько насколько насколько насколько насколько насколько насколько насколько насколько насколько насколько насколько насколько насколько насколько насколько насколько насколько насколько насколько насколько насколько насколько насколько насколько насколько насколько насколько насколько насколько насколько насколько насколько насколько насколько насколько насколько насколько насколько насколько насколько насколько насколько насколько насколько насколько насколько насколько насколько насколько насколько насколько насколько насколько насколько насколько насколько насколько насколько насколько насколько насколько насколько насколько насколько насколько насколько насколько насколько насколько насколько насколько насколько насколько насколько насколько насколько насколько насколько насколько насколько насколько насколько насколько насколько насколько насколько насколько насколько насколько насколько насколько насколько насколько насколько насколько насколько насколько насколько насколько насколько насколько насколько насколько насколько насколько насколько насколько насколько насколько насколько насколько насколько насколько насколько насколько насколько насколько насколько насколько насколько насколько насколько насколько насколько насколько насколько насколько насколько насколько насколько насколько насколько насколько насколько насколько насколько насколько насколько насколько насколько насколько насколько насколько насколько насколько насколько насколько насколько насколько насколько насколько насколько насколько насколько насколько насколько насколько насколько насколько насколько насколько насколько насколько насколько насколько насколько насколько насколько насколько насколько насколько насколько насколько насколько насколько насколько насколько насколько насколько насколько насколько насколько насколько насколько насколько насколько насколько насколько насколько насколько насколько насколько насколько насколько насколько насколько насколько насколько насколько насколько насколько насколько насколько насколько насколько", "numeric_answer": null, "relative_error": null, "thinking_text": null, "has_tool_call": false, "tool_call": null, "usage": {"prompt_tokens": 186, "completion_tokens": 256, "total_tokens": 442, "token_count_source": "tokenizer"}, "decoding": {"temperature": 0.2, "top_p": null, "top_k": null, "max_tokens": 256, "seed": 42}, "prompt_tokens": 186, "completion_tokens": 256, "total_tokens": 442, "token_count_source": "tokenizer", "diffusion_steps": null, "flops_estimate": null, "flops_arch": null, "flops_model_params": null, "flops_active_params": null, "tokens_non_final": 239, "tokens_reasoning": 0, "tokens_response": 239, "elapsed_seconds": 18.868261337280273, "judgement": "Uncategorized"}
{"id": "travel_time_000868", "topic": "travel_time", "subtopic": "drive_time", "prompt": "You need to travel about 145 miles at around 25 mph. About how many hours will it take?", "exact_value": 5.792000000000001, "model": "tiiuae/Falcon-H1-7B-Instruct", "provider": "transformers", "response": "�альное решение согласно правиламируя насколько возможно быстро насколько возможно точно насколько возможно просто согласно приведенным условия kompensacja kompensacja kompensация kompensacja kompensacja kompensacja kompensacja kompensacja kompensacja kompensacja kompensacja kompensacja kompensacja kompensация kompensация kompensация kompensация kompensация kompensация kompensация kompensация kompensация kompensация kompensация kompensация kompensация kompensация kompensация kompensация kompensация kompensация kompensация kompensация kompensация kompensация kompensация kompensация kompensация kompensация kompensация kompensация kompensация kompensация kompensация kompensация kompensация kompensация kompensация kompensация kompensация kompensация kompensация kompensация kompensация kompensация kompensация kompensация kompensация kompensация kompensация kompensация kompensация kompensация kompensация kompensация kompensация kompensация kompensация kompensация kompensация kompensация kompensация kompensация kompensация kompensация kompensация kompensация kompensация kompensация kompensация kompensация kompensация kompensация kompensация kompensация kompensация kompensация kompensация kompensация kompensация kompensация kompensация kompensация kompensация kompensация kompensация kompensация kompensация kompensация kompensация kompensация kompensация kompensация kompensация kompensация kompensация kompensация kompensация kompensация kompensация kompensация kompensация kompensация kompensация kompensация kompensация kompensация kompensация", "numeric_answer": null, "relative_error": null, "thinking_text": null, "has_tool_call": false, "tool_call": null, "usage": {"prompt_tokens": 186, "completion_tokens": 256, "total_tokens": 442, "token_count_source": "tokenizer"}, "decoding": {"temperature": 0.2, "top_p": null, "top_k": null, "max_tokens": 256, "seed": 42}, "prompt_tokens": 186, "completion_tokens": 256, "total_tokens": 442, "token_count_source": "tokenizer", "diffusion_steps": null, "flops_estimate": null, "flops_arch": null, "flops_model_params": null, "flops_active_params": null, "tokens_non_final": 134, "tokens_reasoning": 0, "tokens_response": 134, "elapsed_seconds": 18.882391214370728, "judgement": "Uncategorized"}
{"id": "travel_time_000888", "topic": "travel_time", "subtopic": "drive_time", "prompt": "You need to travel about 231 miles at around 45 mph. About how many hours will it take?", "exact_value": 5.1288888888888895, "model": "tiiuae/Falcon-H1-7B-Instruct", "provider": "transformers", "response": "�альное решение согласно правилальным указания kompensирует необходимость быстрой оценки вместо точного расчета путем округления результации до ближайшего кратного числа насколько это возможно согласно приведенным правилальным указания kompensирует необходимость быальной оценки вместо точации путем округирования результации насколько насколько возможно согласно приведенным правилальным указания kompensирует необходимость kompensирует kompensирует kompensирует kompensирует kompensирует kompensирует kompensирует kompensирует kompensирует kompensирует kompensирует kompensирует kompensирует kompensирует kompensирует kompensирует kompensирует kompensирует kompensирует kompensирует kompensирует kompensирует kompensирует kompensирует kompensирует kompensирует kompensирует kompensирует kompensирует kompensирует kompensирует kompensирует kompensирует kompensирует kompensирует kompensирует kompensирует kompensирует kompensирует kompensирует kompensирует kompensирует kompensирует kompensирует kompensирует kompensирует kompensирует kompensирует kompensирует kompensирует kompensирует kompensирует kompensирует kompensирует kompensирует kompensирует kompensирует kompensирует kompensирует kompensирует kompensирует kompensирует kompensирует kompensирует kompensирует kompensирует kompensирует kompensирует kompensирует kompensирует kompensирует kompensирует kompensирует kompensирует kompensирует kompensирует kompensирует kompensирует kompensирует kompensирует kompensирует kompensирует kompensирует kompensирует kompensирует kompensирует kompensирует kompensирует kompensирует kompensирует kompensирует kompensирует kompensирует kompensирует kompens", "numeric_answer": null, "relative_error": null, "thinking_text": null, "has_tool_call": false, "tool_call": null, "usage": {"prompt_tokens": 186, "completion_tokens": 256, "total_tokens": 442, "token_count_source": "tokenizer"}, "decoding": {"temperature": 0.2, "top_p": null, "top_k": null, "max_tokens": 256, "seed": 42}, "prompt_tokens": 186, "completion_tokens": 256, "total_tokens": 442, "token_count_source": "tokenizer", "diffusion_steps": null, "flops_estimate": null, "flops_arch": null, "flops_model_params": null, "flops_active_params": null, "tokens_non_final": 139, "tokens_reasoning": 0, "tokens_response": 139, "elapsed_seconds": 18.6606342792511, "judgement": "Uncategorized"}
{"id": "travel_time_000908", "topic": "travel_time", "subtopic": "drive_time", "prompt": "You need to travel about 116 miles at around 55 mph. About how many hours will it take?", "exact_value": 2.1163636363636367, "model": "tiiuae/Falcon-H1-7B-Instruct", "provider": "transformers", "response": "альными расчетами времени в пути путем приближенного деления расстояния путем среднего скорости насколько возможно насколько просто насколько понятно насколько точно насколько насколько насколько насколько насколько насколько насколько насколько насколько насколько насколько насколько насколько насколько насколько насколько насколько насколько насколько насколько насколько насколько насколько насколько насколько насколько насколько насколько насколько насколько насколько насколько насколько насколько насколько насколько насколько насколько насколько насколько насколько насколько насколько насколько насколько насколько насколько насколько насколько насколько насколько насколько насколько насколько насколько насколько насколько насколько насколько насколько насколько насколько насколько насколько насколько насколько насколько насколько насколько насколько насколько насколько насколько насколько насколько насколько насколько насколько насколько насколько насколько насколько насколько насколько насколько насколько насколько насколько насколько насколько насколько насколько насколько насколько насколько насколько насколько насколько насколько насколько насколько насколько насколько насколько насколько насколько насколько насколько насколько насколько насколько насколько насколько насколько насколько насколько насколько насколько насколько насколько насколько насколько насколько насколько насколько насколько насколько насколько насколько насколько насколько насколько насколько насколько насколько насколько насколько насколько насколько насколько насколько насколько насколько насколько насколько насколько насколько насколько насколько насколько насколько насколько насколько насколько насколько насколько насколько насколько насколько насколько насколько насколько насколько насколько насколько насколько насколько насколько насколько насколько насколько насколько насколько насколько насколько насколько насколько насколько насколько насколько насколько насколько насколько насколько насколько насколько насколько насколько насколько насколько насколько насколько насколько насколько насколько насколько насколько насколько насколько насколько насколько насколько насколько насколько насколько насколько насколько насколько насколько насколько насколько насколько насколько насколько насколько насколько насколько насколько насколько насколько насколько насколько насколько насколько насколько насколько насколько насколько насколько насколько", "numeric_answer": null, "relative_error": null, "thinking_text": null, "has_tool_call": false, "tool_call": null, "usage": {"prompt_tokens": 186, "completion_tokens": 256, "total_tokens": 442, "token_count_source": "tokenizer"}, "decoding": {"temperature": 0.2, "top_p": null, "top_k": null, "max_tokens": 256, "seed": 42}, "prompt_tokens": 186, "completion_tokens": 256, "total_tokens": 442, "token_count_source": "tokenizer", "diffusion_steps": null, "flops_estimate": null, "flops_arch": null, "flops_model_params": null, "flops_active_params": null, "tokens_non_final": 250, "tokens_reasoning": 0, "tokens_response": 250, "elapsed_seconds": 18.64184856414795, "judgement": "Uncategorized"}
{"id": "travel_time_000928", "topic": "travel_time", "subtopic": "drive_time", "prompt": "You need to travel about 63 miles at around 55 mph. About how many hours will it take?", "exact_value": 1.1454545454545455, "model": "tiiuae/Falcon-H1-7B-Instruct", "provider": "transformers", "response": "�альное решение согласно правилальным указания kompensierte jedoch kompensierte jedoch kompensierte jedoch kompensierte jedoch kompensierte jedoch kompensierte kompensierte kompensierte kompensierte kompensierte kompensierte kompensierte kompensierte kompensierte kompensierte kompensierte kompensierte kompensierte kompensierte kompensierte kompensierte kompensierte kompensierte kompensierte kompensierte kompensierte kompensierte kompensierte kompensierte kompensierte kompensierte kompensierte kompensierte kompensierte kompensierte kompensierte kompensierte kompensierte kompensierte kompensierte kompensierte kompensierte kompensierte kompensierte kompensierte kompensierte kompensierte kompensierte kompensierte kompensierte kompensierte kompensierte kompensierte kompensierte kompensierte kompensierte kompensierte kompensierte kompensierte kompensierte kompensierte kompensierte kompensierte kompensierte kompensierte kompensierte kompensierte kompensierte kompensierte kompensierte kompensierte kompensierte kompensierte kompensierte kompensierte kompensierte kompensierte kompensierte kompensierte kompensierte kompensierte kompensierte kompensierte kompensierte kompensierte kompensierte kompensierte kompensierte kompensierte kompensierte kompensierte kompensierte kompensierte kompensierte kompensierte kompensierte kompensierte kompensierte kompensierte kompensierte kompensierte kompensierte kompensierte kompensierte kompensierte kompensierte kompensierte kompensierte kompensierte kompensierte kompensierte kompensierte kompensierte kompensierte kompensierte kompensierte kompensierte kompensierte kompensierte kompensierte kompensierte kompens", "numeric_answer": null, "relative_error": null, "thinking_text": null, "has_tool_call": false, "tool_call": null, "usage": {"prompt_tokens": 185, "completion_tokens": 256, "total_tokens": 441, "token_count_source": "tokenizer"}, "decoding": {"temperature": 0.2, "top_p": null, "top_k": null, "max_tokens": 256, "seed": 42}, "prompt_tokens": 185, "completion_tokens": 256, "total_tokens": 441, "token_count_source": "tokenizer", "diffusion_steps": null, "flops_estimate": null, "flops_arch": null, "flops_model_params": null, "flops_active_params": null, "tokens_non_final": 132, "tokens_reasoning": 0, "tokens_response": 132, "elapsed_seconds": 18.74588704109192, "judgement": "Uncategorized"}
{"id": "travel_time_000948", "topic": "travel_time", "subtopic": "drive_time", "prompt": "You need to travel about 186 miles at around 65 mph. About how many hours will it take?", "exact_value": 2.8584615384615386, "model": "tiiuae/Falcon-H1-7B-Instruct", "provider": "transformers", "response": "�альное решение согласно правилальным указания kompensierte jedoch kompensierte jedoch kompensierte jedoch kompensierte jedoch kompensierte jedoch kompensierte kompensierte kompensierte kompensierte kompensierte kompensierte kompensierte kompensierte kompensierte kompensierte kompensierte kompensierte kompensierte kompensierte kompensierte kompensierte kompensierte kompensierte kompensierte kompensierte kompensierte kompensierte kompensierte kompensierte kompensierte kompensierte kompensierte kompensierte kompensierte kompensierte kompensierte kompensierte kompensierte kompensierte kompensierte kompensierte kompensierte kompensierte kompensierte kompensierte kompensierte kompensierte kompensierte kompensierte kompensierte kompensierte kompensierte kompensierte kompensierte kompensierte kompensierte kompensierte kompensierte kompensierte kompensierte kompensierte kompensierte kompensierte kompensierte kompensierte kompensierte kompensierte kompensierte kompensierte kompensierte kompensierte kompensierte kompensierte kompensierte kompensierte kompensierte kompensierte kompensierte kompensierte kompensierte kompensierte kompensierte kompensierte kompensierte kompensierte kompensierte kompensierte kompensierte kompensierte kompensierte kompensierte kompensierte kompensierte kompensierte kompensierte kompensierte kompensierte kompensierte kompensierte kompensierte kompensierte kompensierte kompensierte kompensierte kompensierte kompensierte kompensierte kompensierte kompensierte kompensierte kompensierte kompensierte kompensierte kompensierte kompensierte kompensierte kompensierte kompensierte kompensierte kompensierte kompensierte kompens", "numeric_answer": null, "relative_error": null, "thinking_text": null, "has_tool_call": false, "tool_call": null, "usage": {"prompt_tokens": 186, "completion_tokens": 256, "total_tokens": 442, "token_count_source": "tokenizer"}, "decoding": {"temperature": 0.2, "top_p": null, "top_k": null, "max_tokens": 256, "seed": 42}, "prompt_tokens": 186, "completion_tokens": 256, "total_tokens": 442, "token_count_source": "tokenizer", "diffusion_steps": null, "flops_estimate": null, "flops_arch": null, "flops_model_params": null, "flops_active_params": null, "tokens_non_final": 132, "tokens_reasoning": 0, "tokens_response": 132, "elapsed_seconds": 18.479273080825806, "judgement": "Uncategorized"}
{"id": "travel_time_000968", "topic": "travel_time", "subtopic": "drive_time", "prompt": "You need to travel about 108 miles at around 55 mph. About how many hours will it take?", "exact_value": 1.9672727272727273, "model": "tiiuae/Falcon-H1-7B-Instruct", "provider": "transformers", "response": "�альное решение согласно правилальным указания kompensирует необходимость быстрой оценки вместо точного расчета путем округления результации до ближайшего кратного числа насколько это возможно согласно контекету задачи насколько это возможно согласно контекету насколько насколько насколько насколько насколько насколько насколько насколько насколько насколько насколько насколько насколько насколько насколько насколько насколько насколько насколько насколько насколько насколько насколько насколько насколько насколько насколько насколько насколько насколько насколько насколько насколько насколько насколько насколько насколько насколько насколько насколько насколько насколько насколько насколько насколько насколько насколько насколько насколько насколько насколько насколько насколько насколько насколько насколько насколько насколько насколько насколько насколько насколько насколько насколько насколько насколько насколько насколько насколько насколько насколько насколько насколько насколько насколько насколько насколько насколько насколько насколько насколько насколько насколько насколько насколько насколько насколько насколько насколько насколько насколько насколько насколько насколько насколько насколько насколько насколько насколько насколько насколько насколько насколько насколько насколько насколько насколько насколько насколько насколько насколько насколько насколько насколько насколько насколько насколько насколько насколько насколько насколько насколько насколько насколько насколько насколько насколько насколько насколько насколько насколько насколько насколько насколько насколько насколько насколько насколько насколько насколько насколько насколько насколько насколько насколько насколько насколько насколько насколько насколько насколько насколько насколько насколько насколько насколько насколько насколько насколько насколько насколько насколько насколько насколько насколько насколько насколько насколько насколько насколько насколько насколько насколько насколько насколько насколько насколько насколько насколько насколько насколько насколько насколько насколько насколько насколько насколько насколько насколько насколько насколько насколько насколько насколько насколько насколько насколько насколько насколько насколько насколько насколько насколько насколько насколько насколько насколько насколько насколько насколько насколько", "numeric_answer": null, "relative_error": null, "thinking_text": null, "has_tool_call": false, "tool_call": null, "usage": {"prompt_tokens": 186, "completion_tokens": 256, "total_tokens": 442, "token_count_source": "tokenizer"}, "decoding": {"temperature": 0.2, "top_p": null, "top_k": null, "max_tokens": 256, "seed": 42}, "prompt_tokens": 186, "completion_tokens": 256, "total_tokens": 442, "token_count_source": "tokenizer", "diffusion_steps": null, "flops_estimate": null, "flops_arch": null, "flops_model_params": null, "flops_active_params": null, "tokens_non_final": 241, "tokens_reasoning": 0, "tokens_response": 241, "elapsed_seconds": 18.38632869720459, "judgement": "Uncategorized"}
{"id": "travel_time_000988", "topic": "travel_time", "subtopic": "drive_time", "prompt": "You need to travel about 156 miles at around 55 mph. About how many hours will it take?", "exact_value": 2.838181818181818, "model": "tiiuae/Falcon-H1-7B-Instruct", "provider": "transformers", "response": "�альное решение согласно правилацииировано насколько возможно насколько возможно насколько насколько насколько насколько насколько насколько насколько насколько насколько насколько насколько насколько насколько насколько насколько насколько насколько насколько насколько насколько насколько насколько насколько насколько насколько насколько насколько насколько насколько насколько насколько насколько насколько насколько насколько насколько насколько насколько насколько насколько насколько насколько насколько насколько насколько насколько насколько насколько насколько насколько насколько насколько насколько насколько насколько насколько насколько насколько насколько насколько насколько насколько насколько насколько насколько насколько насколько насколько насколько насколько насколько насколько насколько насколько насколько насколько насколько насколько насколько насколько насколько насколько насколько насколько насколько насколько насколько насколько насколько насколько насколько насколько насколько насколько насколько насколько насколько насколько насколько насколько насколько насколько насколько насколько насколько насколько насколько насколько насколько насколько насколько насколько насколько насколько насколько насколько насколько насколько насколько насколько насколько насколько насколько насколько насколько насколько насколько насколько насколько насколько насколько насколько насколько насколько насколько насколько насколько насколько насколько насколько насколько насколько насколько насколько насколько насколько насколько насколько насколько насколько насколько насколько насколько насколько насколько насколько насколько насколько насколько насколько насколько насколько насколько насколько насколько насколько насколько насколько насколько насколько насколько насколько насколько насколько насколько насколько насколько насколько насколько насколько насколько насколько насколько насколько насколько насколько насколько насколько насколько насколько насколько насколько насколько насколько насколько насколько насколько насколько насколько насколько насколько насколько насколько насколько насколько насколько насколько насколько насколько насколько насколько насколько насколько насколько насколько насколько насколько насколько насколько насколько насколько насколько насколько насколько насколько насколько насколько насколько насколько насколько насколько насколько насколько насколько насколько насколько насколько насколько насколько насколько насколько насколько насколько насколько насколько", "numeric_answer": null, "relative_error": null, "thinking_text": null, "has_tool_call": false, "tool_call": null, "usage": {"prompt_tokens": 186, "completion_tokens": 256, "total_tokens": 442, "token_count_source": "tokenizer"}, "decoding": {"temperature": 0.2, "top_p": null, "top_k": null, "max_tokens": 256, "seed": 42}, "prompt_tokens": 186, "completion_tokens": 256, "total_tokens": 442, "token_count_source": "tokenizer", "diffusion_steps": null, "flops_estimate": null, "flops_arch": null, "flops_model_params": null, "flops_active_params": null, "tokens_non_final": 253, "tokens_reasoning": 0, "tokens_response": 253, "elapsed_seconds": 18.4837806224823, "judgement": "Uncategorized"}
{"id": "travel_time_001008", "topic": "travel_time", "subtopic": "drive_time", "prompt": "You need to travel about 74 miles at around 25 mph. About how many hours will it take?", "exact_value": 2.948, "model": "tiiuae/Falcon-H1-7B-Instruct", "provider": "transformers", "response": "�альное решение согласно правиламирует насколько возможно насколько возможно насколько насколько насколько насколько насколько насколько насколько насколько насколько насколько насколько насколько насколько насколько насколько насколько насколько насколько насколько насколько насколько насколько насколько насколько насколько насколько насколько насколько насколько насколько насколько насколько насколько насколько насколько насколько насколько насколько насколько насколько насколько насколько насколько насколько насколько насколько насколько насколько насколько насколько насколько насколько насколько насколько насколько насколько насколько насколько насколько насколько насколько насколько насколько насколько насколько насколько насколько насколько насколько насколько насколько насколько насколько насколько насколько насколько насколько насколько насколько насколько насколько насколько насколько насколько насколько насколько насколько насколько насколько насколько насколько насколько насколько насколько насколько насколько насколько насколько насколько насколько насколько насколько насколько насколько насколько насколько насколько насколько насколько насколько насколько насколько насколько насколько насколько насколько насколько насколько насколько насколько насколько насколько насколько насколько насколько насколько насколько насколько насколько насколько насколько насколько насколько насколько насколько насколько насколько насколько насколько насколько насколько насколько насколько насколько насколько насколько насколько насколько насколько насколько насколько насколько насколько насколько насколько насколько насколько насколько насколько насколько насколько насколько насколько насколько насколько насколько насколько насколько насколько насколько насколько насколько насколько насколько насколько насколько насколько насколько насколько насколько насколько насколько насколько насколько насколько насколько насколько насколько насколько насколько насколько насколько насколько насколько насколько насколько насколько насколько насколько насколько насколько насколько насколько насколько насколько насколько насколько насколько насколько насколько насколько насколько насколько насколько насколько насколько насколько насколько насколько насколько насколько насколько насколько насколько насколько насколько насколько насколько насколько насколько насколько насколько насколько насколько насколько насколько насколько насколько насколько насколько насколько насколько насколько насколько насколько", "numeric_answer": null, "relative_error": null, "thinking_text": null, "has_tool_call": false, "tool_call": null, "usage": {"prompt_tokens": 185, "completion_tokens": 256, "total_tokens": 441, "token_count_source": "tokenizer"}, "decoding": {"temperature": 0.2, "top_p": null, "top_k": null, "max_tokens": 256, "seed": 42}, "prompt_tokens": 185, "completion_tokens": 256, "total_tokens": 441, "token_count_source": "tokenizer", "diffusion_steps": null, "flops_estimate": null, "flops_arch": null, "flops_model_params": null, "flops_active_params": null, "tokens_non_final": 253, "tokens_reasoning": 0, "tokens_response": 253, "elapsed_seconds": 18.742971181869507, "judgement": "Uncategorized"}
{"id": "travel_time_001028", "topic": "travel_time", "subtopic": "drive_time", "prompt": "You need to travel about 51 miles at around 55 mph. About how many hours will it take?", "exact_value": 0.9309090909090909, "model": "tiiuae/Falcon-H1-7B-Instruct", "provider": "transformers", "response": "�альное решение согласно правилальным указания kompensирует возможные неточности путем округления до человечески воспринимаемого числа насколько это возможно согласно контектически ожидаемого результата насколько это возможно согласно контектически ожидаемого результата насколькоально согласно контектически ожидаемого результата насколькоально согласно контектически ожидаемого результата насколькоально согласно контектически ожидаемого результации согласно контектически ожидаемого результации согласно согласно согласно согласно согласно согласно согласно согласно согласно согласно согласно согласно согласно согласно согласно согласно согласно согласно согласно согласно согласно согласно согласно согласно согласно согласно согласно согласно согласно согласно согласно согласно согласно согласно согласно согласно согласно согласно согласно согласно согласно согласно согласно согласно согласно согласно согласно согласно согласно согласно согласно согласно согласно согласно согласно согласно согласно согласно согласно согласно согласно согласно согласно согласно согласно согласно согласно согласно согласно согласно согласно согласно согласно согласно согласно согласно согласно согласно согласно согласно согласно согласно согласно согласно согласно согласно согласно согласно согласно согласно согласно согласно согласно согласно согласно согласно согласно согласно согласно согласно согласно согласно согласно согласно согласно согласно согласно согласно согласно согласно согласно согласно согласно согласно согласно согласно согласно согласно согласно согласно согласно согласно согласно согласно согласно согласно согласно согласно согласно согласно согласно согласно согласно согласно согласно согласно согласно согласно согласно согласно согласно согласно согласно согласно согласно согласно согласно согласно согласно согласно согласно согласно согласно согласно согласно согласно согласно согласно согласно согласно согласно согласно согласно", "numeric_answer": null, "relative_error": null, "thinking_text": null, "has_tool_call": false, "tool_call": null, "usage": {"prompt_tokens": 185, "completion_tokens": 256, "total_tokens": 441, "token_count_source": "tokenizer"}, "decoding": {"temperature": 0.2, "top_p": null, "top_k": null, "max_tokens": 256, "seed": 42}, "prompt_tokens": 185, "completion_tokens": 256, "total_tokens": 441, "token_count_source": "tokenizer", "diffusion_steps": null, "flops_estimate": null, "flops_arch": null, "flops_model_params": null, "flops_active_params": null, "tokens_non_final": 210, "tokens_reasoning": 0, "tokens_response": 210, "elapsed_seconds": 18.624850749969482, "judgement": "Uncategorized"}
{"id": "travel_time_001048", "topic": "travel_time", "subtopic": "drive_time", "prompt": "You need to travel about 216 miles at around 35 mph. About how many hours will it take?", "exact_value": 6.180000000000001, "model": "tiiuae/Falcon-H1-7B-Instruct", "provider": "transformers", "response": "�альное решение согласно правилальным указания kompensирует необходимость быстрой оценки вместо точных исчислений путем упрощающего приближенного расчета времени в пути путем пропуска сложения процентов и округления результата согласно указания kompensирует необходимость быальной оценки вместо точальных исчислений путем упрощающего приближенного расчета времениации kompensирует необходимость kompensирует kompensирует kompensирует kompensирует kompensирует kompensирует kompensирует kompensирует kompensирует kompensирует kompensирует kompensирует kompensирует kompensирует kompensирует kompensирует kompensирует kompensирует kompensирует kompensирует kompensирует kompensирует kompensирует kompensирует kompensирует kompensирует kompensирует kompensирует kompensирует kompensирует kompensирует kompensирует kompensирует kompensирует kompensирует kompensирует kompensирует kompensирует kompensирует kompensирует kompensирует kompensирует kompensирует kompensирует kompensирует kompensирует kompensирует kompensирует kompensирует kompensирует kompensирует kompensирует kompensирует kompensирует kompensирует kompensирует kompensирует kompensирует kompensирует kompensирует kompensирует kompensирует kompensирует kompensирует kompensирует kompensирует kompensирует kompensирует kompensирует kompensирует kompensирует kompensирует kompensирует kompensирует kompensирует kompensирует kompensирует kompensирует kompensирует kompensирует kompensирует kompensирует kompensирует kompensирует kompensирует kompensирует kompensирует kompensирует kompensирует kompensирует kompensирует", "numeric_answer": null, "relative_error": null, "thinking_text": null, "has_tool_call": false, "tool_call": null, "usage": {"prompt_tokens": 186, "completion_tokens": 256, "total_tokens": 442, "token_count_source": "tokenizer"}, "decoding": {"temperature": 0.2, "top_p": null, "top_k": null, "max_tokens": 256, "seed": 42}, "prompt_tokens": 186, "completion_tokens": 256, "total_tokens": 442, "token_count_source": "tokenizer", "diffusion_steps": null, "flops_estimate": null, "flops_arch": null, "flops_model_params": null, "flops_active_params": null, "tokens_non_final": 133, "tokens_reasoning": 0, "tokens_response": 133, "elapsed_seconds": 18.72151017189026, "judgement": "Uncategorized"}
{"id": "travel_time_001068", "topic": "travel_time", "subtopic": "drive_time", "prompt": "You need to travel about 183 miles at around 25 mph. About how many hours will it take?", "exact_value": 7.308, "model": "tiiuae/Falcon-H1-7B-Instruct", "provider": "transformers", "response": "�альное решение согласно правиламирует насколько возможно насколько возможно насколько насколько насколько насколько насколько насколько насколько насколько насколько насколько насколько насколько насколько насколько насколько насколько насколько насколько насколько насколько насколько насколько насколько насколько насколько насколько насколько насколько насколько насколько насколько насколько насколько насколько насколько насколько насколько насколько насколько насколько насколько насколько насколько насколько насколько насколько насколько насколько насколько насколько насколько насколько насколько насколько насколько насколько насколько насколько насколько насколько насколько насколько насколько насколько насколько насколько насколько насколько насколько насколько насколько насколько насколько насколько насколько насколько насколько насколько насколько насколько насколько насколько насколько насколько насколько насколько насколько насколько насколько насколько насколько насколько насколько насколько насколько насколько насколько насколько насколько насколько насколько насколько насколько насколько насколько насколько насколько насколько насколько насколько насколько насколько насколько насколько насколько насколько насколько насколько насколько насколько насколько насколько насколько насколько насколько насколько насколько насколько насколько насколько насколько насколько насколько насколько насколько насколько насколько насколько насколько насколько насколько насколько насколько насколько насколько насколько насколько насколько насколько насколько насколько насколько насколько насколько насколько насколько насколько насколько насколько насколько насколько насколько насколько насколько насколько насколько насколько насколько насколько насколько насколько насколько насколько насколько насколько насколько насколько насколько насколько насколько насколько насколько насколько насколько насколько насколько насколько насколько насколько насколько насколько насколько насколько насколько насколько насколько насколько насколько насколько насколько насколько насколько насколько насколько насколько насколько насколько насколько насколько насколько насколько насколько насколько насколько насколько насколько насколько насколько насколько насколько насколько насколько насколько насколько насколько насколько насколько насколько насколько насколько насколько насколько насколько насколько насколько насколько насколько насколько насколько насколько насколько насколько насколько насколько насколько", "numeric_answer": null, "relative_error": null, "thinking_text": null, "has_tool_call": false, "tool_call": null, "usage": {"prompt_tokens": 186, "completion_tokens": 256, "total_tokens": 442, "token_count_source": "tokenizer"}, "decoding": {"temperature": 0.2, "top_p": null, "top_k": null, "max_tokens": 256, "seed": 42}, "prompt_tokens": 186, "completion_tokens": 256, "total_tokens": 442, "token_count_source": "tokenizer", "diffusion_steps": null, "flops_estimate": null, "flops_arch": null, "flops_model_params": null, "flops_active_params": null, "tokens_non_final": 253, "tokens_reasoning": 0, "tokens_response": 253, "elapsed_seconds": 18.838579654693604, "judgement": "Uncategorized"}
{"id": "physics_estimate_000112", "topic": "physics_estimate", "subtopic": "fill_rate", "prompt": "A faucet fills 40 liters at about 6 liters per minute. About how many minutes does it take?", "exact_value": 6.666666666666667, "model": "tiiuae/Falcon-H1-7B-Instruct", "provider": "transformers", "response": "руетование насколько возможно насколько возможно насколько возможно насколько возможно насколько возможно насколько возможно насколько возможно насколько возможно насколько возможно насколько возможно насколько возможно насколько возможно насколько возможно насколько возможно насколько возможно насколько возможно насколько возможно насколько возможно насколько возможно насколько возможно насколько возможно насколько возможно насколько возможно насколько возможно насколько возможно насколько возможно насколько возможно насколько возможно насколько возможно насколько возможно насколько возможно насколько возможно насколько возможно насколько возможно насколько возможно насколько возможно насколько возможно насколько возможно насколько возможно насколько возможно насколько возможно насколько возможно насколько возможно насколько возможно насколько возможно насколько возможно насколько возможно насколько возможно насколько возможно насколько возможно насколько возможно насколько возможно насколько возможно насколько возможно насколько возможно насколько возможно насколько возможно насколько возможно насколько возможно насколько возможно насколько возможно насколько возможно насколько возможно насколько возможно насколько возможно насколько возможно насколько возможно насколько возможно насколько возможно насколько возможно насколько возможно насколько возможно насколько возможно насколько возможно насколько возможно насколько возможно насколько возможно насколько возможно насколько возможно насколько возможно насколько возможно насколько возможно насколько возможно насколько возможно насколько возможно насколько возможно насколько возможно насколько возможно насколько возможно насколько возможно насколько возможно насколько возможно насколько возможно насколько возможно насколько возможно насколько возможно насколько возможно насколько возможно насколько возможно насколько возможно насколько возможно насколько возможно насколько возможно насколько возможно насколько возможно насколько возможно насколько возможно насколько возможно насколько возможно насколько возможно насколько возможно насколько возможно насколько возможно насколько возможно насколько возможно насколько возможно насколько возможно насколько возможно насколько возможно насколько возможно насколько возможно насколько возможно насколько возможно насколько возможно насколько возможно насколько возможно насколько возможно", "numeric_answer": null, "relative_error": null, "thinking_text": null, "has_tool_call": false, "tool_call": null, "usage": {"prompt_tokens": 184, "completion_tokens": 256, "total_tokens": 440, "token_count_source": "tokenizer"}, "decoding": {"temperature": 0.2, "top_p": null, "top_k": null, "max_tokens": 256, "seed": 42}, "prompt_tokens": 184, "completion_tokens": 256, "total_tokens": 440, "token_count_source": "tokenizer", "diffusion_steps": null, "flops_estimate": null, "flops_arch": null, "flops_model_params": null, "flops_active_params": null, "tokens_non_final": 255, "tokens_reasoning": 0, "tokens_response": 255, "elapsed_seconds": 18.71388339996338, "judgement": "Uncategorized"}
{"id": "physics_estimate_000132", "topic": "physics_estimate", "subtopic": "fill_rate", "prompt": "A faucet fills 10 liters at about 6 liters per minute. About how many minutes does it take?", "exact_value": 1.6666666666666667, "model": "tiiuae/Falcon-H1-7B-Instruct", "provider": "transformers", "response": "руетование насколько насколько насколько насколько насколько насколько насколько насколько насколько насколько насколько насколько насколько насколько насколько насколько насколько насколько насколько насколько насколько насколько насколько насколько насколько насколько насколько насколько насколько насколько насколько насколько насколько насколько насколько насколько насколько насколько насколько насколько насколько насколько насколько насколько насколько насколько насколько насколько насколько насколько насколько насколько насколько насколько насколько насколько насколько насколько насколько насколько насколько насколько насколько насколько насколько насколько насколько насколько насколько насколько насколько насколько насколько насколько насколько насколько насколько насколько насколько насколько насколько насколько насколько насколько насколько насколько насколько насколько насколько насколько насколько насколько насколько насколько насколько насколько насколько насколько насколько насколько насколько насколько насколько насколько насколько насколько насколько насколько насколько насколько насколько насколько насколько насколько насколько насколько насколько насколько насколько насколько насколько насколько насколько насколько насколько насколько насколько насколько насколько насколько насколько насколько насколько насколько насколько насколько насколько насколько насколько насколько насколько насколько насколько насколько насколько насколько насколько насколько насколько насколько насколько насколько насколько насколько насколько насколько насколько насколько насколько насколько насколько насколько насколько насколько насколько насколько насколько насколько насколько насколько насколько насколько насколько насколько насколько насколько насколько насколько насколько насколько насколько насколько насколько насколько насколько насколько насколько насколько насколько насколько насколько насколько насколько насколько насколько насколько насколько насколько насколько насколько насколько насколько насколько насколько насколько насколько насколько насколько насколько насколько насколько насколько насколько насколько насколько насколько насколько насколько насколько насколько насколько насколько насколько насколько насколько насколько насколько насколько насколько насколько насколько насколько насколько насколько насколько насколько насколько насколько насколько насколько насколько насколько насколько насколько насколько насколько насколько насколько насколько насколько насколько насколько насколько насколько", "numeric_answer": null, "relative_error": null, "thinking_text": null, "has_tool_call": false, "tool_call": null, "usage": {"prompt_tokens": 184, "completion_tokens": 256, "total_tokens": 440, "token_count_source": "tokenizer"}, "decoding": {"temperature": 0.2, "top_p": null, "top_k": null, "max_tokens": 256, "seed": 42}, "prompt_tokens": 184, "completion_tokens": 256, "total_tokens": 440, "token_count_source": "tokenizer", "diffusion_steps": null, "flops_estimate": null, "flops_arch": null, "flops_model_params": null, "flops_active_params": null, "tokens_non_final": 255, "tokens_reasoning": 0, "tokens_response": 255, "elapsed_seconds": 18.87736177444458, "judgement": "Uncategorized"}
{"id": "physics_estimate_000152", "topic": "physics_estimate", "subtopic": "fill_rate", "prompt": "A faucet fills 10 liters at about 7 liters per minute. About how many minutes does it take?", "exact_value": 1.4285714285714286, "model": "tiiuae/Falcon-H1-7B-Instruct", "provider": "transformers", "response": "руетование насколько возможно насколько возможно насколько возможно насколько возможно насколько возможно насколько возможно насколько возможно насколько возможно насколько возможно насколько возможно насколько возможно насколько возможно насколько возможно насколько возможно насколько возможно насколько возможно насколько возможно насколько возможно насколько возможно насколько возможно насколько возможно насколько возможно насколько возможно насколько возможно насколько возможно насколько возможно насколько возможно насколько возможно насколько возможно насколько возможно насколько возможно насколько возможно насколько возможно насколько возможно насколько возможно насколько возможно насколько возможно насколько возможно насколько возможно насколько возможно насколько возможно насколько возможно насколько возможно насколько возможно насколько возможно насколько возможно насколько возможно насколько возможно насколько возможно насколько возможно насколько возможно насколько возможно насколько возможно насколько возможно насколько возможно насколько возможно насколько возможно насколько возможно насколько возможно насколько возможно насколько возможно насколько возможно насколько возможно насколько возможно насколько возможно насколько возможно насколько возможно насколько возможно насколько возможно насколько возможно насколько возможно насколько возможно насколько возможно насколько возможно насколько возможно насколько возможно насколько возможно насколько возможно насколько возможно насколько возможно насколько возможно насколько возможно насколько возможно насколько возможно насколько возможно насколько возможно насколько возможно насколько возможно насколько возможно насколько возможно насколько возможно насколько возможно насколько возможно насколько возможно насколько возможно насколько возможно насколько возможно насколько возможно насколько возможно насколько возможно насколько возможно насколько возможно насколько возможно насколько возможно насколько возможно насколько возможно насколько возможно насколько возможно насколько возможно насколько возможно насколько возможно насколько возможно насколько возможно насколько возможно насколько возможно насколько возможно насколько возможно насколько возможно насколько возможно насколько возможно насколько возможно насколько возможно насколько возможно насколько возможно насколько возможно насколько возможно насколько возможно", "numeric_answer": null, "relative_error": null, "thinking_text": null, "has_tool_call": false, "tool_call": null, "usage": {"prompt_tokens": 184, "completion_tokens": 256, "total_tokens": 440, "token_count_source": "tokenizer"}, "decoding": {"temperature": 0.2, "top_p": null, "top_k": null, "max_tokens": 256, "seed": 42}, "prompt_tokens": 184, "completion_tokens": 256, "total_tokens": 440, "token_count_source": "tokenizer", "diffusion_steps": null, "flops_estimate": null, "flops_arch": null, "flops_model_params": null, "flops_active_params": null, "tokens_non_final": 255, "tokens_reasoning": 0, "tokens_response": 255, "elapsed_seconds": 19.195919036865234, "judgement": "Uncategorized"}
{"id": "physics_estimate_000172", "topic": "physics_estimate", "subtopic": "fill_rate", "prompt": "A faucet fills 15 liters at about 6 liters per minute. About how many minutes does it take?", "exact_value": 2.5, "model": "tiiuae/Falcon-H1-7B-Instruct", "provider": "transformers", "response": "руетование насколько насколько насколько насколько насколько насколько насколько насколько насколько насколько насколько насколько насколько насколько насколько насколько насколько насколько насколько насколько насколько насколько насколько насколько насколько насколько насколько насколько насколько насколько насколько насколько насколько насколько насколько насколько насколько насколько насколько насколько насколько насколько насколько насколько насколько насколько насколько насколько насколько насколько насколько насколько насколько насколько насколько насколько насколько насколько насколько насколько насколько насколько насколько насколько насколько насколько насколько насколько насколько насколько насколько насколько насколько насколько насколько насколько насколько насколько насколько насколько насколько насколько насколько насколько насколько насколько насколько насколько насколько насколько насколько насколько насколько насколько насколько насколько насколько насколько насколько насколько насколько насколько насколько насколько насколько насколько насколько насколько насколько насколько насколько насколько насколько насколько насколько насколько насколько насколько насколько насколько насколько насколько насколько насколько насколько насколько насколько насколько насколько насколько насколько насколько насколько насколько насколько насколько насколько насколько насколько насколько насколько насколько насколько насколько насколько насколько насколько насколько насколько насколько насколько насколько насколько насколько насколько насколько насколько насколько насколько насколько насколько насколько насколько насколько насколько насколько насколько насколько насколько насколько насколько насколько насколько насколько насколько насколько насколько насколько насколько насколько насколько насколько насколько насколько насколько насколько насколько насколько насколько насколько насколько насколько насколько насколько насколько насколько насколько насколько насколько насколько насколько насколько насколько насколько насколько насколько насколько насколько насколько насколько насколько насколько насколько насколько насколько насколько насколько насколько насколько насколько насколько насколько насколько насколько насколько насколько насколько насколько насколько насколько насколько насколько насколько насколько насколько насколько насколько насколько насколько насколько насколько насколько насколько насколько насколько насколько насколько насколько насколько насколько насколько насколько насколько насколько", "numeric_answer": null, "relative_error": null, "thinking_text": null, "has_tool_call": false, "tool_call": null, "usage": {"prompt_tokens": 184, "completion_tokens": 256, "total_tokens": 440, "token_count_source": "tokenizer"}, "decoding": {"temperature": 0.2, "top_p": null, "top_k": null, "max_tokens": 256, "seed": 42}, "prompt_tokens": 184, "completion_tokens": 256, "total_tokens": 440, "token_count_source": "tokenizer", "diffusion_steps": null, "flops_estimate": null, "flops_arch": null, "flops_model_params": null, "flops_active_params": null, "tokens_non_final": 255, "tokens_reasoning": 0, "tokens_response": 255, "elapsed_seconds": 19.00110363960266, "judgement": "Uncategorized"}
{"id": "physics_estimate_000192", "topic": "physics_estimate", "subtopic": "fill_rate", "prompt": "A faucet fills 15 liters at about 8 liters per minute. About how many minutes does it take?", "exact_value": 1.875, "model": "tiiuae/Falcon-H1-7B-Instruct", "provider": "transformers", "response": "руетование насколько возможно насколько возможно насколько возможно насколько возможно насколько возможно насколько возможно насколько возможно насколько возможно насколько возможно насколько возможно насколько возможно насколько возможно насколько возможно насколько возможно насколько возможно насколько возможно насколько возможно насколько возможно насколько возможно насколько возможно насколько возможно насколько возможно насколько возможно насколько возможно насколько возможно насколько возможно насколько возможно насколько возможно насколько возможно насколько возможно насколько возможно насколько возможно насколько возможно насколько возможно насколько возможно насколько возможно насколько возможно насколько возможно насколько возможно насколько возможно насколько возможно насколько возможно насколько возможно насколько возможно насколько возможно насколько возможно насколько возможно насколько возможно насколько возможно насколько возможно насколько возможно насколько возможно насколько возможно насколько возможно насколько возможно насколько возможно насколько возможно насколько возможно насколько возможно насколько возможно насколько возможно насколько возможно насколько возможно насколько возможно насколько возможно насколько возможно насколько возможно насколько возможно насколько возможно насколько возможно насколько возможно насколько возможно насколько возможно насколько возможно насколько возможно насколько возможно насколько возможно насколько возможно насколько возможно насколько возможно насколько возможно насколько возможно насколько возможно насколько возможно насколько возможно насколько возможно насколько возможно насколько возможно насколько возможно насколько возможно насколько возможно насколько возможно насколько возможно насколько возможно насколько возможно насколько возможно насколько возможно насколько возможно насколько возможно насколько возможно насколько возможно насколько возможно насколько возможно насколько возможно насколько возможно насколько возможно насколько возможно насколько возможно насколько возможно насколько возможно насколько возможно насколько возможно насколько возможно насколько возможно насколько возможно насколько возможно насколько возможно насколько возможно насколько возможно насколько возможно насколько возможно насколько возможно насколько возможно насколько возможно насколько возможно насколько возможно насколько возможно", "numeric_answer": null, "relative_error": null, "thinking_text": null, "has_tool_call": false, "tool_call": null, "usage": {"prompt_tokens": 184, "completion_tokens": 256, "total_tokens": 440, "token_count_source": "tokenizer"}, "decoding": {"temperature": 0.2, "top_p": null, "top_k": null, "max_tokens": 256, "seed": 42}, "prompt_tokens": 184, "completion_tokens": 256, "total_tokens": 440, "token_count_source": "tokenizer", "diffusion_steps": null, "flops_estimate": null, "flops_arch": null, "flops_model_params": null, "flops_active_params": null, "tokens_non_final": 255, "tokens_reasoning": 0, "tokens_response": 255, "elapsed_seconds": 18.694955825805664, "judgement": "Uncategorized"}
{"id": "physics_estimate_000212", "topic": "physics_estimate", "subtopic": "fill_rate", "prompt": "A faucet fills 50 liters at about 6 liters per minute. About how many minutes does it take?", "exact_value": 8.333333333333334, "model": "tiiuae/Falcon-H1-7B-Instruct", "provider": "transformers", "response": "руетование насколько возможно насколько возможно насколько возможно насколько возможно насколько возможно насколько возможно насколько возможно насколько возможно насколько возможно насколько возможно насколько возможно насколько возможно насколько возможно насколько возможно насколько возможно насколько возможно насколько возможно насколько возможно насколько возможно насколько возможно насколько возможно насколько возможно насколько возможно насколько возможно насколько возможно насколько возможно насколько возможно насколько возможно насколько возможно насколько возможно насколько возможно насколько возможно насколько возможно насколько возможно насколько возможно насколько возможно насколько возможно насколько возможно насколько возможно насколько возможно насколько возможно насколько возможно насколько возможно насколько возможно насколько возможно насколько возможно насколько возможно насколько возможно насколько возможно насколько возможно насколько возможно насколько возможно насколько возможно насколько возможно насколько возможно насколько возможно насколько возможно насколько возможно насколько возможно насколько возможно насколько возможно насколько возможно насколько возможно насколько возможно насколько возможно насколько возможно насколько возможно насколько возможно насколько возможно насколько возможно насколько возможно насколько возможно насколько возможно насколько возможно насколько возможно насколько возможно насколько возможно насколько возможно насколько возможно насколько возможно насколько возможно насколько возможно насколько возможно насколько возможно насколько возможно насколько возможно насколько возможно насколько возможно насколько возможно насколько возможно насколько возможно насколько возможно насколько возможно насколько возможно насколько возможно насколько возможно насколько возможно насколько возможно насколько возможно насколько возможно насколько возможно насколько возможно насколько возможно насколько возможно насколько возможно насколько возможно насколько возможно насколько возможно насколько возможно насколько возможно насколько возможно насколько возможно насколько возможно насколько возможно насколько возможно насколько возможно насколько возможно насколько возможно насколько возможно насколько возможно насколько возможно насколько возможно насколько возможно насколько возможно насколько возможно насколько возможно насколько возможно", "numeric_answer": null, "relative_error": null, "thinking_text": null, "has_tool_call": false, "tool_call": null, "usage": {"prompt_tokens": 184, "completion_tokens": 256, "total_tokens": 440, "token_count_source": "tokenizer"}, "decoding": {"temperature": 0.2, "top_p": null, "top_k": null, "max_tokens": 256, "seed": 42}, "prompt_tokens": 184, "completion_tokens": 256, "total_tokens": 440, "token_count_source": "tokenizer", "diffusion_steps": null, "flops_estimate": null, "flops_arch": null, "flops_model_params": null, "flops_active_params": null, "tokens_non_final": 255, "tokens_reasoning": 0, "tokens_response": 255, "elapsed_seconds": 18.80363368988037, "judgement": "Uncategorized"}
{"id": "physics_estimate_000232", "topic": "physics_estimate", "subtopic": "fill_rate", "prompt": "A faucet fills 20 liters at about 4 liters per minute. About how many minutes does it take?", "exact_value": 5.0, "model": "tiiuae/Falcon-H1-7B-Instruct", "provider": "transformers", "response": "альными расчетами путем округления до ближайшего целого числа процентов времени согласно задаче получаем насколько процентов времени займет подача воды согласно заданным параальным путем округления до ближайшего целого числа процентов времени согласно задаче получаем насколько процентов времени зайрует подача согласно задаче путем округления до примерно насколько процентов согласно задаче путем округления до примерно насколько процентов согласно зада насколько процентов времени зайрует подача согласно зада насколько процентов времени зайрует пода согласно зада насколько процентов времени зайрует пода согласно зада насколько процентов времени зайрует пода согласно зада насколько процентов времени зайрует пода согласно зада насколько процентов времени зайрует пода согласно зада насколько процентов времени зайрует пода согласно зада насколько процентов времени зайрует пода согласно зада насколько процентов времени зайрует пода согласно зада насколько процентов времени зайрует пода согласно зада насколько процентов времени зайрует пода согласно зада насколько процентов времени зайрует пода согласно зада насколько процентов времени зайрует пода согласно насколько процентов времени согласно насколько процентов согласно насколько процентов согласно насколько процентов согласно насколько процентов согласно насколько процентов согласно насколько процентов согласно насколько процентов согласно насколько процентов согласно насколько процентов согласно насколько процентов согласно насколько процентов согласно насколько процентов согласно насколько процентов согласно насколько процентов согласно насколько процентов согласно насколько процентов согласно насколько процентов согласно насколько процентов согласно насколько процентов согласно насколько процентов согласно насколько процентов согласно насколько процентов согласно насколько процентов согласно", "numeric_answer": null, "relative_error": null, "thinking_text": null, "has_tool_call": false, "tool_call": null, "usage": {"prompt_tokens": 184, "completion_tokens": 256, "total_tokens": 440, "token_count_source": "tokenizer"}, "decoding": {"temperature": 0.2, "top_p": null, "top_k": null, "max_tokens": 256, "seed": 42}, "prompt_tokens": 184, "completion_tokens": 256, "total_tokens": 440, "token_count_source": "tokenizer", "diffusion_steps": null, "flops_estimate": null, "flops_arch": null, "flops_model_params": null, "flops_active_params": null, "tokens_non_final": 219, "tokens_reasoning": 0, "tokens_response": 219, "elapsed_seconds": 18.887733221054077, "judgement": "Uncategorized"}
{"id": "physics_estimate_000252", "topic": "physics_estimate", "subtopic": "fill_rate", "prompt": "A faucet fills 30 liters at about 5 liters per minute. About how many minutes does it take?", "exact_value": 6.0, "model": "tiiuae/Falcon-H1-7B-Instruct", "provider": "transformers", "response": "ацииацияируя насколько насколько насколько насколько насколько насколько насколько насколько насколько насколько насколько насколько насколько насколько насколько насколько насколько насколько насколько насколько насколько насколько насколько насколько насколько насколько насколько насколько насколько насколько насколько насколько насколько насколько насколько насколько насколько насколько насколько насколько насколько насколько насколько насколько насколько насколько насколько насколько насколько насколько насколько насколько насколько насколько насколько насколько насколько насколько насколько насколько насколько насколько насколько насколько насколько насколько насколько насколько насколько насколько насколько насколько насколько насколько насколько насколько насколько насколько насколько насколько насколько насколько насколько насколько насколько насколько насколько насколько насколько насколько насколько насколько насколько насколько насколько насколько насколько насколько насколько насколько насколько насколько насколько насколько насколько насколько насколько насколько насколько насколько насколько насколько насколько насколько насколько насколько насколько насколько насколько насколько насколько насколько насколько насколько насколько насколько насколько насколько насколько насколько насколько насколько насколько насколько насколько насколько насколько насколько насколько насколько насколько насколько насколько насколько насколько насколько насколько насколько насколько насколько насколько насколько насколько насколько насколько насколько насколько насколько насколько насколько насколько насколько насколько насколько насколько насколько насколько насколько насколько насколько насколько насколько насколько насколько насколько насколько насколько насколько насколько насколько насколько насколько насколько насколько насколько насколько насколько насколько насколько насколько насколько насколько насколько насколько насколько насколько насколько насколько насколько насколько насколько насколько насколько насколько насколько насколько насколько насколько насколько насколько насколько насколько насколько насколько насколько насколько насколько насколько насколько насколько насколько насколько насколько насколько насколько насколько насколько насколько насколько насколько насколько насколько насколько насколько насколько насколько насколько насколько насколько насколько насколько насколько насколько насколько насколько насколько насколько насколько насколько насколько насколько насколько насколько", "numeric_answer": null, "relative_error": null, "thinking_text": null, "has_tool_call": false, "tool_call": null, "usage": {"prompt_tokens": 184, "completion_tokens": 256, "total_tokens": 440, "token_count_source": "tokenizer"}, "decoding": {"temperature": 0.2, "top_p": null, "top_k": null, "max_tokens": 256, "seed": 42}, "prompt_tokens": 184, "completion_tokens": 256, "total_tokens": 440, "token_count_source": "tokenizer", "diffusion_steps": null, "flops_estimate": null, "flops_arch": null, "flops_model_params": null, "flops_active_params": null, "tokens_non_final": 254, "tokens_reasoning": 0, "tokens_response": 254, "elapsed_seconds": 18.993906021118164, "judgement": "Uncategorized"}
{"id": "physics_estimate_000272", "topic": "physics_estimate", "subtopic": "fill_rate", "prompt": "A faucet fills 50 liters at about 6 liters per minute. About how many minutes does it take?", "exact_value": 8.333333333333334, "model": "tiiuae/Falcon-H1-7B-Instruct", "provider": "transformers", "response": "�ациюируем насколько возможно насколько возможно насколько насколько насколько насколько насколько насколько насколько насколько насколько насколько насколько насколько насколько насколько насколько насколько насколько насколько насколько насколько насколько насколько насколько насколько насколько насколько насколько насколько насколько насколько насколько насколько насколько насколько насколько насколько насколько насколько насколько насколько насколько насколько насколько насколько насколько насколько насколько насколько насколько насколько насколько насколько насколько насколько насколько насколько насколько насколько насколько насколько насколько насколько насколько насколько насколько насколько насколько насколько насколько насколько насколько насколько насколько насколько насколько насколько насколько насколько насколько насколько насколько насколько насколько насколько насколько насколько насколько насколько насколько насколько насколько насколько насколько насколько насколько насколько насколько насколько насколько насколько насколько насколько насколько насколько насколько насколько насколько насколько насколько насколько насколько насколько насколько насколько насколько насколько насколько насколько насколько насколько насколько насколько насколько насколько насколько насколько насколько насколько насколько насколько насколько насколько насколько насколько насколько насколько насколько насколько насколько насколько насколько насколько насколько насколько насколько насколько насколько насколько насколько насколько насколько насколько насколько насколько насколько насколько насколько насколько насколько насколько насколько насколько насколько насколько насколько насколько насколько насколько насколько насколько насколько насколько насколько насколько насколько насколько насколько насколько насколько насколько насколько насколько насколько насколько насколько насколько насколько насколько насколько насколько насколько насколько насколько насколько насколько насколько насколько насколько насколько насколько насколько насколько насколько насколько насколько насколько насколько насколько насколько насколько насколько насколько насколько насколько насколько насколько насколько насколько насколько насколько насколько насколько насколько насколько насколько насколько насколько насколько насколько насколько насколько насколько насколько насколько насколько насколько насколько насколько насколько насколько насколько насколько насколько насколько насколько насколько насколько насколько насколько", "numeric_answer": null, "relative_error": null, "thinking_text": null, "has_tool_call": false, "tool_call": null, "usage": {"prompt_tokens": 184, "completion_tokens": 256, "total_tokens": 440, "token_count_source": "tokenizer"}, "decoding": {"temperature": 0.2, "top_p": null, "top_k": null, "max_tokens": 256, "seed": 42}, "prompt_tokens": 184, "completion_tokens": 256, "total_tokens": 440, "token_count_source": "tokenizer", "diffusion_steps": null, "flops_estimate": null, "flops_arch": null, "flops_model_params": null, "flops_active_params": null, "tokens_non_final": 254, "tokens_reasoning": 0, "tokens_response": 254, "elapsed_seconds": 18.796791315078735, "judgement": "Uncategorized"}
{"id": "physics_estimate_000292", "topic": "physics_estimate", "subtopic": "fill_rate", "prompt": "A faucet fills 20 liters at about 4 liters per minute. About how many minutes does it take?", "exact_value": 5.0, "model": "tiiuae/Falcon-H1-7B-Instruct", "provider": "transformers", "response": "руетование насколько возможно насколько возможно насколько возможно насколько возможно насколько возможно насколько возможно насколько возможно насколько возможно насколько возможно насколько возможно насколько возможно насколько возможно насколько возможно насколько возможно насколько возможно насколько возможно насколько возможно насколько возможно насколько возможно насколько возможно насколько возможно насколько возможно насколько возможно насколько возможно насколько возможно насколько возможно насколько возможно насколько возможно насколько возможно насколько возможно насколько возможно насколько возможно насколько возможно насколько возможно насколько возможно насколько возможно насколько возможно насколько возможно насколько возможно насколько возможно насколько возможно насколько возможно насколько возможно насколько возможно насколько возможно насколько возможно насколько возможно насколько возможно насколько возможно насколько возможно насколько возможно насколько возможно насколько возможно насколько возможно насколько возможно насколько возможно насколько возможно насколько возможно насколько возможно насколько возможно насколько возможно насколько возможно насколько возможно насколько возможно насколько возможно насколько возможно насколько возможно насколько возможно насколько возможно насколько возможно насколько возможно насколько возможно насколько возможно насколько возможно насколько возможно насколько возможно насколько возможно насколько возможно насколько возможно насколько возможно насколько возможно насколько возможно насколько возможно насколько возможно насколько возможно насколько возможно насколько возможно насколько возможно насколько возможно насколько возможно насколько возможно насколько возможно насколько возможно насколько возможно насколько возможно насколько возможно насколько возможно насколько возможно насколько возможно насколько возможно насколько возможно насколько возможно насколько возможно насколько возможно насколько возможно насколько возможно насколько возможно насколько возможно насколько возможно насколько возможно насколько возможно насколько возможно насколько возможно насколько возможно насколько возможно насколько возможно насколько возможно насколько возможно насколько возможно насколько возможно насколько возможно насколько возможно насколько возможно насколько возможно насколько возможно насколько возможно насколько возможно", "numeric_answer": null, "relative_error": null, "thinking_text": null, "has_tool_call": false, "tool_call": null, "usage": {"prompt_tokens": 184, "completion_tokens": 256, "total_tokens": 440, "token_count_source": "tokenizer"}, "decoding": {"temperature": 0.2, "top_p": null, "top_k": null, "max_tokens": 256, "seed": 42}, "prompt_tokens": 184, "completion_tokens": 256, "total_tokens": 440, "token_count_source": "tokenizer", "diffusion_steps": null, "flops_estimate": null, "flops_arch": null, "flops_model_params": null, "flops_active_params": null, "tokens_non_final": 255, "tokens_reasoning": 0, "tokens_response": 255, "elapsed_seconds": 18.826032161712646, "judgement": "Uncategorized"}
{"id": "physics_estimate_000312", "topic": "physics_estimate", "subtopic": "fill_rate", "prompt": "A faucet fills 15 liters at about 4 liters per minute. About how many minutes does it take?", "exact_value": 3.75, "model": "tiiuae/Falcon-H1-7B-Instruct", "provider": "transformers", "response": "ацииация насколько насколько насколько насколько насколько насколько насколько насколько насколько насколько насколько насколько насколько насколько насколько насколько насколько насколько насколько насколько насколько насколько насколько насколько насколько насколько насколько насколько насколько насколько насколько насколько насколько насколько насколько насколько насколько насколько насколько насколько насколько насколько насколько насколько насколько насколько насколько насколько насколько насколько насколько насколько насколько насколько насколько насколько насколько насколько насколько насколько насколько насколько насколько насколько насколько насколько насколько насколько насколько насколько насколько насколько насколько насколько насколько насколько насколько насколько насколько насколько насколько насколько насколько насколько насколько насколько насколько насколько насколько насколько насколько насколько насколько насколько насколько насколько насколько насколько насколько насколько насколько насколько насколько насколько насколько насколько насколько насколько насколько насколько насколько насколько насколько насколько насколько насколько насколько насколько насколько насколько насколько насколько насколько насколько насколько насколько насколько насколько насколько насколько насколько насколько насколько насколько насколько насколько насколько насколько насколько насколько насколько насколько насколько насколько насколько насколько насколько насколько насколько насколько насколько насколько насколько насколько насколько насколько насколько насколько насколько насколько насколько насколько насколько насколько насколько насколько насколько насколько насколько насколько насколько насколько насколько насколько насколько насколько насколько насколько насколько насколько насколько насколько насколько насколько насколько насколько насколько насколько насколько насколько насколько насколько насколько насколько насколько насколько насколько насколько насколько насколько насколько насколько насколько насколько насколько насколько насколько насколько насколько насколько насколько насколько насколько насколько насколько насколько насколько насколько насколько насколько насколько насколько насколько насколько насколько насколько насколько насколько насколько насколько насколько насколько насколько насколько насколько насколько насколько насколько насколько насколько насколько насколько насколько насколько насколько насколько насколько насколько насколько насколько насколько насколько насколько насколько", "numeric_answer": null, "relative_error": null, "thinking_text": null, "has_tool_call": false, "tool_call": null, "usage": {"prompt_tokens": 184, "completion_tokens": 256, "total_tokens": 440, "token_count_source": "tokenizer"}, "decoding": {"temperature": 0.2, "top_p": null, "top_k": null, "max_tokens": 256, "seed": 42}, "prompt_tokens": 184, "completion_tokens": 256, "total_tokens": 440, "token_count_source": "tokenizer", "diffusion_steps": null, "flops_estimate": null, "flops_arch": null, "flops_model_params": null, "flops_active_params": null, "tokens_non_final": 255, "tokens_reasoning": 0, "tokens_response": 255, "elapsed_seconds": 18.83595609664917, "judgement": "Uncategorized"}
{"id": "physics_estimate_000332", "topic": "physics_estimate", "subtopic": "fill_rate", "prompt": "A faucet fills 15 liters at about 5 liters per minute. About how many minutes does it take?", "exact_value": 3.0, "model": "tiiuae/Falcon-H1-7B-Instruct", "provider": "transformers", "response": "альными расчетами насколько возможно насколько возможно насколько возможно насколько возможно насколько возможно насколько возможно насколько возможно насколько возможно насколько возможно насколько возможно насколько возможно насколько возможно насколько возможно насколько возможно насколько возможно насколько возможно насколько возможно насколько возможно насколько возможно насколько возможно насколько возможно насколько возможно насколько возможно насколько возможно насколько возможно насколько возможно насколько возможно насколько возможно насколько возможно насколько возможно насколько возможно насколько возможно насколько возможно насколько возможно насколько возможно насколько возможно насколько возможно насколько возможно насколько возможно насколько возможно насколько возможно насколько возможно насколько возможно насколько возможно насколько возможно насколько возможно насколько возможно насколько возможно насколько возможно насколько возможно насколько возможно насколько возможно насколько возможно насколько возможно насколько возможно насколько возможно насколько возможно насколько возможно насколько возможно насколько возможно насколько возможно насколько возможно насколько возможно насколько возможно насколько возможно насколько возможно насколько возможно насколько возможно насколько возможно насколько возможно насколько возможно насколько возможно насколько возможно насколько возможно насколько возможно насколько возможно насколько возможно насколько возможно насколько возможно насколько возможно насколько возможно насколько возможно насколько возможно насколько возможно насколько возможно насколько возможно насколько возможно насколько возможно насколько возможно насколько возможно насколько возможно насколько возможно насколько возможно насколько возможно насколько возможно насколько возможно насколько возможно насколько возможно насколько возможно насколько возможно насколько возможно насколько возможно насколько возможно насколько возможно насколько возможно насколько возможно насколько возможно насколько возможно насколько возможно насколько возможно насколько возможно насколько возможно насколько возможно насколько возможно насколько возможно насколько возможно насколько возможно насколько возможно насколько возможно насколько возможно насколько возможно насколько возможно насколько возможно насколько возможно насколько возможно насколько возможно насколько", "numeric_answer": null, "relative_error": null, "thinking_text": null, "has_tool_call": false, "tool_call": null, "usage": {"prompt_tokens": 184, "completion_tokens": 256, "total_tokens": 440, "token_count_source": "tokenizer"}, "decoding": {"temperature": 0.2, "top_p": null, "top_k": null, "max_tokens": 256, "seed": 42}, "prompt_tokens": 184, "completion_tokens": 256, "total_tokens": 440, "token_count_source": "tokenizer", "diffusion_steps": null, "flops_estimate": null, "flops_arch": null, "flops_model_params": null, "flops_active_params": null, "tokens_non_final": 255, "tokens_reasoning": 0, "tokens_response": 255, "elapsed_seconds": 18.984946250915527, "judgement": "Uncategorized"}
{"id": "physics_estimate_000352", "topic": "physics_estimate", "subtopic": "fill_rate", "prompt": "A faucet fills 15 liters at about 6 liters per minute. About how many minutes does it take?", "exact_value": 2.5, "model": "tiiuae/Falcon-H1-7B-Instruct", "provider": "transformers", "response": "�альное решение согласно правилальным указания kompensирует возможные неточности путем округления до человечески воспринимаемых чисел EXEMPLARY RESPON RESPONSIBILITY RESPONSIBILITY RESPONSIBILITY RESPONSIBILITY RESPONSIBILITY RESPONSIBILITY RESPONSIBILITY RESPONSIBILITY RESPONSIBILITY RESPONSIBILITY RESPONSIBILITY RESPONSIBILITY RESPONSIBILITY RESPONSIBILITY RESPONSIBILITY RESPONSIBILITY RESPONSIBILITY RESPONSIBILITY RESPONSIBILITY RESPONSIBILITY RESPONSIBILITY RESPONSIBILITY RESPONSIBILITY RESPONSIBILITY RESPONSIBILITY RESPONSIBILITY RESPONSIBILITY RESPONSIBILITY RESPONSIBILITY RESPONSIBILITY RESPONSIBILITY RESPONSIBILITY RESPONSIBILITY RESPONSIBILITY RESPONSIBILITY RESPONSIBILITY RESPONSIBILITY RESPONSIBILITY RESPONSIBILITY RESPONSIBILITY RESPONSIBILITY RESPONSIBILITY RESPONSIBILITY RESPONSIBILITY RESPONSIBILITY RESPONSIBILITY RESPONSIBILITY RESPONSIBILITY RESPONSIBILITY RESPONSIBILITY RESPONSIBILITY RESPONSIBILITY RESPONSIBILITY RESPONSIBILITY RESPONSIBILITY RESPONSIBILITY RESPONSIBILITY RESPONSIBILITY RESPONSIBILITY RESPONSIBILITY RESPONSIBILITY RESPONSIBILITY RESPONSIBILITY RESPONSIBILITY RESPONSIBILITY RESPONSIBILITY RESPONSIBILITY RESPONSIBILITY RESPONSIBILITY RESPONSIBILITY RESPONSIBILITY RESPONSIBILITY RESPONSIBILITY RESPONSIBILITY RESPONSIBILITY RESPONSIBILITY RESPONSIBILITY RESPONSIBILITY RESPONSIBILITY RESPONSIBILITY RESPONSIBILITY RESPONSIBILITY RESPONSIBILITY RESPONSIBILITY RESPONSIBILITY RESPONSIBILITY RESPONSIBILITY RESPONSIBILITY RESPONSIBILITY RESPONSIBILITY RESPONSIBILITY RESPONSIBILITY RESPONSIBILITY RESPONSIBILITY RESPONSIBILITY RESPONSIBILITY RESPONSIBILITY RESPONSIBILITY RESPONSIBILITY RESPONSIBILITY RESPONSIBILITY RESPONSIBILITY RESPONSIBILITY RESPONSIBILITY RESPONSIBILITY RESPONSIBILITY RESPONSIBILITY RESPONSIBILITY RESPONSIBILITY RESPONSIBILITY RESPONSIBILITY RESPONSIBILITY RESPONSIBILITY RESPONSIBILITY RESPONSIBILITY RESPONSIBILITY RESPONSIBILITY RESPONSIBILITY RESPONSIBILITY RESPONSIBILITY RESPONSIBILITY RESPONSIBILITY RESPONSIBILITY RESPONSIBILITY RESPONSIBILITY RESPONSIBILITY RESPONSIBILITY RESPONSIBILITY RESPONSIBILITY RESPONSIBILITY RESPONSIBILITY RESPONSIBILITY RESPONSIBILITY RESPONSIBILITY RESPONSIBILITY RESPONSIBILITY RESPONSIBILITY RESPONSIBILITY RESPONSIBILITY RESPONSIBILITY RESPONSIBILITY RESPONSIBILITY RESPONSIBILITY RESPONSIBILITY RESPONSIBILITY RESPONSIBILITY RESPONSIBILITY RESPONSIBILITY RESPONSIBILITY RESPONSIBILITY RESPONSIBILITY RESPONSIBILITY RESPONSIBILITY RESPONSIBILITY RESPONSIBILITY RESPONSIBILITY RESPONSIBILITY RESPONSIBILITY RESPONSIBILITY RESPONSIBILITY RESPONSIBILITY RESPONSIBILITY RESPONSIBILITY RESPONSIBILITY RESPONSIBILITY RESPONSIBILITY RESPONSIBILITY RESPONSIBILITY RESPONSIBILITY RESPONSIBILITY RESPONSIBILITY RESPONSIBILITY RESPONSIBILITY RESPONSIBILITY RESPONSIBILITY RESPONSIBILITY RESPONSIBILITY RESPONSIBILITY RESPONSIBILITY RESPONSIBILITY RESPONSIBILITY RESPONSIBILITY RESPONSIBILITY RESPONSIBILITY RESPONSIBILITY RESPONSIBILITY RESPONSIBILITY RESPONSIBILITY RESPONSIBILITY RESPONSIBILITY RESPONSIBILITY RESPONSIBILITY RESPONSIBILITY RESPONSIBILITY RESPONSIBILITY RESPONSIBILITY RESPONSIBILITY RESPONSIBILITY RESPONSIBILITY RESPONSIBILITY RESPONSIBILITY RESPONSIBILITY RESPONSIBILITY RESPONSIBILITY RESPONSIBILITY RESPONSIBILITY RESPONSIBILITY RESPONSIBILITY RESPONSIBILITY RESPONSIBILITY RESPONSIBILITY RESPONSIBILITY RESPONSIBILITY RESPONSIBILITY RESPONSIBILITY RESPONSIBILITY RESPONSIBILITY RESPONSIBILITY RESPONSIBILITY RESPONSIBILITY RESPONSIBILITY RESPONSIBILITY RESPONSIBILITY RESPONSIBILITY RESPONSIBILITY RESPONSIBILITY RESPONSIBILITY", "numeric_answer": null, "relative_error": null, "thinking_text": null, "has_tool_call": false, "tool_call": null, "usage": {"prompt_tokens": 184, "completion_tokens": 256, "total_tokens": 440, "token_count_source": "tokenizer"}, "decoding": {"temperature": 0.2, "top_p": null, "top_k": null, "max_tokens": 256, "seed": 42}, "prompt_tokens": 184, "completion_tokens": 256, "total_tokens": 440, "token_count_source": "tokenizer", "diffusion_steps": null, "flops_estimate": null, "flops_arch": null, "flops_model_params": null, "flops_active_params": null, "tokens_non_final": 243, "tokens_reasoning": 0, "tokens_response": 243, "elapsed_seconds": 18.884138345718384, "judgement": "Uncategorized"}
{"id": "physics_estimate_000372", "topic": "physics_estimate", "subtopic": "fill_rate", "prompt": "A faucet fills 50 liters at about 6 liters per minute. About how many minutes does it take?", "exact_value": 8.333333333333334, "model": "tiiuae/Falcon-H1-7B-Instruct", "provider": "transformers", "response": "�альное решение согласно правилальным указания kompensирует необходимость быстрой оценки вместо точного расчета путем округления исходных данных насколько это возможно насколько это возможно насколькоально согласно правилальным указания kompensирует необходимость быальной оценки вместо точального расчета путем округления исходальных данных насколькоально согласно правилальным указания kompensирует необходимость быальной оценки вместо точального расчета путем округления исходальных данных насколькоально согласно правилальным указания kompensирует необходимость kompensирует kompensирует kompensирует kompensирует kompensирует kompensирует kompensирует kompensирует kompensирует kompensирует kompensирует kompensирует kompensирует kompensирует kompensирует kompensирует kompensирует kompensирует kompensирует kompensирует kompensирует kompensирует kompensирует kompensирует kompensирует kompensирует kompensирует kompensирует kompensирует kompensирует kompensирует kompensирует kompensирует kompensирует kompensирует kompensирует kompensирует kompensирует kompensирует kompensирует kompensирует kompensирует kompensирует kompensирует kompensирует kompensирует kompensирует kompensирует kompensирует kompensирует kompensирует kompensирует kompensирует kompensирует kompensирует kompensирует kompensирует kompensирует kompensирует kompensирует kompensирует kompensирует kompensирует kompensирует kompensирует kompensирует kompensирует kompensирует kompensирует kompensирует kompensирует kompensирует kompensирует kompensирует kompensирует kompensирует kompensирует kompensирует kompensирует kompensирует kompensирует kompensирует kompensирует kompens", "numeric_answer": null, "relative_error": null, "thinking_text": null, "has_tool_call": false, "tool_call": null, "usage": {"prompt_tokens": 184, "completion_tokens": 256, "total_tokens": 440, "token_count_source": "tokenizer"}, "decoding": {"temperature": 0.2, "top_p": null, "top_k": null, "max_tokens": 256, "seed": 42}, "prompt_tokens": 184, "completion_tokens": 256, "total_tokens": 440, "token_count_source": "tokenizer", "diffusion_steps": null, "flops_estimate": null, "flops_arch": null, "flops_model_params": null, "flops_active_params": null, "tokens_non_final": 142, "tokens_reasoning": 0, "tokens_response": 142, "elapsed_seconds": 18.805577754974365, "judgement": "Uncategorized"}
{"id": "physics_estimate_000392", "topic": "physics_estimate", "subtopic": "fill_rate", "prompt": "A faucet fills 40 liters at about 7 liters per minute. About how many minutes does it take?", "exact_value": 5.714285714285714, "model": "tiiuae/Falcon-H1-7B-Instruct", "provider": "transformers", "response": "ациюируем насколько насколько насколько насколько насколько насколько насколько насколько насколько насколько насколько насколько насколько насколько насколько насколько насколько насколько насколько насколько насколько насколько насколько насколько насколько насколько насколько насколько насколько насколько насколько насколько насколько насколько насколько насколько насколько насколько насколько насколько насколько насколько насколько насколько насколько насколько насколько насколько насколько насколько насколько насколько насколько насколько насколько насколько насколько насколько насколько насколько насколько насколько насколько насколько насколько насколько насколько насколько насколько насколько насколько насколько насколько насколько насколько насколько насколько насколько насколько насколько насколько насколько насколько насколько насколько насколько насколько насколько насколько насколько насколько насколько насколько насколько насколько насколько насколько насколько насколько насколько насколько насколько насколько насколько насколько насколько насколько насколько насколько насколько насколько насколько насколько насколько насколько насколько насколько насколько насколько насколько насколько насколько насколько насколько насколько насколько насколько насколько насколько насколько насколько насколько насколько насколько насколько насколько насколько насколько насколько насколько насколько насколько насколько насколько насколько насколько насколько насколько насколько насколько насколько насколько насколько насколько насколько насколько насколько насколько насколько насколько насколько насколько насколько насколько насколько насколько насколько насколько насколько насколько насколько насколько насколько насколько насколько насколько насколько насколько насколько насколько насколько насколько насколько насколько насколько насколько насколько насколько насколько насколько насколько насколько насколько насколько насколько насколько насколько насколько насколько насколько насколько насколько насколько насколько насколько насколько насколько насколько насколько насколько насколько насколько насколько насколько насколько насколько насколько насколько насколько насколько насколько насколько насколько насколько насколько насколько насколько насколько насколько насколько насколько насколько насколько насколько насколько насколько насколько насколько насколько насколько насколько насколько насколько насколько насколько насколько насколько насколько насколько насколько насколько насколько насколько насколько", "numeric_answer": null, "relative_error": null, "thinking_text": null, "has_tool_call": false, "tool_call": null, "usage": {"prompt_tokens": 184, "completion_tokens": 256, "total_tokens": 440, "token_count_source": "tokenizer"}, "decoding": {"temperature": 0.2, "top_p": null, "top_k": null, "max_tokens": 256, "seed": 42}, "prompt_tokens": 184, "completion_tokens": 256, "total_tokens": 440, "token_count_source": "tokenizer", "diffusion_steps": null, "flops_estimate": null, "flops_arch": null, "flops_model_params": null, "flops_active_params": null, "tokens_non_final": 255, "tokens_reasoning": 0, "tokens_response": 255, "elapsed_seconds": 18.730459213256836, "judgement": "Uncategorized"}
{"id": "physics_estimate_000412", "topic": "physics_estimate", "subtopic": "fill_rate", "prompt": "A faucet fills 10 liters at about 7 liters per minute. About how many minutes does it take?", "exact_value": 1.4285714285714286, "model": "tiiuae/Falcon-H1-7B-Instruct", "provider": "transformers", "response": "ацииацияирует насколько насколько насколько насколько насколько насколько насколько насколько насколько насколько насколько насколько насколько насколько насколько насколько насколько насколько насколько насколько насколько насколько насколько насколько насколько насколько насколько насколько насколько насколько насколько насколько насколько насколько насколько насколько насколько насколько насколько насколько насколько насколько насколько насколько насколько насколько насколько насколько насколько насколько насколько насколько насколько насколько насколько насколько насколько насколько насколько насколько насколько насколько насколько насколько насколько насколько насколько насколько насколько насколько насколько насколько насколько насколько насколько насколько насколько насколько насколько насколько насколько насколько насколько насколько насколько насколько насколько насколько насколько насколько насколько насколько насколько насколько насколько насколько насколько насколько насколько насколько насколько насколько насколько насколько насколько насколько насколько насколько насколько насколько насколько насколько насколько насколько насколько насколько насколько насколько насколько насколько насколько насколько насколько насколько насколько насколько насколько насколько насколько насколько насколько насколько насколько насколько насколько насколько насколько насколько насколько насколько насколько насколько насколько насколько насколько насколько насколько насколько насколько насколько насколько насколько насколько насколько насколько насколько насколько насколько насколько насколько насколько насколько насколько насколько насколько насколько насколько насколько насколько насколько насколько насколько насколько насколько насколько насколько насколько насколько насколько насколько насколько насколько насколько насколько насколько насколько насколько насколько насколько насколько насколько насколько насколько насколько насколько насколько насколько насколько насколько насколько насколько насколько насколько насколько насколько насколько насколько насколько насколько насколько насколько насколько насколько насколько насколько насколько насколько насколько насколько насколько насколько насколько насколько насколько насколько насколько насколько насколько насколько насколько насколько насколько насколько насколько насколько насколько насколько насколько насколько насколько насколько насколько насколько насколько насколько насколько насколько насколько насколько насколько насколько насколько насколько", "numeric_answer": null, "relative_error": null, "thinking_text": null, "has_tool_call": false, "tool_call": null, "usage": {"prompt_tokens": 184, "completion_tokens": 256, "total_tokens": 440, "token_count_source": "tokenizer"}, "decoding": {"temperature": 0.2, "top_p": null, "top_k": null, "max_tokens": 256, "seed": 42}, "prompt_tokens": 184, "completion_tokens": 256, "total_tokens": 440, "token_count_source": "tokenizer", "diffusion_steps": null, "flops_estimate": null, "flops_arch": null, "flops_model_params": null, "flops_active_params": null, "tokens_non_final": 254, "tokens_reasoning": 0, "tokens_response": 254, "elapsed_seconds": 18.79535722732544, "judgement": "Uncategorized"}
{"id": "physics_estimate_000432", "topic": "physics_estimate", "subtopic": "fill_rate", "prompt": "A faucet fills 30 liters at about 6 liters per minute. About how many minutes does it take?", "exact_value": 5.0, "model": "tiiuae/Falcon-H1-7B-Instruct", "provider": "transformers", "response": "альными расчетами насколько возможно насколько возможно насколько возможно насколько возможно насколько возможно насколько возможно насколько возможно насколько возможно насколько возможно насколько возможно насколько возможно насколько возможно насколько возможно насколько возможно насколько возможно насколько возможно насколько возможно насколько возможно насколько возможно насколько возможно насколько возможно насколько возможно насколько возможно насколько возможно насколько возможно насколько возможно насколько возможно насколько возможно насколько возможно насколько возможно насколько возможно насколько возможно насколько возможно насколько возможно насколько возможно насколько возможно насколько возможно насколько возможно насколько возможно насколько возможно насколько возможно насколько возможно насколько возможно насколько возможно насколько возможно насколько возможно насколько возможно насколько возможно насколько возможно насколько возможно насколько возможно насколько возможно насколько возможно насколько возможно насколько возможно насколько возможно насколько возможно насколько возможно насколько возможно насколько возможно насколько возможно насколько возможно насколько возможно насколько возможно насколько возможно насколько возможно насколько возможно насколько возможно насколько возможно насколько возможно насколько возможно насколько возможно насколько возможно насколько возможно насколько возможно насколько возможно насколько возможно насколько возможно насколько возможно насколько возможно насколько возможно насколько возможно насколько возможно насколько возможно насколько возможно насколько возможно насколько возможно насколько возможно насколько возможно насколько возможно насколько возможно насколько возможно насколько возможно насколько возможно насколько возможно насколько возможно насколько возможно насколько возможно насколько возможно насколько возможно насколько возможно насколько возможно насколько возможно насколько возможно насколько возможно насколько возможно насколько возможно насколько возможно насколько возможно насколько возможно насколько возможно насколько возможно насколько возможно насколько возможно насколько возможно насколько возможно насколько возможно насколько возможно насколько возможно насколько возможно насколько возможно насколько возможно насколько возможно насколько возможно насколько возможно насколько возможно насколько", "numeric_answer": null, "relative_error": null, "thinking_text": null, "has_tool_call": false, "tool_call": null, "usage": {"prompt_tokens": 184, "completion_tokens": 256, "total_tokens": 440, "token_count_source": "tokenizer"}, "decoding": {"temperature": 0.2, "top_p": null, "top_k": null, "max_tokens": 256, "seed": 42}, "prompt_tokens": 184, "completion_tokens": 256, "total_tokens": 440, "token_count_source": "tokenizer", "diffusion_steps": null, "flops_estimate": null, "flops_arch": null, "flops_model_params": null, "flops_active_params": null, "tokens_non_final": 255, "tokens_reasoning": 0, "tokens_response": 255, "elapsed_seconds": 18.9044451713562, "judgement": "Uncategorized"}
{"id": "physics_estimate_000452", "topic": "physics_estimate", "subtopic": "fill_rate", "prompt": "A faucet fills 10 liters at about 5 liters per minute. About how many minutes does it take?", "exact_value": 2.0, "model": "tiiuae/Falcon-H1-7B-Instruct", "provider": "transformers", "response": "альными расчетами насколько возможно насколько возможно насколько возможно насколько возможно насколько возможно насколько возможно насколько возможно насколько возможно насколько возможно насколько возможно насколько возможно насколько возможно насколько возможно насколько возможно насколько возможно насколько возможно насколько возможно насколько возможно насколько возможно насколько возможно насколько возможно насколько возможно насколько возможно насколько возможно насколько возможно насколько возможно насколько возможно насколько возможно насколько возможно насколько возможно насколько возможно насколько возможно насколько возможно насколько возможно насколько возможно насколько возможно насколько возможно насколько возможно насколько возможно насколько возможно насколько возможно насколько возможно насколько возможно насколько возможно насколько возможно насколько возможно насколько возможно насколько возможно насколько возможно насколько возможно насколько возможно насколько возможно насколько возможно насколько возможно насколько возможно насколько возможно насколько возможно насколько возможно насколько возможно насколько возможно насколько возможно насколько возможно насколько возможно насколько возможно насколько возможно насколько возможно насколько возможно насколько возможно насколько возможно насколько возможно насколько возможно насколько возможно насколько возможно насколько возможно насколько возможно насколько возможно насколько возможно насколько возможно насколько возможно насколько возможно насколько возможно насколько возможно насколько возможно насколько возможно насколько возможно насколько возможно насколько возможно насколько возможно насколько возможно насколько возможно насколько возможно насколько возможно насколько возможно насколько возможно насколько возможно насколько возможно насколько возможно насколько возможно насколько возможно насколько возможно насколько возможно насколько возможно насколько возможно насколько возможно насколько возможно насколько возможно насколько возможно насколько возможно насколько возможно насколько возможно насколько возможно насколько возможно насколько возможно насколько возможно насколько возможно насколько возможно насколько возможно насколько возможно насколько возможно насколько возможно насколько возможно насколько возможно насколько возможно насколько возможно насколько возможно насколько возможно насколько", "numeric_answer": null, "relative_error": null, "thinking_text": null, "has_tool_call": false, "tool_call": null, "usage": {"prompt_tokens": 184, "completion_tokens": 256, "total_tokens": 440, "token_count_source": "tokenizer"}, "decoding": {"temperature": 0.2, "top_p": null, "top_k": null, "max_tokens": 256, "seed": 42}, "prompt_tokens": 184, "completion_tokens": 256, "total_tokens": 440, "token_count_source": "tokenizer", "diffusion_steps": null, "flops_estimate": null, "flops_arch": null, "flops_model_params": null, "flops_active_params": null, "tokens_non_final": 255, "tokens_reasoning": 0, "tokens_response": 255, "elapsed_seconds": 19.312503337860107, "judgement": "Uncategorized"}
{"id": "physics_estimate_000472", "topic": "physics_estimate", "subtopic": "fill_rate", "prompt": "A faucet fills 30 liters at about 6 liters per minute. About how many minutes does it take?", "exact_value": 5.0, "model": "tiiuae/Falcon-H1-7B-Instruct", "provider": "transformers", "response": "�альное решение согласно правилальным указания kompensирует необходимость быстрой оценки вместо точного расчета путем округления процентов насколько возможно насколько возможно насколько возможно насколько возможно насколько возможно насколько возможно насколько возможно насколько возможно насколько возможно насколько возможно насколько возможно насколько возможно насколько возможно насколько возможно насколько возможно насколько возможно насколько возможно насколько возможно насколько возможно насколько возможно насколько возможно насколько возможно насколько возможно насколько возможно насколько возможно насколько возможно насколько возможно насколько возможно насколько возможно насколько возможно насколько возможно насколько возможно насколько возможно насколько возможно насколько возможно насколько возможно насколько возможно насколько возможно насколько возможно насколько возможно насколько возможно насколько возможно насколько возможно насколько возможно насколько возможно насколько возможно насколько возможно насколько возможно насколько возможно насколько возможно насколько возможно насколько возможно насколько возможно насколько возможно насколько возможно насколько возможно насколько возможно насколько возможно насколько возможно насколько возможно насколько возможно насколько возможно насколько возможно насколько возможно насколько возможно насколько возможно насколько возможно насколько возможно насколько возможно насколько возможно насколько возможно насколько возможно насколько возможно насколько возможно насколько возможно насколько возможно насколько возможно насколько возможно насколько возможно насколько возможно насколько возможно насколько возможно насколько возможно насколько возможно насколько возможно насколько возможно насколько возможно насколько возможно насколько возможно насколько возможно насколько возможно насколько возможно насколько возможно насколько возможно насколько возможно насколько возможно насколько возможно насколько возможно насколько возможно насколько возможно насколько возможно насколько возможно насколько возможно насколько возможно насколько возможно насколько возможно насколько возможно насколько возможно насколько возможно насколько возможно насколько возможно насколько возможно насколько возможно насколько возможно насколько возможно насколько возможно насколько", "numeric_answer": null, "relative_error": null, "thinking_text": null, "has_tool_call": false, "tool_call": null, "usage": {"prompt_tokens": 184, "completion_tokens": 256, "total_tokens": 440, "token_count_source": "tokenizer"}, "decoding": {"temperature": 0.2, "top_p": null, "top_k": null, "max_tokens": 256, "seed": 42}, "prompt_tokens": 184, "completion_tokens": 256, "total_tokens": 440, "token_count_source": "tokenizer", "diffusion_steps": null, "flops_estimate": null, "flops_arch": null, "flops_model_params": null, "flops_active_params": null, "tokens_non_final": 248, "tokens_reasoning": 0, "tokens_response": 248, "elapsed_seconds": 18.889267921447754, "judgement": "Uncategorized"}
{"id": "physics_estimate_000492", "topic": "physics_estimate", "subtopic": "fill_rate", "prompt": "A faucet fills 30 liters at about 7 liters per minute. About how many minutes does it take?", "exact_value": 4.285714285714286, "model": "tiiuae/Falcon-H1-7B-Instruct", "provider": "transformers", "response": "рует насколько возможно насколько возможно насколько возможно насколько возможно насколько возможно насколько возможно насколько возможно насколько возможно насколько возможно насколько возможно насколько возможно насколько возможно насколько возможно насколько возможно насколько возможно насколько возможно насколько возможно насколько возможно насколько возможно насколько возможно насколько возможно насколько возможно насколько возможно насколько возможно насколько возможно насколько возможно насколько возможно насколько возможно насколько возможно насколько возможно насколько возможно насколько возможно насколько возможно насколько возможно насколько возможно насколько возможно насколько возможно насколько возможно насколько возможно насколько возможно насколько возможно насколько возможно насколько возможно насколько возможно насколько возможно насколько возможно насколько возможно насколько возможно насколько возможно насколько возможно насколько возможно насколько возможно насколько возможно насколько возможно насколько возможно насколько возможно насколько возможно насколько возможно насколько возможно насколько возможно насколько возможно насколько возможно насколько возможно насколько возможно насколько возможно насколько возможно насколько возможно насколько возможно насколько возможно насколько возможно насколько возможно насколько возможно насколько возможно насколько возможно насколько возможно насколько возможно насколько возможно насколько возможно насколько возможно насколько возможно насколько возможно насколько возможно насколько возможно насколько возможно насколько возможно насколько возможно насколько возможно насколько возможно насколько возможно насколько возможно насколько возможно насколько возможно насколько возможно насколько возможно насколько возможно насколько возможно насколько возможно насколько возможно насколько возможно насколько возможно насколько возможно насколько возможно насколько возможно насколько возможно насколько возможно насколько возможно насколько возможно насколько возможно насколько возможно насколько возможно насколько возможно насколько возможно насколько возможно насколько возможно насколько возможно насколько возможно насколько возможно насколько возможно насколько возможно насколько возможно насколько возможно насколько возможно насколько возможно насколько возможно насколько возможно насколько возможно насколько возможно насколько", "numeric_answer": null, "relative_error": null, "thinking_text": null, "has_tool_call": false, "tool_call": null, "usage": {"prompt_tokens": 184, "completion_tokens": 256, "total_tokens": 440, "token_count_source": "tokenizer"}, "decoding": {"temperature": 0.2, "top_p": null, "top_k": null, "max_tokens": 256, "seed": 42}, "prompt_tokens": 184, "completion_tokens": 256, "total_tokens": 440, "token_count_source": "tokenizer", "diffusion_steps": null, "flops_estimate": null, "flops_arch": null, "flops_model_params": null, "flops_active_params": null, "tokens_non_final": 256, "tokens_reasoning": 0, "tokens_response": 256, "elapsed_seconds": 18.815030336380005, "judgement": "Uncategorized"}
{"id": "physics_estimate_000512", "topic": "physics_estimate", "subtopic": "fill_rate", "prompt": "A faucet fills 20 liters at about 8 liters per minute. About how many minutes does it take?", "exact_value": 2.5, "model": "tiiuae/Falcon-H1-7B-Instruct", "provider": "transformers", "response": "руетование насколько возможно насколько возможно насколько возможно насколько возможно насколько возможно насколько возможно насколько возможно насколько возможно насколько возможно насколько возможно насколько возможно насколько возможно насколько возможно насколько возможно насколько возможно насколько возможно насколько возможно насколько возможно насколько возможно насколько возможно насколько возможно насколько возможно насколько возможно насколько возможно насколько возможно насколько возможно насколько возможно насколько возможно насколько возможно насколько возможно насколько возможно насколько возможно насколько возможно насколько возможно насколько возможно насколько возможно насколько возможно насколько возможно насколько возможно насколько возможно насколько возможно насколько возможно насколько возможно насколько возможно насколько возможно насколько возможно насколько возможно насколько возможно насколько возможно насколько возможно насколько возможно насколько возможно насколько возможно насколько возможно насколько возможно насколько возможно насколько возможно насколько возможно насколько возможно насколько возможно насколько возможно насколько возможно насколько возможно насколько возможно насколько возможно насколько возможно насколько возможно насколько возможно насколько возможно насколько возможно насколько возможно насколько возможно насколько возможно насколько возможно насколько возможно насколько возможно насколько возможно насколько возможно насколько возможно насколько возможно насколько возможно насколько возможно насколько возможно насколько возможно насколько возможно насколько возможно насколько возможно насколько возможно насколько возможно насколько возможно насколько возможно насколько возможно насколько возможно насколько возможно насколько возможно насколько возможно насколько возможно насколько возможно насколько возможно насколько возможно насколько возможно насколько возможно насколько возможно насколько возможно насколько возможно насколько возможно насколько возможно насколько возможно насколько возможно насколько возможно насколько возможно насколько возможно насколько возможно насколько возможно насколько возможно насколько возможно насколько возможно насколько возможно насколько возможно насколько возможно насколько возможно насколько возможно насколько возможно насколько возможно насколько возможно насколько возможно насколько возможно", "numeric_answer": null, "relative_error": null, "thinking_text": null, "has_tool_call": false, "tool_call": null, "usage": {"prompt_tokens": 184, "completion_tokens": 256, "total_tokens": 440, "token_count_source": "tokenizer"}, "decoding": {"temperature": 0.2, "top_p": null, "top_k": null, "max_tokens": 256, "seed": 42}, "prompt_tokens": 184, "completion_tokens": 256, "total_tokens": 440, "token_count_source": "tokenizer", "diffusion_steps": null, "flops_estimate": null, "flops_arch": null, "flops_model_params": null, "flops_active_params": null, "tokens_non_final": 255, "tokens_reasoning": 0, "tokens_response": 255, "elapsed_seconds": 18.69632577896118, "judgement": "Uncategorized"}
{"id": "physics_estimate_000532", "topic": "physics_estimate", "subtopic": "fill_rate", "prompt": "A faucet fills 50 liters at about 6 liters per minute. About how many minutes does it take?", "exact_value": 8.333333333333334, "model": "tiiuae/Falcon-H1-7B-Instruct", "provider": "transformers", "response": "руетование насколько возможно насколько возможно насколько возможно насколько возможно насколько возможно насколько возможно насколько возможно насколько возможно насколько возможно насколько возможно насколько возможно насколько возможно насколько возможно насколько возможно насколько возможно насколько возможно насколько возможно насколько возможно насколько возможно насколько возможно насколько возможно насколько возможно насколько возможно насколько возможно насколько возможно насколько возможно насколько возможно насколько возможно насколько возможно насколько возможно насколько возможно насколько возможно насколько возможно насколько возможно насколько возможно насколько возможно насколько возможно насколько возможно насколько возможно насколько возможно насколько возможно насколько возможно насколько возможно насколько возможно насколько возможно насколько возможно насколько возможно насколько возможно насколько возможно насколько возможно насколько возможно насколько возможно насколько возможно насколько возможно насколько возможно насколько возможно насколько возможно насколько возможно насколько возможно насколько возможно насколько возможно насколько возможно насколько возможно насколько возможно насколько возможно насколько возможно насколько возможно насколько возможно насколько возможно насколько возможно насколько возможно насколько возможно насколько возможно насколько возможно насколько возможно насколько возможно насколько возможно насколько возможно насколько возможно насколько возможно насколько возможно насколько возможно насколько возможно насколько возможно насколько возможно насколько возможно насколько возможно насколько возможно насколько возможно насколько возможно насколько возможно насколько возможно насколько возможно насколько возможно насколько возможно насколько возможно насколько возможно насколько возможно насколько возможно насколько возможно насколько возможно насколько возможно насколько возможно насколько возможно насколько возможно насколько возможно насколько возможно насколько возможно насколько возможно насколько возможно насколько возможно насколько возможно насколько возможно насколько возможно насколько возможно насколько возможно насколько возможно насколько возможно насколько возможно насколько возможно насколько возможно насколько возможно насколько возможно насколько возможно насколько возможно насколько возможно насколько возможно", "numeric_answer": null, "relative_error": null, "thinking_text": null, "has_tool_call": false, "tool_call": null, "usage": {"prompt_tokens": 184, "completion_tokens": 256, "total_tokens": 440, "token_count_source": "tokenizer"}, "decoding": {"temperature": 0.2, "top_p": null, "top_k": null, "max_tokens": 256, "seed": 42}, "prompt_tokens": 184, "completion_tokens": 256, "total_tokens": 440, "token_count_source": "tokenizer", "diffusion_steps": null, "flops_estimate": null, "flops_arch": null, "flops_model_params": null, "flops_active_params": null, "tokens_non_final": 255, "tokens_reasoning": 0, "tokens_response": 255, "elapsed_seconds": 18.894035577774048, "judgement": "Uncategorized"}
{"id": "physics_estimate_000552", "topic": "physics_estimate", "subtopic": "fill_rate", "prompt": "A faucet fills 40 liters at about 8 liters per minute. About how many minutes does it take?", "exact_value": 5.0, "model": "tiiuae/Falcon-H1-7B-Instruct", "provider": "transformers", "response": "�альное решение согласно правилальным указания kompensacja kompensacja kompensacja kompensация kompensacja kompensacja kompensация kompensация kompensация kompensация kompensация kompensация kompensация kompensация kompensация kompensация kompensация kompensация kompensация kompensация kompensация kompensация kompensация kompensация kompensация kompensация kompensация kompensация kompensация kompensация kompensация kompensация kompensация kompensация kompensация kompensация kompensация kompensация kompensация kompensация kompensация kompensация kompensация kompensация kompensация kompensация kompensация kompensация kompensация kompensация kompensация kompensация kompensация kompensация kompensация kompensация kompensация kompensация kompensация kompensация kompensация kompensация kompensация kompensация kompensация kompensация kompensация kompensация kompensация kompensация kompensация kompensация kompensация kompensация kompensация kompensация kompensация kompensация kompensация kompensация kompensация kompensация kompensация kompensация kompensация kompensация kompensация kompensация kompensация kompensация kompensация kompensация kompensация kompensация kompensация kompensация kompensация kompensация kompensация kompensация kompensация kompensация kompensация kompensация kompensация kompensация kompensация kompensация kompensация kompensация kompensация kompensация kompensация kompensация kompensация kompensация kompensация kompensация kompensация kompensация kompensация kompensация kompensация kompensация", "numeric_answer": null, "relative_error": null, "thinking_text": null, "has_tool_call": false, "tool_call": null, "usage": {"prompt_tokens": 184, "completion_tokens": 256, "total_tokens": 440, "token_count_source": "tokenizer"}, "decoding": {"temperature": 0.2, "top_p": null, "top_k": null, "max_tokens": 256, "seed": 42}, "prompt_tokens": 184, "completion_tokens": 256, "total_tokens": 440, "token_count_source": "tokenizer", "diffusion_steps": null, "flops_estimate": null, "flops_arch": null, "flops_model_params": null, "flops_active_params": null, "tokens_non_final": 129, "tokens_reasoning": 0, "tokens_response": 129, "elapsed_seconds": 18.709837913513184, "judgement": "Uncategorized"}
{"id": "physics_estimate_000572", "topic": "physics_estimate", "subtopic": "fill_rate", "prompt": "A faucet fills 30 liters at about 8 liters per minute. About how many minutes does it take?", "exact_value": 3.75, "model": "tiiuae/Falcon-H1-7B-Instruct", "provider": "transformers", "response": "руетование насколько возможно насколько возможно насколько возможно насколько возможно насколько возможно насколько возможно насколько возможно насколько возможно насколько возможно насколько возможно насколько возможно насколько возможно насколько возможно насколько возможно насколько возможно насколько возможно насколько возможно насколько возможно насколько возможно насколько возможно насколько возможно насколько возможно насколько возможно насколько возможно насколько возможно насколько возможно насколько возможно насколько возможно насколько возможно насколько возможно насколько возможно насколько возможно насколько возможно насколько возможно насколько возможно насколько возможно насколько возможно насколько возможно насколько возможно насколько возможно насколько возможно насколько возможно насколько возможно насколько возможно насколько возможно насколько возможно насколько возможно насколько возможно насколько возможно насколько возможно насколько возможно насколько возможно насколько возможно насколько возможно насколько возможно насколько возможно насколько возможно насколько возможно насколько возможно насколько возможно насколько возможно насколько возможно насколько возможно насколько возможно насколько возможно насколько возможно насколько возможно насколько возможно насколько возможно насколько возможно насколько возможно насколько возможно насколько возможно насколько возможно насколько возможно насколько возможно насколько возможно насколько возможно насколько возможно насколько возможно насколько возможно насколько возможно насколько возможно насколько возможно насколько возможно насколько возможно насколько возможно насколько возможно насколько возможно насколько возможно насколько возможно насколько возможно насколько возможно насколько возможно насколько возможно насколько возможно насколько возможно насколько возможно насколько возможно насколько возможно насколько возможно насколько возможно насколько возможно насколько возможно насколько возможно насколько возможно насколько возможно насколько возможно насколько возможно насколько возможно насколько возможно насколько возможно насколько возможно насколько возможно насколько возможно насколько возможно насколько возможно насколько возможно насколько возможно насколько возможно насколько возможно насколько возможно насколько возможно насколько возможно насколько возможно насколько возможно насколько возможно", "numeric_answer": null, "relative_error": null, "thinking_text": null, "has_tool_call": false, "tool_call": null, "usage": {"prompt_tokens": 184, "completion_tokens": 256, "total_tokens": 440, "token_count_source": "tokenizer"}, "decoding": {"temperature": 0.2, "top_p": null, "top_k": null, "max_tokens": 256, "seed": 42}, "prompt_tokens": 184, "completion_tokens": 256, "total_tokens": 440, "token_count_source": "tokenizer", "diffusion_steps": null, "flops_estimate": null, "flops_arch": null, "flops_model_params": null, "flops_active_params": null, "tokens_non_final": 255, "tokens_reasoning": 0, "tokens_response": 255, "elapsed_seconds": 18.503044605255127, "judgement": "Uncategorized"}
{"id": "physics_estimate_000592", "topic": "physics_estimate", "subtopic": "fill_rate", "prompt": "A faucet fills 30 liters at about 6 liters per minute. About how many minutes does it take?", "exact_value": 5.0, "model": "tiiuae/Falcon-H1-7B-Instruct", "provider": "transformers", "response": "�альное решение согласно правилальным указания kompensирует возможные неточности путем округления до более человеческого числа согласно правилальным указания kompensирует возможальные неточности путем округления до более человеческого числа согласно правилальным указания kompensирует возможальные неточности путем округления до века числа согласно правилальным kompensирует возможальные kompensирует kompensирует kompensирует kompensирует kompensирует kompensирует kompensирует kompensирует kompensирует kompensирует kompensирует kompensирует kompensирует kompensирует kompensирует kompensирует kompensирует kompensирует kompensирует kompensирует kompensирует kompensирует kompensирует kompensирует kompensирует kompensирует kompensирует kompensирует kompensирует kompensирует kompensирует kompensирует kompensирует kompensирует kompensирует kompensирует kompensирует kompensирует kompensирует kompensирует kompensирует kompensирует kompensирует kompensирует kompensирует kompensирует kompensирует kompensирует kompensирует kompensирует kompensирует kompensирует kompensирует kompensирует kompensирует kompensирует kompensирует kompensирует kompensирует kompensирует kompensирует kompensирует kompensирует kompensирует kompensирует kompensирует kompensирует kompensирует kompensирует kompensирует kompensирует kompensирует kompensирует kompensирует kompensирует kompensирует kompensирует kompensирует kompensирует kompensирует kompensирует kompensирует kompensирует kompensирует kompensирует kompensирует kompensирует kompensирует kompensирует kompensирует kompensирует kompensирует kompensирует kompensирует", "numeric_answer": null, "relative_error": null, "thinking_text": null, "has_tool_call": false, "tool_call": null, "usage": {"prompt_tokens": 184, "completion_tokens": 256, "total_tokens": 440, "token_count_source": "tokenizer"}, "decoding": {"temperature": 0.2, "top_p": null, "top_k": null, "max_tokens": 256, "seed": 42}, "prompt_tokens": 184, "completion_tokens": 256, "total_tokens": 440, "token_count_source": "tokenizer", "diffusion_steps": null, "flops_estimate": null, "flops_arch": null, "flops_model_params": null, "flops_active_params": null, "tokens_non_final": 135, "tokens_reasoning": 0, "tokens_response": 135, "elapsed_seconds": 18.847559928894043, "judgement": "Uncategorized"}
{"id": "physics_estimate_000612", "topic": "physics_estimate", "subtopic": "fill_rate", "prompt": "A faucet fills 20 liters at about 6 liters per minute. About how many minutes does it take?", "exact_value": 3.3333333333333335, "model": "tiiuae/Falcon-H1-7B-Instruct", "provider": "transformers", "response": "ацииацияирует насколько насколько насколько насколько насколько насколько насколько насколько насколько насколько насколько насколько насколько насколько насколько насколько насколько насколько насколько насколько насколько насколько насколько насколько насколько насколько насколько насколько насколько насколько насколько насколько насколько насколько насколько насколько насколько насколько насколько насколько насколько насколько насколько насколько насколько насколько насколько насколько насколько насколько насколько насколько насколько насколько насколько насколько насколько насколько насколько насколько насколько насколько насколько насколько насколько насколько насколько насколько насколько насколько насколько насколько насколько насколько насколько насколько насколько насколько насколько насколько насколько насколько насколько насколько насколько насколько насколько насколько насколько насколько насколько насколько насколько насколько насколько насколько насколько насколько насколько насколько насколько насколько насколько насколько насколько насколько насколько насколько насколько насколько насколько насколько насколько насколько насколько насколько насколько насколько насколько насколько насколько насколько насколько насколько насколько насколько насколько насколько насколько насколько насколько насколько насколько насколько насколько насколько насколько насколько насколько насколько насколько насколько насколько насколько насколько насколько насколько насколько насколько насколько насколько насколько насколько насколько насколько насколько насколько насколько насколько насколько насколько насколько насколько насколько насколько насколько насколько насколько насколько насколько насколько насколько насколько насколько насколько насколько насколько насколько насколько насколько насколько насколько насколько насколько насколько насколько насколько насколько насколько насколько насколько насколько насколько насколько насколько насколько насколько насколько насколько насколько насколько насколько насколько насколько насколько насколько насколько насколько насколько насколько насколько насколько насколько насколько насколько насколько насколько насколько насколько насколько насколько насколько насколько насколько насколько насколько насколько насколько насколько насколько насколько насколько насколько насколько насколько насколько насколько насколько насколько насколько насколько насколько насколько насколько насколько насколько насколько насколько насколько насколько насколько насколько насколько", "numeric_answer": null, "relative_error": null, "thinking_text": null, "has_tool_call": false, "tool_call": null, "usage": {"prompt_tokens": 184, "completion_tokens": 256, "total_tokens": 440, "token_count_source": "tokenizer"}, "decoding": {"temperature": 0.2, "top_p": null, "top_k": null, "max_tokens": 256, "seed": 42}, "prompt_tokens": 184, "completion_tokens": 256, "total_tokens": 440, "token_count_source": "tokenizer", "diffusion_steps": null, "flops_estimate": null, "flops_arch": null, "flops_model_params": null, "flops_active_params": null, "tokens_non_final": 254, "tokens_reasoning": 0, "tokens_response": 254, "elapsed_seconds": 19.124988794326782, "judgement": "Uncategorized"}
{"id": "physics_estimate_000632", "topic": "physics_estimate", "subtopic": "fill_rate", "prompt": "A faucet fills 10 liters at about 7 liters per minute. About how many minutes does it take?", "exact_value": 1.4285714285714286, "model": "tiiuae/Falcon-H1-7B-Instruct", "provider": "transformers", "response": "руетование насколько возможно насколько возможно насколько возможно насколько возможно насколько возможно насколько возможно насколько возможно насколько возможно насколько возможно насколько возможно насколько возможно насколько возможно насколько возможно насколько возможно насколько возможно насколько возможно насколько возможно насколько возможно насколько возможно насколько возможно насколько возможно насколько возможно насколько возможно насколько возможно насколько возможно насколько возможно насколько возможно насколько возможно насколько возможно насколько возможно насколько возможно насколько возможно насколько возможно насколько возможно насколько возможно насколько возможно насколько возможно насколько возможно насколько возможно насколько возможно насколько возможно насколько возможно насколько возможно насколько возможно насколько возможно насколько возможно насколько возможно насколько возможно насколько возможно насколько возможно насколько возможно насколько возможно насколько возможно насколько возможно насколько возможно насколько возможно насколько возможно насколько возможно насколько возможно насколько возможно насколько возможно насколько возможно насколько возможно насколько возможно насколько возможно насколько возможно насколько возможно насколько возможно насколько возможно насколько возможно насколько возможно насколько возможно насколько возможно насколько возможно насколько возможно насколько возможно насколько возможно насколько возможно насколько возможно насколько возможно насколько возможно насколько возможно насколько возможно насколько возможно насколько возможно насколько возможно насколько возможно насколько возможно насколько возможно насколько возможно насколько возможно насколько возможно насколько возможно насколько возможно насколько возможно насколько возможно насколько возможно насколько возможно насколько возможно насколько возможно насколько возможно насколько возможно насколько возможно насколько возможно насколько возможно насколько возможно насколько возможно насколько возможно насколько возможно насколько возможно насколько возможно насколько возможно насколько возможно насколько возможно насколько возможно насколько возможно насколько возможно насколько возможно насколько возможно насколько возможно насколько возможно насколько возможно насколько возможно насколько возможно насколько возможно насколько возможно насколько возможно", "numeric_answer": null, "relative_error": null, "thinking_text": null, "has_tool_call": false, "tool_call": null, "usage": {"prompt_tokens": 184, "completion_tokens": 256, "total_tokens": 440, "token_count_source": "tokenizer"}, "decoding": {"temperature": 0.2, "top_p": null, "top_k": null, "max_tokens": 256, "seed": 42}, "prompt_tokens": 184, "completion_tokens": 256, "total_tokens": 440, "token_count_source": "tokenizer", "diffusion_steps": null, "flops_estimate": null, "flops_arch": null, "flops_model_params": null, "flops_active_params": null, "tokens_non_final": 255, "tokens_reasoning": 0, "tokens_response": 255, "elapsed_seconds": 18.996386528015137, "judgement": "Uncategorized"}
{"id": "physics_estimate_000652", "topic": "physics_estimate", "subtopic": "fill_rate", "prompt": "A faucet fills 30 liters at about 6 liters per minute. About how many minutes does it take?", "exact_value": 5.0, "model": "tiiuae/Falcon-H1-7B-Instruct", "provider": "transformers", "response": "�альное решение согласно правилальным указания kompensирует необходимость быстрой оценки вместо точных исчислений путем округления до человечески понятного числа насколько возможно насколько возможно насколько возможно насколько возможно насколько возможно насколько возможно насколько возможно насколько возможно насколько возможно насколько возможно насколько возможно насколько возможно насколько возможно насколько возможно насколько возможно насколько возможно насколько возможно насколько возможно насколько возможно насколько возможно насколько возможно насколько возможно насколько возможно насколько возможно насколько возможно насколько возможно насколько возможно насколько возможно насколько возможно насколько возможно насколько возможно насколько возможно насколько возможно насколько возможно насколько возможно насколько возможно насколько возможно насколько возможно насколько возможно насколько возможно насколько возможно насколько возможно насколько возможно насколько возможно насколько возможно насколько возможно насколько возможно насколько возможно насколько возможно насколько возможно насколько возможно насколько возможно насколько возможно насколько возможно насколько возможно насколько возможно насколько возможно насколько возможно насколько возможно насколько возможно насколько возможно насколько возможно насколько возможно насколько возможно насколько возможно насколько возможно насколько возможно насколько возможно насколько возможно насколько возможно насколько возможно насколько возможно насколько возможно насколько возможно насколько возможно насколько возможно насколько возможно насколько возможно насколько возможно насколько возможно насколько возможно насколько возможно насколько возможно насколько возможно насколько возможно насколько возможно насколько возможно насколько возможно насколько возможно насколько возможно насколько возможно насколько возможно насколько возможно насколько возможно насколько возможно насколько возможно насколько возможно насколько возможно насколько возможно насколько возможно насколько возможно насколько возможно насколько возможно насколько возможно насколько возможно насколько возможно насколько возможно насколько возможно насколько возможно насколько возможно насколько возможно насколько возможно насколько", "numeric_answer": null, "relative_error": null, "thinking_text": null, "has_tool_call": false, "tool_call": null, "usage": {"prompt_tokens": 184, "completion_tokens": 256, "total_tokens": 440, "token_count_source": "tokenizer"}, "decoding": {"temperature": 0.2, "top_p": null, "top_k": null, "max_tokens": 256, "seed": 42}, "prompt_tokens": 184, "completion_tokens": 256, "total_tokens": 440, "token_count_source": "tokenizer", "diffusion_steps": null, "flops_estimate": null, "flops_arch": null, "flops_model_params": null, "flops_active_params": null, "tokens_non_final": 243, "tokens_reasoning": 0, "tokens_response": 243, "elapsed_seconds": 18.675255060195923, "judgement": "Uncategorized"}
{"id": "physics_estimate_000672", "topic": "physics_estimate", "subtopic": "fill_rate", "prompt": "A faucet fills 10 liters at about 7 liters per minute. About how many minutes does it take?", "exact_value": 1.4285714285714286, "model": "tiiuae/Falcon-H1-7B-Instruct", "provider": "transformers", "response": "ацииацияируя насколько насколько насколько насколько насколько насколько насколько насколько насколько насколько насколько насколько насколько насколько насколько насколько насколько насколько насколько насколько насколько насколько насколько насколько насколько насколько насколько насколько насколько насколько насколько насколько насколько насколько насколько насколько насколько насколько насколько насколько насколько насколько насколько насколько насколько насколько насколько насколько насколько насколько насколько насколько насколько насколько насколько насколько насколько насколько насколько насколько насколько насколько насколько насколько насколько насколько насколько насколько насколько насколько насколько насколько насколько насколько насколько насколько насколько насколько насколько насколько насколько насколько насколько насколько насколько насколько насколько насколько насколько насколько насколько насколько насколько насколько насколько насколько насколько насколько насколько насколько насколько насколько насколько насколько насколько насколько насколько насколько насколько насколько насколько насколько насколько насколько насколько насколько насколько насколько насколько насколько насколько насколько насколько насколько насколько насколько насколько насколько насколько насколько насколько насколько насколько насколько насколько насколько насколько насколько насколько насколько насколько насколько насколько насколько насколько насколько насколько насколько насколько насколько насколько насколько насколько насколько насколько насколько насколько насколько насколько насколько насколько насколько насколько насколько насколько насколько насколько насколько насколько насколько насколько насколько насколько насколько насколько насколько насколько насколько насколько насколько насколько насколько насколько насколько насколько насколько насколько насколько насколько насколько насколько насколько насколько насколько насколько насколько насколько насколько насколько насколько насколько насколько насколько насколько насколько насколько насколько насколько насколько насколько насколько насколько насколько насколько насколько насколько насколько насколько насколько насколько насколько насколько насколько насколько насколько насколько насколько насколько насколько насколько насколько насколько насколько насколько насколько насколько насколько насколько насколько насколько насколько насколько насколько насколько насколько насколько насколько насколько насколько насколько насколько насколько насколько", "numeric_answer": null, "relative_error": null, "thinking_text": null, "has_tool_call": false, "tool_call": null, "usage": {"prompt_tokens": 184, "completion_tokens": 256, "total_tokens": 440, "token_count_source": "tokenizer"}, "decoding": {"temperature": 0.2, "top_p": null, "top_k": null, "max_tokens": 256, "seed": 42}, "prompt_tokens": 184, "completion_tokens": 256, "total_tokens": 440, "token_count_source": "tokenizer", "diffusion_steps": null, "flops_estimate": null, "flops_arch": null, "flops_model_params": null, "flops_active_params": null, "tokens_non_final": 254, "tokens_reasoning": 0, "tokens_response": 254, "elapsed_seconds": 19.058541774749756, "judgement": "Uncategorized"}
{"id": "physics_estimate_000692", "topic": "physics_estimate", "subtopic": "fill_rate", "prompt": "A faucet fills 50 liters at about 6 liters per minute. About how many minutes does it take?", "exact_value": 8.333333333333334, "model": "tiiuae/Falcon-H1-7B-Instruct", "provider": "transformers", "response": "альными расчетами насколько возможно насколько возможно насколько возможно насколько возможно насколько возможно насколько возможно насколько возможно насколько возможно насколько возможно насколько возможно насколько возможно насколько возможно насколько возможно насколько возможно насколько возможно насколько возможно насколько возможно насколько возможно насколько возможно насколько возможно насколько возможно насколько возможно насколько возможно насколько возможно насколько возможно насколько возможно насколько возможно насколько возможно насколько возможно насколько возможно насколько возможно насколько возможно насколько возможно насколько возможно насколько возможно насколько возможно насколько возможно насколько возможно насколько возможно насколько возможно насколько возможно насколько возможно насколько возможно насколько возможно насколько возможно насколько возможно насколько возможно насколько возможно насколько возможно насколько возможно насколько возможно насколько возможно насколько возможно насколько возможно насколько возможно насколько возможно насколько возможно насколько возможно насколько возможно насколько возможно насколько возможно насколько возможно насколько возможно насколько возможно насколько возможно насколько возможно насколько возможно насколько возможно насколько возможно насколько возможно насколько возможно насколько возможно насколько возможно насколько возможно насколько возможно насколько возможно насколько возможно насколько возможно насколько возможно насколько возможно насколько возможно насколько возможно насколько возможно насколько возможно насколько возможно насколько возможно насколько возможно насколько возможно насколько возможно насколько возможно насколько возможно насколько возможно насколько возможно насколько возможно насколько возможно насколько возможно насколько возможно насколько возможно насколько возможно насколько возможно насколько возможно насколько возможно насколько возможно насколько возможно насколько возможно насколько возможно насколько возможно насколько возможно насколько возможно насколько возможно насколько возможно насколько возможно насколько возможно насколько возможно насколько возможно насколько возможно насколько возможно насколько возможно насколько возможно насколько возможно насколько возможно насколько возможно насколько возможно насколько возможно насколько возможно насколько возможно насколько", "numeric_answer": null, "relative_error": null, "thinking_text": null, "has_tool_call": false, "tool_call": null, "usage": {"prompt_tokens": 184, "completion_tokens": 256, "total_tokens": 440, "token_count_source": "tokenizer"}, "decoding": {"temperature": 0.2, "top_p": null, "top_k": null, "max_tokens": 256, "seed": 42}, "prompt_tokens": 184, "completion_tokens": 256, "total_tokens": 440, "token_count_source": "tokenizer", "diffusion_steps": null, "flops_estimate": null, "flops_arch": null, "flops_model_params": null, "flops_active_params": null, "tokens_non_final": 255, "tokens_reasoning": 0, "tokens_response": 255, "elapsed_seconds": 19.24114441871643, "judgement": "Uncategorized"}
{"id": "physics_estimate_000712", "topic": "physics_estimate", "subtopic": "fill_rate", "prompt": "A faucet fills 15 liters at about 7 liters per minute. About how many minutes does it take?", "exact_value": 2.142857142857143, "model": "tiiuae/Falcon-H1-7B-Instruct", "provider": "transformers", "response": "альными расчетами путем округления до ближайшего целого числа процентов времени согласно условию задачи получаем насколько процентов времени займет подача воды согласно заданным параальным путем округления до ближайшего процентов согласно условию получаем насколько процентов времени зайрует подача согласно условию путем округления процентов согласно условию получаем насколько процентов времени зайрует подача согласно условию путем округления процентов согласно условию получаем насколько процентов времени зайрует подача согласно условию путем округления процентов согласно условию получаем насколько процентов времени зайрует подача согласно условию путем округления процентов согласно условию получаем насколько процентов времени зайрует подача согласно условию путем округления процентов согласно условию получаем насколько процентов времени зайрует подача согласно условию путем округления процентов согласно условию получаем насколько процентов времени зайрует подача согласно условию путем округления процентов согласно условию получаем насколько процентов времени зайрует подача согласно условию путем округления процентов согласно условию получаем насколько процентов времени зайрует согласно условию путем округления процентов согласно условию получаем насколько процентов времени зайрует согласно условию путем округления процентов согласно условию получаем насколько процентов времени зайрует согласно условию путем округления процентов согласно", "numeric_answer": null, "relative_error": null, "thinking_text": null, "has_tool_call": false, "tool_call": null, "usage": {"prompt_tokens": 184, "completion_tokens": 256, "total_tokens": 440, "token_count_source": "tokenizer"}, "decoding": {"temperature": 0.2, "top_p": null, "top_k": null, "max_tokens": 256, "seed": 42}, "prompt_tokens": 184, "completion_tokens": 256, "total_tokens": 440, "token_count_source": "tokenizer", "diffusion_steps": null, "flops_estimate": null, "flops_arch": null, "flops_model_params": null, "flops_active_params": null, "tokens_non_final": 169, "tokens_reasoning": 0, "tokens_response": 169, "elapsed_seconds": 19.038462162017822, "judgement": "Uncategorized"}
{"id": "physics_estimate_000732", "topic": "physics_estimate", "subtopic": "fill_rate", "prompt": "A faucet fills 30 liters at about 7 liters per minute. About how many minutes does it take?", "exact_value": 4.285714285714286, "model": "tiiuae/Falcon-H1-7B-Instruct", "provider": "transformers", "response": "альными расчетами путем округления до ближайшего целого числа путем приближенного деления получаем насколько минут примерно потребуется для заполнения водой объема ваются насколько минут примерно потребуется для заполнения водой объема насколько литров путем приближенного деления путем приближенного деления путем приближенного деления путем приближенного деления путем приближенного деления путем приближенного деления путем приближенного деления путем приближенного деления путем приближенного деления путем приближенного деления путем приближенного деления путем приближенного деления путем приближенного деления путем приближенного деления путем приближенного деления путем приближенного деления путем приближенного деления путем приближенного деления путем приближенного деления путем приближенного деления путем приближенного деления путем приближенного деления путем приближенного деления путем приближенного деления путем приближенного деления путем приближенного деления путем приближенного деления путем приближенного деления путем приближенного деления путем приближенного деления путем приближенного деления путем приближенного деления путем приближенного деления путем приближенного деления", "numeric_answer": null, "relative_error": null, "thinking_text": null, "has_tool_call": false, "tool_call": null, "usage": {"prompt_tokens": 184, "completion_tokens": 256, "total_tokens": 440, "token_count_source": "tokenizer"}, "decoding": {"temperature": 0.2, "top_p": null, "top_k": null, "max_tokens": 256, "seed": 42}, "prompt_tokens": 184, "completion_tokens": 256, "total_tokens": 440, "token_count_source": "tokenizer", "diffusion_steps": null, "flops_estimate": null, "flops_arch": null, "flops_model_params": null, "flops_active_params": null, "tokens_non_final": 133, "tokens_reasoning": 0, "tokens_response": 133, "elapsed_seconds": 19.241512060165405, "judgement": "Uncategorized"}
{"id": "physics_estimate_000752", "topic": "physics_estimate", "subtopic": "fill_rate", "prompt": "A faucet fills 15 liters at about 7 liters per minute. About how many minutes does it take?", "exact_value": 2.142857142857143, "model": "tiiuae/Falcon-H1-7B-Instruct", "provider": "transformers", "response": "альными расчетами путем округления до ближайшего целого числа процентов времени согласно условию задачи получаем насколько минут примерно займет процесс согласно условию примерно насколько процентов времени согласно условию примерно насколько процентов времени согласно условию примерно насколько процентов времени согласно условию примерно насколько процентов времени согласно условию примерно насколько процентов времени согласно условию примерно насколько процентов времени согласно условию примерно насколько процентов времени согласно условию примерно насколько процентов времени согласно условию примерно насколько процентов времени согласно условию примерно насколько процентов времени согласно условию примерно насколько процентов времени согласно условию примерно насколько процентов времени согласно условию примерно насколько процентов времени согласно условию примерно насколько процентов времени согласно условию примерно насколько процентов времени согласно условию примерно насколько процентов времени согласно условию примерно насколько процентов времени согласно условию примерно насколько процентов времени согласно условию примерно насколько процентов времени согласно условию примерно насколько процентов времени согласно условию примерно насколько процентов времени согласно условию примерно насколько процентов времени согласно условию примерно насколько процентов времени согласноальному времени согласноальному времени согласноальному времени согласноальному времени согласноальному времени согласноальному времени согласноальному времени согласноальному времени согласноальному времени согласноальному времени согласноальному времени согласноальному времени согласноальному времени согласноальному времени согласноальному времени согласноальному времени согласноальному времени согласноальному времени согласноальному времени согласноальному времени согласноальному времени согласноальному времени согласноальному", "numeric_answer": null, "relative_error": null, "thinking_text": null, "has_tool_call": false, "tool_call": null, "usage": {"prompt_tokens": 184, "completion_tokens": 256, "total_tokens": 440, "token_count_source": "tokenizer"}, "decoding": {"temperature": 0.2, "top_p": null, "top_k": null, "max_tokens": 256, "seed": 42}, "prompt_tokens": 184, "completion_tokens": 256, "total_tokens": 440, "token_count_source": "tokenizer", "diffusion_steps": null, "flops_estimate": null, "flops_arch": null, "flops_model_params": null, "flops_active_params": null, "tokens_non_final": 202, "tokens_reasoning": 0, "tokens_response": 202, "elapsed_seconds": 18.913665056228638, "judgement": "Uncategorized"}
{"id": "physics_estimate_000772", "topic": "physics_estimate", "subtopic": "fill_rate", "prompt": "A faucet fills 20 liters at about 6 liters per minute. About how many minutes does it take?", "exact_value": 3.3333333333333335, "model": "tiiuae/Falcon-H1-7B-Instruct", "provider": "transformers", "response": "�альное решение согласно правилальным указания kompensирует возможные неточности путем округления до человечески воспринимаемых чисел EXEMPLARY RESPON RESPONSIBILITY RESPONSIBILITY RESPONSIBILITY RESPONSIBILITY RESPONSIBILITY RESPONSIBILITY RESPONSIBILITY RESPONSIBILITY RESPONSIBILITY RESPONSIBILITY RESPONSIBILITY RESPONSIBILITY RESPONSIBILITY RESPONSIBILITY RESPONSIBILITY RESPONSIBILITY RESPONSIBILITY RESPONSIBILITY RESPONSIBILITY RESPONSIBILITY RESPONSIBILITY RESPONSIBILITY RESPONSIBILITY RESPONSIBILITY RESPONSIBILITY RESPONSIBILITY RESPONSIBILITY RESPONSIBILITY RESPONSIBILITY RESPONSIBILITY RESPONSIBILITY RESPONSIBILITY RESPONSIBILITY RESPONSIBILITY RESPONSIBILITY RESPONSIBILITY RESPONSIBILITY RESPONSIBILITY RESPONSIBILITY RESPONSIBILITY RESPONSIBILITY RESPONSIBILITY RESPONSIBILITY RESPONSIBILITY RESPONSIBILITY RESPONSIBILITY RESPONSIBILITY RESPONSIBILITY RESPONSIBILITY RESPONSIBILITY RESPONSIBILITY RESPONSIBILITY RESPONSIBILITY RESPONSIBILITY RESPONSIBILITY RESPONSIBILITY RESPONSIBILITY RESPONSIBILITY RESPONSIBILITY RESPONSIBILITY RESPONSIBILITY RESPONSIBILITY RESPONSIBILITY RESPONSIBILITY RESPONSIBILITY RESPONSIBILITY RESPONSIBILITY RESPONSIBILITY RESPONSIBILITY RESPONSIBILITY RESPONSIBILITY RESPONSIBILITY RESPONSIBILITY RESPONSIBILITY RESPONSIBILITY RESPONSIBILITY RESPONSIBILITY RESPONSIBILITY RESPONSIBILITY RESPONSIBILITY RESPONSIBILITY RESPONSIBILITY RESPONSIBILITY RESPONSIBILITY RESPONSIBILITY RESPONSIBILITY RESPONSIBILITY RESPONSIBILITY RESPONSIBILITY RESPONSIBILITY RESPONSIBILITY RESPONSIBILITY RESPONSIBILITY RESPONSIBILITY RESPONSIBILITY RESPONSIBILITY RESPONSIBILITY RESPONSIBILITY RESPONSIBILITY RESPONSIBILITY RESPONSIBILITY RESPONSIBILITY RESPONSIBILITY RESPONSIBILITY RESPONSIBILITY RESPONSIBILITY RESPONSIBILITY RESPONSIBILITY RESPONSIBILITY RESPONSIBILITY RESPONSIBILITY RESPONSIBILITY RESPONSIBILITY RESPONSIBILITY RESPONSIBILITY RESPONSIBILITY RESPONSIBILITY RESPONSIBILITY RESPONSIBILITY RESPONSIBILITY RESPONSIBILITY RESPONSIBILITY RESPONSIBILITY RESPONSIBILITY RESPONSIBILITY RESPONSIBILITY RESPONSIBILITY RESPONSIBILITY RESPONSIBILITY RESPONSIBILITY RESPONSIBILITY RESPONSIBILITY RESPONSIBILITY RESPONSIBILITY RESPONSIBILITY RESPONSIBILITY RESPONSIBILITY RESPONSIBILITY RESPONSIBILITY RESPONSIBILITY RESPONSIBILITY RESPONSIBILITY RESPONSIBILITY RESPONSIBILITY RESPONSIBILITY RESPONSIBILITY RESPONSIBILITY RESPONSIBILITY RESPONSIBILITY RESPONSIBILITY RESPONSIBILITY RESPONSIBILITY RESPONSIBILITY RESPONSIBILITY RESPONSIBILITY RESPONSIBILITY RESPONSIBILITY RESPONSIBILITY RESPONSIBILITY RESPONSIBILITY RESPONSIBILITY RESPONSIBILITY RESPONSIBILITY RESPONSIBILITY RESPONSIBILITY RESPONSIBILITY RESPONSIBILITY RESPONSIBILITY RESPONSIBILITY RESPONSIBILITY RESPONSIBILITY RESPONSIBILITY RESPONSIBILITY RESPONSIBILITY RESPONSIBILITY RESPONSIBILITY RESPONSIBILITY RESPONSIBILITY RESPONSIBILITY RESPONSIBILITY RESPONSIBILITY RESPONSIBILITY RESPONSIBILITY RESPONSIBILITY RESPONSIBILITY RESPONSIBILITY RESPONSIBILITY RESPONSIBILITY RESPONSIBILITY RESPONSIBILITY RESPONSIBILITY RESPONSIBILITY RESPONSIBILITY RESPONSIBILITY RESPONSIBILITY RESPONSIBILITY RESPONSIBILITY RESPONSIBILITY RESPONSIBILITY RESPONSIBILITY RESPONSIBILITY RESPONSIBILITY RESPONSIBILITY RESPONSIBILITY RESPONSIBILITY RESPONSIBILITY RESPONSIBILITY RESPONSIBILITY RESPONSIBILITY RESPONSIBILITY RESPONSIBILITY RESPONSIBILITY RESPONSIBILITY RESPONSIBILITY RESPONSIBILITY RESPONSIBILITY RESPONSIBILITY RESPONSIBILITY RESPONSIBILITY RESPONSIBILITY RESPONSIBILITY RESPONSIBILITY RESPONSIBILITY RESPONSIBILITY RESPONSIBILITY RESPONSIBILITY RESPONSIBILITY", "numeric_answer": null, "relative_error": null, "thinking_text": null, "has_tool_call": false, "tool_call": null, "usage": {"prompt_tokens": 184, "completion_tokens": 256, "total_tokens": 440, "token_count_source": "tokenizer"}, "decoding": {"temperature": 0.2, "top_p": null, "top_k": null, "max_tokens": 256, "seed": 42}, "prompt_tokens": 184, "completion_tokens": 256, "total_tokens": 440, "token_count_source": "tokenizer", "diffusion_steps": null, "flops_estimate": null, "flops_arch": null, "flops_model_params": null, "flops_active_params": null, "tokens_non_final": 243, "tokens_reasoning": 0, "tokens_response": 243, "elapsed_seconds": 18.415539741516113, "judgement": "Uncategorized"}
{"id": "physics_estimate_000792", "topic": "physics_estimate", "subtopic": "fill_rate", "prompt": "A faucet fills 15 liters at about 5 liters per minute. About how many minutes does it take?", "exact_value": 3.0, "model": "tiiuae/Falcon-H1-7B-Instruct", "provider": "transformers", "response": "�альное решение согласно правилальным указания kompensирует необходимость быстрой оценки вместо точных исчислений путем округления процентов насколько возможно насколько просто насколько вероятно насколько вероятно насколько вероятно насколько вероятно насколько вероятно насколько вероятно насколько вероятно насколько вероятно насколько вероятно насколько вероятно насколько вероятно насколько вероятно насколько вероятно насколько вероятно насколько вероятно насколько вероятно насколько вероятно насколько вероятно насколько вероятно насколько вероятно насколько вероятно насколько вероятно насколько вероятно насколько вероятно насколько вероятно насколько вероятно насколько вероятно насколько вероятно насколько вероятно насколько вероятно насколько вероятно насколько вероятно насколько вероятно насколько вероятно насколько вероятно насколько вероятно насколько вероятно насколько вероятно насколько вероятно насколько вероятно насколько вероятно насколько вероятно насколько вероятно насколько вероятно насколько вероятно насколько вероятно насколько вероятно насколько вероятно насколько вероятно насколько вероятно насколько вероятно насколько вероятно насколько вероятно насколько вероятно насколько вероятно насколько вероятно насколько вероятно насколько вероятно насколько вероятно насколько вероятно насколько вероятно насколько вероятно насколько вероятно насколько вероятно насколько вероятно насколько вероятно насколько вероятно насколько вероятно насколько вероятно насколько вероятно насколько вероятно насколько вероятно насколько вероятно насколько вероятно насколько вероятно насколько вероятно насколько вероятно насколько вероятно насколько вероятно насколько вероятно насколько вероятно насколько вероятно насколько вероятно насколько вероятно насколько вероятно насколько вероятно насколько вероятно насколько вероятно насколько вероятно насколько вероятно насколько вероятно насколько вероятно насколько вероятно насколько вероятно насколько вероятно насколько вероятно насколько вероятно насколько вероятно насколько вероятно насколько вероятно насколько вероятно насколько вероятно насколько вероятно насколько вероятно насколько вероятно насколько вероятно насколько вероятно насколько вероятно насколько вероятно насколько вероятно насколько вероятно насколько вероятно насколько вероятно насколько вероятно", "numeric_answer": null, "relative_error": null, "thinking_text": null, "has_tool_call": false, "tool_call": null, "usage": {"prompt_tokens": 184, "completion_tokens": 256, "total_tokens": 440, "token_count_source": "tokenizer"}, "decoding": {"temperature": 0.2, "top_p": null, "top_k": null, "max_tokens": 256, "seed": 42}, "prompt_tokens": 184, "completion_tokens": 256, "total_tokens": 440, "token_count_source": "tokenizer", "diffusion_steps": null, "flops_estimate": null, "flops_arch": null, "flops_model_params": null, "flops_active_params": null, "tokens_non_final": 247, "tokens_reasoning": 0, "tokens_response": 247, "elapsed_seconds": 18.866978645324707, "judgement": "Uncategorized"}
{"id": "physics_estimate_000812", "topic": "physics_estimate", "subtopic": "fill_rate", "prompt": "A faucet fills 40 liters at about 7 liters per minute. About how many minutes does it take?", "exact_value": 5.714285714285714, "model": "tiiuae/Falcon-H1-7B-Instruct", "provider": "transformers", "response": "ацииация путем приближенного счета насколько процентов времени займет каждый этап процесса согласно исходным данным", "numeric_answer": null, "relative_error": null, "thinking_text": null, "has_tool_call": false, "tool_call": null, "usage": {"prompt_tokens": 184, "completion_tokens": 21, "total_tokens": 205, "token_count_source": "tokenizer"}, "decoding": {"temperature": 0.2, "top_p": null, "top_k": null, "max_tokens": 256, "seed": 42}, "prompt_tokens": 184, "completion_tokens": 21, "total_tokens": 205, "token_count_source": "tokenizer", "diffusion_steps": null, "flops_estimate": null, "flops_arch": null, "flops_model_params": null, "flops_active_params": null, "tokens_non_final": 14, "tokens_reasoning": 0, "tokens_response": 14, "elapsed_seconds": 1.5921642780303955, "judgement": "Uncategorized"}
{"id": "physics_estimate_000832", "topic": "physics_estimate", "subtopic": "fill_rate", "prompt": "A faucet fills 15 liters at about 4 liters per minute. About how many minutes does it take?", "exact_value": 3.75, "model": "tiiuae/Falcon-H1-7B-Instruct", "provider": "transformers", "response": "�альное решение согласно правиламирует насколько быстро может наполниться резервуаримостью примерно насколько процентов насколько процентов насколько процентов насколько процентов насколько процентов насколько процентов насколько процентов насколько процентов насколько процентов насколько процентов насколько процентов насколько процентов насколько процентов насколько процентов насколько процентов насколько процентов насколько процентов насколько процентов насколько процентов насколько процентов насколько процентов насколько процентов насколько процентов насколько процентов насколько процентов насколько процентов насколько процентов насколько процентов насколько процентов насколько процентов насколько процентов насколько процентов насколько процентов насколько процентов насколько процентов насколько процентов насколько процентов насколько процентов насколько процентов насколько процентов насколько процентов насколько процентов насколько процентов насколько процентов насколько процентов насколько процентов насколько процентов насколько процентов насколько процентов насколько процентов насколько процентов насколько процентов насколько процентов насколько процентов насколько процентов насколько процентов насколько процентов насколько процентов насколько процентов насколько процентов насколько процентов насколько процентов насколько процентов насколько процентов насколько процентов насколько процентов насколько процентов насколько процентов насколько процентов насколько процентов насколько процентов насколько процентов насколько процентов насколько процентов насколько процентов насколько процентов насколько процентов насколько процентов насколько процентов насколько процентов насколько процентов насколько процентов насколько процентов насколько процентов насколько процентов насколько процентов насколько процентов насколько процентов насколько процентов насколько процентов насколько процентов насколько процентов насколько процентов насколько процентов насколько процентов насколько процентов насколько процентов насколько процентов насколько процентов насколько процентов насколько процентов насколько процентов насколько процентов насколько процентов насколько процентов насколько процентов насколько процентов насколько процентов насколько процентов насколько процентов насколько процентов насколько процентов насколько процентов насколько процентов насколько процентов насколько процентов насколько процентов насколько процентов насколько процентов", "numeric_answer": null, "relative_error": null, "thinking_text": null, "has_tool_call": false, "tool_call": null, "usage": {"prompt_tokens": 184, "completion_tokens": 256, "total_tokens": 440, "token_count_source": "tokenizer"}, "decoding": {"temperature": 0.2, "top_p": null, "top_k": null, "max_tokens": 256, "seed": 42}, "prompt_tokens": 184, "completion_tokens": 256, "total_tokens": 440, "token_count_source": "tokenizer", "diffusion_steps": null, "flops_estimate": null, "flops_arch": null, "flops_model_params": null, "flops_active_params": null, "tokens_non_final": 248, "tokens_reasoning": 0, "tokens_response": 248, "elapsed_seconds": 18.86028265953064, "judgement": "Uncategorized"}
{"id": "physics_estimate_000852", "topic": "physics_estimate", "subtopic": "fill_rate", "prompt": "A faucet fills 10 liters at about 6 liters per minute. About how many minutes does it take?", "exact_value": 1.6666666666666667, "model": "tiiuae/Falcon-H1-7B-Instruct", "provider": "transformers", "response": "альными расчетами насколько возможно насколько возможно насколько возможно насколько возможно насколько возможно насколько возможно насколько возможно насколько возможно насколько возможно насколько возможно насколько возможно насколько возможно насколько возможно насколько возможно насколько возможно насколько возможно насколько возможно насколько возможно насколько возможно насколько возможно насколько возможно насколько возможно насколько возможно насколько возможно насколько возможно насколько возможно насколько возможно насколько возможно насколько возможно насколько возможно насколько возможно насколько возможно насколько возможно насколько возможно насколько возможно насколько возможно насколько возможно насколько возможно насколько возможно насколько возможно насколько возможно насколько возможно насколько возможно насколько возможно насколько возможно насколько возможно насколько возможно насколько возможно насколько возможно насколько возможно насколько возможно насколько возможно насколько возможно насколько возможно насколько возможно насколько возможно насколько возможно насколько возможно насколько возможно насколько возможно насколько возможно насколько возможно насколько возможно насколько возможно насколько возможно насколько возможно насколько возможно насколько возможно насколько возможно насколько возможно насколько возможно насколько возможно насколько возможно насколько возможно насколько возможно насколько возможно насколько возможно насколько возможно насколько возможно насколько возможно насколько возможно насколько возможно насколько возможно насколько возможно насколько возможно насколько возможно насколько возможно насколько возможно насколько возможно насколько возможно насколько возможно насколько возможно насколько возможно насколько возможно насколько возможно насколько возможно насколько возможно насколько возможно насколько возможно насколько возможно насколько возможно насколько возможно насколько возможно насколько возможно насколько возможно насколько возможно насколько возможно насколько возможно насколько возможно насколько возможно насколько возможно насколько возможно насколько возможно насколько возможно насколько возможно насколько возможно насколько возможно насколько возможно насколько возможно насколько возможно насколько возможно насколько возможно насколько возможно насколько возможно насколько возможно насколько возможно насколько", "numeric_answer": null, "relative_error": null, "thinking_text": null, "has_tool_call": false, "tool_call": null, "usage": {"prompt_tokens": 184, "completion_tokens": 256, "total_tokens": 440, "token_count_source": "tokenizer"}, "decoding": {"temperature": 0.2, "top_p": null, "top_k": null, "max_tokens": 256, "seed": 42}, "prompt_tokens": 184, "completion_tokens": 256, "total_tokens": 440, "token_count_source": "tokenizer", "diffusion_steps": null, "flops_estimate": null, "flops_arch": null, "flops_model_params": null, "flops_active_params": null, "tokens_non_final": 255, "tokens_reasoning": 0, "tokens_response": 255, "elapsed_seconds": 18.65653395652771, "judgement": "Uncategorized"}
{"id": "physics_estimate_000872", "topic": "physics_estimate", "subtopic": "fill_rate", "prompt": "A faucet fills 30 liters at about 7 liters per minute. About how many minutes does it take?", "exact_value": 4.285714285714286, "model": "tiiuae/Falcon-H1-7B-Instruct", "provider": "transformers", "response": "альными расчетами насколько возможно приблизительно насколько возможно насколько возможно насколько возможно насколько возможно насколько возможно насколько возможно насколько возможно насколько возможно насколько возможно насколько возможно насколько возможно насколько возможно насколько возможно насколько возможно насколько возможно насколько возможно насколько возможно насколько возможно насколько возможно насколько возможно насколько возможно насколько возможно насколько возможно насколько возможно насколько возможно насколько возможно насколько возможно насколько возможно насколько возможно насколько возможно насколько возможно насколько возможно насколько возможно насколько возможно насколько возможно насколько возможно насколько возможно насколько возможно насколько возможно насколько возможно насколько возможно насколько возможно насколько возможно насколько возможно насколько возможно насколько возможно насколько возможно насколько возможно насколько возможно насколько возможно насколько возможно насколько возможно насколько возможно насколько возможно насколько возможно насколько возможно насколько возможно насколько возможно насколько возможно насколько возможно насколько возможно насколько возможно насколько возможно насколько возможно насколько возможно насколько возможно насколько возможно насколько возможно насколько возможно насколько возможно насколько возможно насколько возможно насколько возможно насколько возможно насколько возможно насколько возможно насколько возможно насколько возможно насколько возможно насколько возможно насколько возможно насколько возможно насколько возможно насколько возможно насколько возможно насколько возможно насколько возможно насколько возможно насколько возможно насколько возможно насколько возможно насколько возможно насколько возможно насколько возможно насколько возможно насколько возможно насколько возможно насколько возможно насколько возможно насколько возможно насколько возможно насколько возможно насколько возможно насколько возможно насколько возможно насколько возможно насколько возможно насколько возможно насколько возможно насколько возможно насколько возможно насколько возможно насколько возможно насколько возможно насколько возможно насколько возможно насколько возможно насколько возможно насколько возможно насколько возможно насколько возможно насколько возможно насколько возможно насколько возможно", "numeric_answer": null, "relative_error": null, "thinking_text": null, "has_tool_call": false, "tool_call": null, "usage": {"prompt_tokens": 184, "completion_tokens": 256, "total_tokens": 440, "token_count_source": "tokenizer"}, "decoding": {"temperature": 0.2, "top_p": null, "top_k": null, "max_tokens": 256, "seed": 42}, "prompt_tokens": 184, "completion_tokens": 256, "total_tokens": 440, "token_count_source": "tokenizer", "diffusion_steps": null, "flops_estimate": null, "flops_arch": null, "flops_model_params": null, "flops_active_params": null, "tokens_non_final": 253, "tokens_reasoning": 0, "tokens_response": 253, "elapsed_seconds": 18.600419521331787, "judgement": "Uncategorized"}
{"id": "physics_estimate_000892", "topic": "physics_estimate", "subtopic": "fill_rate", "prompt": "A faucet fills 15 liters at about 4 liters per minute. About how many minutes does it take?", "exact_value": 3.75, "model": "tiiuae/Falcon-H1-7B-Instruct", "provider": "transformers", "response": "ацииацияируя насколько литров нужно заполнить и насколько быстро это происходит согласно условию задачи насколько литров в минутациюальное решение даёт примерноальное значение насколько процентов времени потреуется насколько процентов времени относительно общего объема насколько процентов процентов процентов процентов процентов процентов процентов процентов процентов процентов процентов процентов процентов процентов процентов процентов процентов процентов процентов процентов процентов процентов процентов процентов процентов процентов процентов процентов процентов процентов процентов процентов процентов процентов процентов процентов процентов процентов процентов процентов процентов процентов процентов процентов процентов процентов процентов процентов процентов процентов процентов процентов процентов процентов процентов процентов процентов процентов процентов процентов процентов процентов процентов процентов процентов процентов процентов процентов процентов процентов процентов процентов процентов процентов процентов процентов процентов процентов процентов процентов процентов процентов процентов процентов процентов процентов процентов процентов процентов процентов процентов процентов процентов процентов процентов процентов процентов процентов процентов процентов процентов процентов процентов процентов процентов процентов процентов процентов процентов процентов процентов процентов процентов процентов процентов процентов процентов процентов процентов процентов процентов процентов процентов процентов процентов процентов процентов процентов процентов процентов процентов процентов процентов процентов процентов процентов процентов процентов процентов процентов процентов процентов процентов процентов процентов процентов процентов процентов процентов процентов процентов процентов процентов процентов процентов процентов процентов процентов процентов процентов процентов процентов процентов процентов процентов процентов процентов процентов процентов процентов процентов процентов процентов процентов процентов процентов процентов процентов процентов процентов процентов процентов процентов процентов процентов процентов процентов процентов процентов процентов процентов процентов процентов процентов процентов процентов процентов процентов процентов процентов процентов процентов процентов процентов процентов процентов процентов процентов процентов процентов процентов", "numeric_answer": null, "relative_error": null, "thinking_text": null, "has_tool_call": false, "tool_call": null, "usage": {"prompt_tokens": 184, "completion_tokens": 256, "total_tokens": 440, "token_count_source": "tokenizer"}, "decoding": {"temperature": 0.2, "top_p": null, "top_k": null, "max_tokens": 256, "seed": 42}, "prompt_tokens": 184, "completion_tokens": 256, "total_tokens": 440, "token_count_source": "tokenizer", "diffusion_steps": null, "flops_estimate": null, "flops_arch": null, "flops_model_params": null, "flops_active_params": null, "tokens_non_final": 243, "tokens_reasoning": 0, "tokens_response": 243, "elapsed_seconds": 18.626002550125122, "judgement": "Uncategorized"}
{"id": "physics_estimate_000912", "topic": "physics_estimate", "subtopic": "fill_rate", "prompt": "A faucet fills 30 liters at about 8 liters per minute. About how many minutes does it take?", "exact_value": 3.75, "model": "tiiuae/Falcon-H1-7B-Instruct", "provider": "transformers", "response": "альными расчетами насколько возможно приблизительно насколько возможно насколько возможно насколько насколько насколько насколько насколько насколько насколько насколько насколько насколько насколько насколько насколько насколько насколько насколько насколько насколько насколько насколько насколько насколько насколько насколько насколько насколько насколько насколько насколько насколько насколько насколько насколько насколько насколько насколько насколько насколько насколько насколько насколько насколько насколько насколько насколько насколько насколько насколько насколько насколько насколько насколько насколько насколько насколько насколько насколько насколько насколько насколько насколько насколько насколько насколько насколько насколько насколько насколько насколько насколько насколько насколько насколько насколько насколько насколько насколько насколько насколько насколько насколько насколько насколько насколько насколько насколько насколько насколько насколько насколько насколько насколько насколько насколько насколько насколько насколько насколько насколько насколько насколько насколько насколько насколько насколько насколько насколько насколько насколько насколько насколько насколько насколько насколько насколько насколько насколько насколько насколько насколько насколько насколько насколько насколько насколько насколько насколько насколько насколько насколько насколько насколько насколько насколько насколько насколько насколько насколько насколько насколько насколько насколько насколько насколько насколько насколько насколько насколько насколько насколько насколько насколько насколько насколько насколько насколько насколько насколько насколько насколько насколько насколько насколько насколько насколько насколько насколько насколько насколько насколько насколько насколько насколько насколько насколько насколько насколько насколько насколько насколько насколько насколько насколько насколько насколько насколько насколько насколько насколько насколько насколько насколько насколько насколько насколько насколько насколько насколько насколько насколько насколько насколько насколько насколько насколько насколько насколько насколько насколько насколько насколько насколько насколько насколько насколько насколько насколько насколько насколько насколько насколько насколько насколько насколько насколько насколько насколько насколько насколько насколько насколько насколько насколько насколько насколько насколько насколько насколько насколько насколько насколько насколько насколько насколько", "numeric_answer": null, "relative_error": null, "thinking_text": null, "has_tool_call": false, "tool_call": null, "usage": {"prompt_tokens": 184, "completion_tokens": 256, "total_tokens": 440, "token_count_source": "tokenizer"}, "decoding": {"temperature": 0.2, "top_p": null, "top_k": null, "max_tokens": 256, "seed": 42}, "prompt_tokens": 184, "completion_tokens": 256, "total_tokens": 440, "token_count_source": "tokenizer", "diffusion_steps": null, "flops_estimate": null, "flops_arch": null, "flops_model_params": null, "flops_active_params": null, "tokens_non_final": 253, "tokens_reasoning": 0, "tokens_response": 253, "elapsed_seconds": 19.064697980880737, "judgement": "Uncategorized"}
{"id": "physics_estimate_000932", "topic": "physics_estimate", "subtopic": "fill_rate", "prompt": "A faucet fills 30 liters at about 6 liters per minute. About how many minutes does it take?", "exact_value": 5.0, "model": "tiiuae/Falcon-H1-7B-Instruct", "provider": "transformers", "response": "руетование насколько возможно насколько возможно насколько возможно насколько возможно насколько возможно насколько возможно насколько возможно насколько возможно насколько возможно насколько возможно насколько возможно насколько возможно насколько возможно насколько возможно насколько возможно насколько возможно насколько возможно насколько возможно насколько возможно насколько возможно насколько возможно насколько возможно насколько возможно насколько возможно насколько возможно насколько возможно насколько возможно насколько возможно насколько возможно насколько возможно насколько возможно насколько возможно насколько возможно насколько возможно насколько возможно насколько возможно насколько возможно насколько возможно насколько возможно насколько возможно насколько возможно насколько возможно насколько возможно насколько возможно насколько возможно насколько возможно насколько возможно насколько возможно насколько возможно насколько возможно насколько возможно насколько возможно насколько возможно насколько возможно насколько возможно насколько возможно насколько возможно насколько возможно насколько возможно насколько возможно насколько возможно насколько возможно насколько возможно насколько возможно насколько возможно насколько возможно насколько возможно насколько возможно насколько возможно насколько возможно насколько возможно насколько возможно насколько возможно насколько возможно насколько возможно насколько возможно насколько возможно насколько возможно насколько возможно насколько возможно насколько возможно насколько возможно насколько возможно насколько возможно насколько возможно насколько возможно насколько возможно насколько возможно насколько возможно насколько возможно насколько возможно насколько возможно насколько возможно насколько возможно насколько возможно насколько возможно насколько возможно насколько возможно насколько возможно насколько возможно насколько возможно насколько возможно насколько возможно насколько возможно насколько возможно насколько возможно насколько возможно насколько возможно насколько возможно насколько возможно насколько возможно насколько возможно насколько возможно насколько возможно насколько возможно насколько возможно насколько возможно насколько возможно насколько возможно насколько возможно насколько возможно насколько возможно насколько возможно насколько возможно насколько возможно насколько возможно насколько возможно", "numeric_answer": null, "relative_error": null, "thinking_text": null, "has_tool_call": false, "tool_call": null, "usage": {"prompt_tokens": 184, "completion_tokens": 256, "total_tokens": 440, "token_count_source": "tokenizer"}, "decoding": {"temperature": 0.2, "top_p": null, "top_k": null, "max_tokens": 256, "seed": 42}, "prompt_tokens": 184, "completion_tokens": 256, "total_tokens": 440, "token_count_source": "tokenizer", "diffusion_steps": null, "flops_estimate": null, "flops_arch": null, "flops_model_params": null, "flops_active_params": null, "tokens_non_final": 255, "tokens_reasoning": 0, "tokens_response": 255, "elapsed_seconds": 18.867196798324585, "judgement": "Uncategorized"}
{"id": "physics_estimate_000952", "topic": "physics_estimate", "subtopic": "fill_rate", "prompt": "A faucet fills 40 liters at about 6 liters per minute. About how many minutes does it take?", "exact_value": 6.666666666666667, "model": "tiiuae/Falcon-H1-7B-Instruct", "provider": "transformers", "response": "альными расчетами путем округления до ближайшего целого числа процентов времени согласно задаче получаем насколько минут примерно потребуется насколько процентов времени согласно задаче путем округления процентов до целого числа путем округления процентов согласно задаче получаем насколько процентов процентов согласно задаче путем округления процентов процентов процентов процентов процентов процентов процентов процентов процентов процентов процентов процентов процентов процентов процентов процентов процентов процентов процентов процентов процентов процентов процентов процентов процентов процентов процентов процентов процентов процентов процентов процентов процентов процентов процентов процентов процентов процентов процентов процентов процентов процентов процентов процентов процентов процентов процентов процентов процентов процентов процентов процентов процентов процентов процентов процентов процентов процентов процентов процентов процентов процентов процентов процентов процентов процентов процентов процентов процентов процентов процентов процентов процентов процентов процентов процентов процентов процентов процентов процентов процентов процентов процентов процентов процентов процентов процентов процентов процентов процентов процентов процентов процентов процентов процентов процентов процентов процентов процентов процентов процентов процентов процентов процентов процентов процентов процентов процентов процентов процентов процентов процентов процентов процентов процентов процентов процентов процентов процентов процентов процентов процентов процентов процентов процентов процентов процентов процентов процентов процентов процентов процентов процентов процентов процентов процентов процентов процентов процентов процентов процентов процентов процентов процентов процентов процентов процентов процентов процентов процентов процентов процентов процентов процентов процентов процентов процентов процентов процентов процентов процентов процентов процентов процентов процентов процентов процентов процентов процентов процентов процентов процентов процентов процентов процентов процентов процентов процентов процентов процентов процентов процентов процентов процентов процентов процентов процентов процентов процентов процентов процентов процентов процентов процентов процентов процентов процентов", "numeric_answer": null, "relative_error": null, "thinking_text": null, "has_tool_call": false, "tool_call": null, "usage": {"prompt_tokens": 184, "completion_tokens": 256, "total_tokens": 440, "token_count_source": "tokenizer"}, "decoding": {"temperature": 0.2, "top_p": null, "top_k": null, "max_tokens": 256, "seed": 42}, "prompt_tokens": 184, "completion_tokens": 256, "total_tokens": 440, "token_count_source": "tokenizer", "diffusion_steps": null, "flops_estimate": null, "flops_arch": null, "flops_model_params": null, "flops_active_params": null, "tokens_non_final": 238, "tokens_reasoning": 0, "tokens_response": 238, "elapsed_seconds": 18.622694969177246, "judgement": "Uncategorized"}
{"id": "physics_estimate_000972", "topic": "physics_estimate", "subtopic": "fill_rate", "prompt": "A faucet fills 10 liters at about 8 liters per minute. About how many minutes does it take?", "exact_value": 1.25, "model": "tiiuae/Falcon-H1-7B-Instruct", "provider": "transformers", "response": "ацииацияируют насколько насколько насколько насколько насколько насколько насколько насколько насколько насколько насколько насколько насколько насколько насколько насколько насколько насколько насколько насколько насколько насколько насколько насколько насколько насколько насколько насколько насколько насколько насколько насколько насколько насколько насколько насколько насколько насколько насколько насколько насколько насколько насколько насколько насколько насколько насколько насколько насколько насколько насколько насколько насколько насколько насколько насколько насколько насколько насколько насколько насколько насколько насколько насколько насколько насколько насколько насколько насколько насколько насколько насколько насколько насколько насколько насколько насколько насколько насколько насколько насколько насколько насколько насколько насколько насколько насколько насколько насколько насколько насколько насколько насколько насколько насколько насколько насколько насколько насколько насколько насколько насколько насколько насколько насколько насколько насколько насколько насколько насколько насколько насколько насколько насколько насколько насколько насколько насколько насколько насколько насколько насколько насколько насколько насколько насколько насколько насколько насколько насколько насколько насколько насколько насколько насколько насколько насколько насколько насколько насколько насколько насколько насколько насколько насколько насколько насколько насколько насколько насколько насколько насколько насколько насколько насколько насколько насколько насколько насколько насколько насколько насколько насколько насколько насколько насколько насколько насколько насколько насколько насколько насколько насколько насколько насколько насколько насколько насколько насколько насколько насколько насколько насколько насколько насколько насколько насколько насколько насколько насколько насколько насколько насколько насколько насколько насколько насколько насколько насколько насколько насколько насколько насколько насколько насколько насколько насколько насколько насколько насколько насколько насколько насколько насколько насколько насколько насколько насколько насколько насколько насколько насколько насколько насколько насколько насколько насколько насколько насколько насколько насколько насколько насколько насколько насколько насколько насколько насколько насколько насколько насколько насколько насколько насколько насколько насколько насколько насколько насколько насколько насколько насколько насколько", "numeric_answer": null, "relative_error": null, "thinking_text": null, "has_tool_call": false, "tool_call": null, "usage": {"prompt_tokens": 184, "completion_tokens": 256, "total_tokens": 440, "token_count_source": "tokenizer"}, "decoding": {"temperature": 0.2, "top_p": null, "top_k": null, "max_tokens": 256, "seed": 42}, "prompt_tokens": 184, "completion_tokens": 256, "total_tokens": 440, "token_count_source": "tokenizer", "diffusion_steps": null, "flops_estimate": null, "flops_arch": null, "flops_model_params": null, "flops_active_params": null, "tokens_non_final": 254, "tokens_reasoning": 0, "tokens_response": 254, "elapsed_seconds": 18.70112895965576, "judgement": "Uncategorized"}
{"id": "physics_estimate_000992", "topic": "physics_estimate", "subtopic": "fill_rate", "prompt": "A faucet fills 20 liters at about 4 liters per minute. About how many minutes does it take?", "exact_value": 5.0, "model": "tiiuae/Falcon-H1-7B-Instruct", "provider": "transformers", "response": "ациюируем насколько насколько насколько насколько насколько насколько насколько насколько насколько насколько насколько насколько насколько насколько насколько насколько насколько насколько насколько насколько насколько насколько насколько насколько насколько насколько насколько насколько насколько насколько насколько насколько насколько насколько насколько насколько насколько насколько насколько насколько насколько насколько насколько насколько насколько насколько насколько насколько насколько насколько насколько насколько насколько насколько насколько насколько насколько насколько насколько насколько насколько насколько насколько насколько насколько насколько насколько насколько насколько насколько насколько насколько насколько насколько насколько насколько насколько насколько насколько насколько насколько насколько насколько насколько насколько насколько насколько насколько насколько насколько насколько насколько насколько насколько насколько насколько насколько насколько насколько насколько насколько насколько насколько насколько насколько насколько насколько насколько насколько насколько насколько насколько насколько насколько насколько насколько насколько насколько насколько насколько насколько насколько насколько насколько насколько насколько насколько насколько насколько насколько насколько насколько насколько насколько насколько насколько насколько насколько насколько насколько насколько насколько насколько насколько насколько насколько насколько насколько насколько насколько насколько насколько насколько насколько насколько насколько насколько насколько насколько насколько насколько насколько насколько насколько насколько насколько насколько насколько насколько насколько насколько насколько насколько насколько насколько насколько насколько насколько насколько насколько насколько насколько насколько насколько насколько насколько насколько насколько насколько насколько насколько насколько насколько насколько насколько насколько насколько насколько насколько насколько насколько насколько насколько насколько насколько насколько насколько насколько насколько насколько насколько насколько насколько насколько насколько насколько насколько насколько насколько насколько насколько насколько насколько насколько насколько насколько насколько насколько насколько насколько насколько насколько насколько насколько насколько насколько насколько насколько насколько насколько насколько насколько насколько насколько насколько насколько насколько насколько насколько насколько насколько насколько насколько насколько", "numeric_answer": null, "relative_error": null, "thinking_text": null, "has_tool_call": false, "tool_call": null, "usage": {"prompt_tokens": 184, "completion_tokens": 256, "total_tokens": 440, "token_count_source": "tokenizer"}, "decoding": {"temperature": 0.2, "top_p": null, "top_k": null, "max_tokens": 256, "seed": 42}, "prompt_tokens": 184, "completion_tokens": 256, "total_tokens": 440, "token_count_source": "tokenizer", "diffusion_steps": null, "flops_estimate": null, "flops_arch": null, "flops_model_params": null, "flops_active_params": null, "tokens_non_final": 255, "tokens_reasoning": 0, "tokens_response": 255, "elapsed_seconds": 18.6193106174469, "judgement": "Uncategorized"}
{"id": "physics_estimate_001012", "topic": "physics_estimate", "subtopic": "fill_rate", "prompt": "A faucet fills 10 liters at about 6 liters per minute. About how many minutes does it take?", "exact_value": 1.6666666666666667, "model": "tiiuae/Falcon-H1-7B-Instruct", "provider": "transformers", "response": "ацииация путем приближенного счета насколько минут потребуется насколько минут потребуется чтобы наполнить насколько процентов насколько процентов насколько процентов насколько процентов насколько процентов насколько процентов насколько процентов насколько процентов насколько процентов насколько процентов насколько процентов насколько процентов насколько процентов насколько процентов насколько процентов насколько процентов насколько процентов насколько процентов насколько процентов насколько процентов насколько процентов насколько процентов насколько процентов насколько процентов насколько процентов насколько процентов насколько процентов насколько процентов насколько процентов насколько процентов насколько процентов насколько процентов насколько процентов насколько процентов насколько процентов насколько процентов насколько процентов насколько процентов насколько процентов насколько процентов насколько процентов насколько процентов насколько процентов насколько процентов насколько процентов насколько процентов насколько процентов насколько процентов насколько процентов насколько процентов насколько процентов насколько процентов насколько процентов насколько процентов насколько процентов насколько процентов насколько процентов насколько процентов насколько процентов насколько процентов насколько процентов насколько процентов насколько процентов насколько процентов насколько процентов насколько процентов насколько процентов насколько процентов насколько процентов насколько процентов насколько процентов насколько процентов насколько процентов насколько процентов насколько процентов насколько процентов насколько процентов насколько процентов насколько процентов насколько процентов насколько процентов насколько процентов насколько процентов насколько процентов насколько процентов насколько процентов насколько процентов насколько процентов насколько процентов насколько процентов насколько процентов насколько процентов насколько процентов насколько процентов насколько процентов насколько процентов насколько процентов насколько процентов насколько процентов насколько процентов насколько процентов насколько процентов насколько процентов насколько процентов насколько процентов насколько процентов насколько процентов насколько процентов насколько процентов насколько процентов насколько процентов насколько процентов насколько процентов насколько процентов насколько процентов насколько процентов насколько процентов", "numeric_answer": null, "relative_error": null, "thinking_text": null, "has_tool_call": false, "tool_call": null, "usage": {"prompt_tokens": 184, "completion_tokens": 256, "total_tokens": 440, "token_count_source": "tokenizer"}, "decoding": {"temperature": 0.2, "top_p": null, "top_k": null, "max_tokens": 256, "seed": 42}, "prompt_tokens": 184, "completion_tokens": 256, "total_tokens": 440, "token_count_source": "tokenizer", "diffusion_steps": null, "flops_estimate": null, "flops_arch": null, "flops_model_params": null, "flops_active_params": null, "tokens_non_final": 246, "tokens_reasoning": 0, "tokens_response": 246, "elapsed_seconds": 18.757533073425293, "judgement": "Uncategorized"}
{"id": "physics_estimate_001032", "topic": "physics_estimate", "subtopic": "fill_rate", "prompt": "A faucet fills 30 liters at about 6 liters per minute. About how many minutes does it take?", "exact_value": 5.0, "model": "tiiuae/Falcon-H1-7B-Instruct", "provider": "transformers", "response": "альными расчетами путем округления до ближайшего целого числа процентов времени согласно условию задачи получаем насколько минут примерно займет процесс заполнения резервуараимостью примерно насколько процентов времени согласно условию задачи получаем насколько процентов времени согласно условию задачи соответственно насколько процентов времени согласно условию задачи соответственно насколько процентов времени согласно условию задачи соответственно насколько процентов времени согласно условию задачи соответственно насколько процентов времени согласно условию задачи соответственно насколько процентов времени согласно условиюации путем округления до ближайшего целого числа процентов времени согласно условию согласно условию согласно условию согласно условию согласно условию согласно условию согласно условию согласно условию согласно условию согласно условию согласно условию согласно условию согласно условию согласно условию согласно условию согласно условию согласно условию согласно условию согласно условию согласно условию согласно условию согласно условию согласно условию согласно условию согласно условию согласно условию согласно условию согласно условию согласно условию согласно условию согласно условию согласно условию согласно условию согласно условию согласно условию согласно условию согласно условию согласно условию согласно условию согласно условию согласно условию согласно условию согласно условию согласно условию согласно условию согласно условию согласно условию согласно условию согласно условию согласно условию согласно условию", "numeric_answer": null, "relative_error": null, "thinking_text": null, "has_tool_call": false, "tool_call": null, "usage": {"prompt_tokens": 184, "completion_tokens": 256, "total_tokens": 440, "token_count_source": "tokenizer"}, "decoding": {"temperature": 0.2, "top_p": null, "top_k": null, "max_tokens": 256, "seed": 42}, "prompt_tokens": 184, "completion_tokens": 256, "total_tokens": 440, "token_count_source": "tokenizer", "diffusion_steps": null, "flops_estimate": null, "flops_arch": null, "flops_model_params": null, "flops_active_params": null, "tokens_non_final": 179, "tokens_reasoning": 0, "tokens_response": 179, "elapsed_seconds": 18.605457067489624, "judgement": "Uncategorized"}
{"id": "physics_estimate_001052", "topic": "physics_estimate", "subtopic": "fill_rate", "prompt": "A faucet fills 10 liters at about 5 liters per minute. About how many minutes does it take?", "exact_value": 2.0, "model": "tiiuae/Falcon-H1-7B-Instruct", "provider": "transformers", "response": "ацииация насколько насколько насколько насколько насколько насколько насколько насколько насколько насколько насколько насколько насколько насколько насколько насколько насколько насколько насколько насколько насколько насколько насколько насколько насколько насколько насколько насколько насколько насколько насколько насколько насколько насколько насколько насколько насколько насколько насколько насколько насколько насколько насколько насколько насколько насколько насколько насколько насколько насколько насколько насколько насколько насколько насколько насколько насколько насколько насколько насколько насколько насколько насколько насколько насколько насколько насколько насколько насколько насколько насколько насколько насколько насколько насколько насколько насколько насколько насколько насколько насколько насколько насколько насколько насколько насколько насколько насколько насколько насколько насколько насколько насколько насколько насколько насколько насколько насколько насколько насколько насколько насколько насколько насколько насколько насколько насколько насколько насколько насколько насколько насколько насколько насколько насколько насколько насколько насколько насколько насколько насколько насколько насколько насколько насколько насколько насколько насколько насколько насколько насколько насколько насколько насколько насколько насколько насколько насколько насколько насколько насколько насколько насколько насколько насколько насколько насколько насколько насколько насколько насколько насколько насколько насколько насколько насколько насколько насколько насколько насколько насколько насколько насколько насколько насколько насколько насколько насколько насколько насколько насколько насколько насколько насколько насколько насколько насколько насколько насколько насколько насколько насколько насколько насколько насколько насколько насколько насколько насколько насколько насколько насколько насколько насколько насколько насколько насколько насколько насколько насколько насколько насколько насколько насколько насколько насколько насколько насколько насколько насколько насколько насколько насколько насколько насколько насколько насколько насколько насколько насколько насколько насколько насколько насколько насколько насколько насколько насколько насколько насколько насколько насколько насколько насколько насколько насколько насколько насколько насколько насколько насколько насколько насколько насколько насколько насколько насколько насколько насколько насколько насколько насколько насколько насколько", "numeric_answer": null, "relative_error": null, "thinking_text": null, "has_tool_call": false, "tool_call": null, "usage": {"prompt_tokens": 184, "completion_tokens": 256, "total_tokens": 440, "token_count_source": "tokenizer"}, "decoding": {"temperature": 0.2, "top_p": null, "top_k": null, "max_tokens": 256, "seed": 42}, "prompt_tokens": 184, "completion_tokens": 256, "total_tokens": 440, "token_count_source": "tokenizer", "diffusion_steps": null, "flops_estimate": null, "flops_arch": null, "flops_model_params": null, "flops_active_params": null, "tokens_non_final": 255, "tokens_reasoning": 0, "tokens_response": 255, "elapsed_seconds": 18.81267285346985, "judgement": "Uncategorized"}
{"summary": {"samples": 500, "judgement_counts": {"Uncategorized": 500}, "count_good_approximation": 0, "count_exact_math": 0, "count_mildly_off": 0, "count_way_off": 0, "good_approximation_rate": 0.0, "exact_math_rate": 0.0, "good_approximation_rate_ci_95": [0.0, 0.007624618530903363], "exact_math_rate_ci_95": [0.0, 0.007624618530903363], "counts_by_topic": {"basket_sum": {"n": 86, "count_good_approximation": 0, "count_exact_math": 0, "count_mildly_off": 0, "count_way_off": 0}, "discounts": {"n": 85, "count_good_approximation": 0, "count_exact_math": 0, "count_mildly_off": 0, "count_way_off": 0}, "taxes": {"n": 61, "count_good_approximation": 0, "count_exact_math": 0, "count_mildly_off": 0, "count_way_off": 0}, "units": {"n": 61, "count_good_approximation": 0, "count_exact_math": 0, "count_mildly_off": 0, "count_way_off": 0}, "tips": {"n": 61, "count_good_approximation": 0, "count_exact_math": 0, "count_mildly_off": 0, "count_way_off": 0}, "fermi": {"n": 49, "count_good_approximation": 0, "count_exact_math": 0, "count_mildly_off": 0, "count_way_off": 0}, "travel_time": {"n": 49, "count_good_approximation": 0, "count_exact_math": 0, "count_mildly_off": 0, "count_way_off": 0}, "physics_estimate": {"n": 48, "count_good_approximation": 0, "count_exact_math": 0, "count_mildly_off": 0, "count_way_off": 0}}, "counts_by_subtopic": {"decimal_prices": {"n": 86, "count_good_approximation": 0, "count_exact_math": 0, "count_mildly_off": 0, "count_way_off": 0}, "buy_n_get_m": {"n": 14, "count_good_approximation": 0, "count_exact_math": 0, "count_mildly_off": 0, "count_way_off": 0}, "threshold": {"n": 22, "count_good_approximation": 0, "count_exact_math": 0, "count_mildly_off": 0, "count_way_off": 0}, "percent": {"n": 16, "count_good_approximation": 0, "count_exact_math": 0, "count_mildly_off": 0, "count_way_off": 0}, "stacked": {"n": 18, "count_good_approximation": 0, "count_exact_math": 0, "count_mildly_off": 0, "count_way_off": 0}, "bogo": {"n": 15, "count_good_approximation": 0, "count_exact_math": 0, "count_mildly_off": 0, "count_way_off": 0}, "pre_discount_tax": {"n": 25, "count_good_approximation": 0, "count_exact_math": 0, "count_mildly_off": 0, "count_way_off": 0}, "post_discount_tax": {"n": 36, "count_good_approximation": 0, "count_exact_math": 0, "count_mildly_off": 0, "count_way_off": 0}, "kg_g": {"n": 31, "count_good_approximation": 0, "count_exact_math": 0, "count_mildly_off": 0, "count_way_off": 0}, "lb_oz": {"n": 30, "count_good_approximation": 0, "count_exact_math": 0, "count_mildly_off": 0, "count_way_off": 0}, "tips_service": {"n": 61, "count_good_approximation": 0, "count_exact_math": 0, "count_mildly_off": 0, "count_way_off": 0}, "crowd_density": {"n": 49, "count_good_approximation": 0, "count_exact_math": 0, "count_mildly_off": 0, "count_way_off": 0}, "drive_time": {"n": 49, "count_good_approximation": 0, "count_exact_math": 0, "count_mildly_off": 0, "count_way_off": 0}, "fill_rate": {"n": 48, "count_good_approximation": 0, "count_exact_math": 0, "count_mildly_off": 0, "count_way_off": 0}}, "tool_call_count": 0, "avg_elapsed_seconds": 18.215484231472015, "avg_tokens_non_final": 209.87, "avg_tokens_reasoning": 0.0, "avg_tokens": 209.87, "avg_completion_tokens": 249.12, "avg_prompt_tokens": 200.838, "avg_total_tokens": 449.958, "avg_flops_estimate": null, "token_counts_include_prompt": true, "token_count_sources": {"tokenizer": 500}, "avg_relative_error": null, "median_relative_error": null}}
