{"id": "basket_sum_000171", "topic": "basket_sum", "subtopic": "decimal_prices", "prompt": "You’re buying 3 items: $7.04, $12.56, $5.78. About how much will you pay (before tax)?", "exact_value": 25.38, "model": "tiiuae/Falcon-H1-7B-Instruct", "provider": "transformers", "response": "Finalются примерно к ближайшему кратному числа примерно равному сумме округленных значений стоимости каждого товараываются примерно к ближайшему кратному числа примерно равному сумме округленных значений стоимости каждого товараются примерно к ближайшему кратному числа примерно равному сумме округленных значений стоимости каждого товараются примерно к миллиону", "numeric_answer": null, "relative_error": null, "thinking_text": null, "has_tool_call": false, "tool_call": null, "usage": {"prompt_tokens": 202, "completion_tokens": 70, "total_tokens": 272, "token_count_source": "tokenizer"}, "decoding": {"temperature": 0.2, "top_p": null, "top_k": null, "max_tokens": 256, "seed": 42}, "prompt_tokens": 202, "completion_tokens": 70, "total_tokens": 272, "token_count_source": "tokenizer", "diffusion_steps": null, "flops_estimate": null, "flops_arch": null, "flops_model_params": null, "flops_active_params": null, "tokens_non_final": 43, "tokens_reasoning": 0, "tokens_response": 43, "elapsed_seconds": 5.184344291687012, "judgement": "Uncategorized"}
{"id": "basket_sum_000191", "topic": "basket_sum", "subtopic": "decimal_prices", "prompt": "You’re buying 5 items: $17.31, $7.03, $9.93, $19.51, $11.17. About how much will you pay (before tax)?", "exact_value": 64.95, "model": "tiiuae/Falcon-H1-7B-Instruct", "provider": "transformers", "response": "Finalются примерно к ближайшему кратному числа примерно равному сумме округленных значений цен на товары до ближайшего целого числаются примерно к ближайшему кратному числа примерно равному сумме округленных значений цен на товары до ближайшего кратного числа примерно равного сумме округленных значений цен на товары до ближайшего кратного числа примерно равного сумме округленных значений цен на товары до ближайшего кратного числа примерно равного сумме округленных значений цен на товары до ближайшего кратного числа примерно равного сумме округленных значений цен на товары до ближайшего кратного числа примерно равного сумме округленных значений цен на товары до ближайшего кратного числа примерно равного сумме округленных значений цен на товары до ближайшего кратного числа примерно равного сумме округленных значений цен на товары до ближайшего кратного числа примерно равного сумме округленных значений цен на товары до ближайшего кратного числа примерно равного сумме округленных значений цен на товары до ближайшего кратного числа примерно равного сумме округленных значений цен на товары до ближайшего кратного числа примерно равного сумме округленных значений цен на", "numeric_answer": null, "relative_error": null, "thinking_text": null, "has_tool_call": false, "tool_call": null, "usage": {"prompt_tokens": 218, "completion_tokens": 256, "total_tokens": 474, "token_count_source": "tokenizer"}, "decoding": {"temperature": 0.2, "top_p": null, "top_k": null, "max_tokens": 256, "seed": 42}, "prompt_tokens": 218, "completion_tokens": 256, "total_tokens": 474, "token_count_source": "tokenizer", "diffusion_steps": null, "flops_estimate": null, "flops_arch": null, "flops_model_params": null, "flops_active_params": null, "tokens_non_final": 162, "tokens_reasoning": 0, "tokens_response": 162, "elapsed_seconds": 18.950711488723755, "judgement": "Uncategorized"}
{"id": "basket_sum_000211", "topic": "basket_sum", "subtopic": "decimal_prices", "prompt": "You’re buying 6 items: $13.05, $4.61, $17.83, $17.37, $4.97, $2.96. About how much will you pay (before tax)?", "exact_value": 60.79, "model": "tiiuae/Falcon-H1-7B-Instruct", "provider": "transformers", "response": "Finalются примерно к ближайшему кратному числа примерно равному сумме стоимости примерно равным образом путем округления стоимости каждого предмета до ближайшего целого числа и затем суммирования их примерно равно примерно примерно примерно примерно примерно примерно примерно примерно примерно примерно примерно примерно примерно примерно примерно примерно примерно примерно примерно примерно примерно примерно примерно примерно примерно примерно примерно примерно примерно примерно примерно примерно примерно примерно примерно примерно примерно примерно примерно примерно примерно примерно примерно примерно примерно примерно примерно примерно примерно примерно примерно примерно примерно примерно примерно примерно примерно примерно примерно примерно примерно примерно примерно примерно примерно примерно примерно примерно примерно примерно примерно примерно примерно примерно примерно примерно примерно примерно примерно примерно примерно примерно примерно примерно примерно примерно примерно примерно примерно примерно примерно примерно примерно примерно примерно примерно примерно примерно примерно примерно примерно примерно примерно примерно примерно примерно примерно примерно примерно примерно примерно примерно примерно примерно примерно примерно примерно примерно примерно примерно примерно примерно примерно примерно примерно примерно примерно примерно примерно примерно примерно примерно примерно примерно примерно примерно примерно примерно примерно примерно примерно примерно примерно примерно примерно примерно примерно примерно примерно примерно примерно примерно примерно примерно примерно примерно примерно примерно примерно примерно примерно примерно примерно примерно примерно примерно примерно примерно примерно примерно примерно примерно примерно примерно примерно примерно примерно примерно примерно примерно примерно примерно примерно примерно примерно примерно примерно примерно примерно примерно примерно примерно примерно примерно примерно примерно примерно примерно примерно примерно примерно примерно примерно примерно примерно примерно примерно примерно примерно примерно примерно примерно примерно примерно примерно", "numeric_answer": null, "relative_error": null, "thinking_text": null, "has_tool_call": false, "tool_call": null, "usage": {"prompt_tokens": 225, "completion_tokens": 256, "total_tokens": 481, "token_count_source": "tokenizer"}, "decoding": {"temperature": 0.2, "top_p": null, "top_k": null, "max_tokens": 256, "seed": 42}, "prompt_tokens": 225, "completion_tokens": 256, "total_tokens": 481, "token_count_source": "tokenizer", "diffusion_steps": null, "flops_estimate": null, "flops_arch": null, "flops_model_params": null, "flops_active_params": null, "tokens_non_final": 243, "tokens_reasoning": 0, "tokens_response": 243, "elapsed_seconds": 18.77198886871338, "judgement": "Uncategorized"}
{"id": "basket_sum_000231", "topic": "basket_sum", "subtopic": "decimal_prices", "prompt": "You’re buying 6 items: $4.43, $10.89, $5.57, $12.80, $4.22, $15.17. About how much will you pay (before tax)?", "exact_value": 53.08, "model": "tiiuae/Falcon-H1-7B-Instruct", "provider": "transformers", "response": "Finalются примерно к ближайшему кратному числа примерно равному сумме округленных значений стоимости каждого предметаываются примерно к ближайшему кратному числа примерно равному сумме округленных значений стоимости каждого предметаываются примерно к ближайшему кратному числа примерно равному сумме округленных значений стоимости каждого предметаываются примерно к ближайшему кратному числа примерно равному сумме округленных значений стоимости каждого предметаываются примерно к кратному числа примерно равному сумме округленных значений стоимости каждого предметаываются примерно к кратному числа примерно равному сумме округленных значений стоимости каждого предметаываются примерно к кратному числа примерно равному сумме округленных значений стоимости каждого предметаываются примерно к кратному числа примерно равному сумме округленных значений стоимости каждого предметаываются примерно к кратному числа примерно равному сумме округленных значений стоимости каждого предметаываются примерно к кратному числа примерно равному сумме округленных значений стоимости каждого предметаываются примерно к кратному числа примерно равному сумме округленных значений стоимости каждого предметаываются примерно к кратному числа примерно равному сумме округленных значений стоимости каждого предметаываются примерно к кратному числа примерно", "numeric_answer": null, "relative_error": null, "thinking_text": null, "has_tool_call": false, "tool_call": null, "usage": {"prompt_tokens": 225, "completion_tokens": 256, "total_tokens": 481, "token_count_source": "tokenizer"}, "decoding": {"temperature": 0.2, "top_p": null, "top_k": null, "max_tokens": 256, "seed": 42}, "prompt_tokens": 225, "completion_tokens": 256, "total_tokens": 481, "token_count_source": "tokenizer", "diffusion_steps": null, "flops_estimate": null, "flops_arch": null, "flops_model_params": null, "flops_active_params": null, "tokens_non_final": 154, "tokens_reasoning": 0, "tokens_response": 154, "elapsed_seconds": 18.551117658615112, "judgement": "Uncategorized"}
{"id": "basket_sum_000251", "topic": "basket_sum", "subtopic": "decimal_prices", "prompt": "You’re buying 4 items: $7.24, $9.93, $15.10, $11.31. About how much will you pay (before tax)?", "exact_value": 43.58, "model": "tiiuae/Falcon-H1-7B-Instruct", "provider": "transformers", "response": "Finalются примерно к ближайшему кратному числа примерно равному сумме округленных значений стоимости каждого товараываются примерно к ближайшему кратному числа примерно равному сумме округленных значений стоимости каждого товараются примерно к ближайшему кратному числа примерно равному сумме округленных значений стоимости каждого товараются примерно к ближайшему кратному числа примерно равному сумме округленных значений стоимости каждого товараются примерно к ближайшему кратному числа примерно равному сумме округленных значений стоимости каждого товараются примерно к ближайшему кратному числа примерно равному сумме округленных значений стоимости каждого товараются примерно к ближайшему кратному числа примерно равному сумме округленных значений стоимости каждого товараются примерно к ближайшему кратному числа примерно равному сумме округленных значений стоимости каждого товараются примерно к ближайшему кратному числа примерно равному сумме округленных значений стоимости каждого товараываются примерно к ближайшему кратному числа примерно равному сумме округленных значений стоимости каждого товараываются примерно к ближайшему кратному числа примерно равному сумме округленных значений стоимости каждого товараываются примерно к ближайшему кратному числа примерно равному сумме округленных значений стоимости каждого товараываются примерно к", "numeric_answer": null, "relative_error": null, "thinking_text": null, "has_tool_call": false, "tool_call": null, "usage": {"prompt_tokens": 210, "completion_tokens": 256, "total_tokens": 466, "token_count_source": "tokenizer"}, "decoding": {"temperature": 0.2, "top_p": null, "top_k": null, "max_tokens": 256, "seed": 42}, "prompt_tokens": 210, "completion_tokens": 256, "total_tokens": 466, "token_count_source": "tokenizer", "diffusion_steps": null, "flops_estimate": null, "flops_arch": null, "flops_model_params": null, "flops_active_params": null, "tokens_non_final": 159, "tokens_reasoning": 0, "tokens_response": 159, "elapsed_seconds": 18.527666330337524, "judgement": "Uncategorized"}
{"id": "basket_sum_000271", "topic": "basket_sum", "subtopic": "decimal_prices", "prompt": "You’re buying 4 items: $19.91, $19.58, $6.09, $1.98. About how much will you pay (before tax)?", "exact_value": 47.56, "model": "tiiuae/Falcon-H1-7B-Instruct", "provider": "transformers", "response": "Finalются примерно к следующему значению путем округления и приближенной суммы стоимости примерно к ближайшему кратному числа примерно до единицы или десяткиются примерно к следующему значению путем округления и приближенной суммы стоимости примерно до ближайшего кратного числа примерно до единицы или десяткиются примерно к следующему значению путем округления и приближенной суммы стоимости примерно до ближайшего кратного числа примерно до единицы или десяткиются примерно к следующему значению путем округления и приближенной суммы стоимости примерно до ближайшего кратного числа примерно до единицы или десяткиются примерно к следующему значению путем округления и приближенной суммы стоимости примерно до ближайшего кратного числа примерно до единицы или десяткиются примерно к следующему значению путем округления и приближенной суммы стоимости примерно до ближайшего кратного числа примерно до единицы или десяткиются примерно к следующему значению путем округления и приближенной суммы стоимости примерно до ближайшего кратного числа примерно до единицы или десяткиются примерно к следующему значению путем округления и приближенной суммы стоимости примерно до ближайшего кратного числа примерно до единицы или десяткиются примерно к следующему значению путем округления и приближенной суммы стоимости примерно до ближайшего кратного числа", "numeric_answer": null, "relative_error": null, "thinking_text": null, "has_tool_call": false, "tool_call": null, "usage": {"prompt_tokens": 210, "completion_tokens": 256, "total_tokens": 466, "token_count_source": "tokenizer"}, "decoding": {"temperature": 0.2, "top_p": null, "top_k": null, "max_tokens": 256, "seed": 42}, "prompt_tokens": 210, "completion_tokens": 256, "total_tokens": 466, "token_count_source": "tokenizer", "diffusion_steps": null, "flops_estimate": null, "flops_arch": null, "flops_model_params": null, "flops_active_params": null, "tokens_non_final": 176, "tokens_reasoning": 0, "tokens_response": 176, "elapsed_seconds": 18.53006148338318, "judgement": "Uncategorized"}
{"id": "basket_sum_000291", "topic": "basket_sum", "subtopic": "decimal_prices", "prompt": "You’re buying 4 items: $10.75, $8.39, $14.91, $11.50. About how much will you pay (before tax)?", "exact_value": 45.55, "model": "tiiuae/Falcon-H1-7B-Instruct", "provider": "transformers", "response": "Finalются примерно к ближайшему кратному числа примерно ются примерно к числу примерно примерно примерно примерно примерно примерно примерно примерно примерно примерно примерно примерно примерно примерно примерно примерно примерно примерно примерно примерно примерно примерно примерно примерно примерно примерно примерно примерно примерно примерно примерно примерно примерно примерно примерно примерно примерно примерно примерно примерно примерно примерно примерно примерно примерно примерно примерно примерно примерно примерно примерно примерно примерно примерно примерно примерно примерно примерно примерно примерно примерно примерно примерно примерно примерно примерно примерно примерно примерно примерно примерно примерно примерно примерно примерно примерно примерно примерно примерно примерно примерно примерно примерно примерно примерно примерно примерно примерно примерно примерно примерно примерно примерно примерно примерно примерно примерно примерно примерно примерно примерно примерно примерно примерно примерно примерно примерно примерно примерно примерно примерно примерно примерно примерно примерно примерно примерно примерно примерно примерно примерно примерно примерно примерно примерно примерно примерно примерно примерно примерно примерно примерно примерно примерно примерно примерно примерно примерно примерно примерно примерно примерно примерно примерно примерно примерно примерно примерно примерно примерно примерно примерно примерно примерно примерно примерно примерно примерно примерно примерно примерно примерно примерно примерно примерно примерно примерно примерно примерно примерно примерно примерно примерно примерно примерно примерно примерно примерно примерно примерно примерно примерно примерно примерно примерно примерно примерно примерно примерно примерно примерно примерно примерно примерно примерно примерно примерно примерно примерно примерно примерно примерно примерно примерно примерно примерно примерно примерно примерно примерно примерно примерно примерно примерно примерно примерно примерно примерно примерно примерно примерно примерно примерно примерно примерно примерно примерно примерно примерно примерно примерно примерно примерно примерно примерно примерно примерно примерно примерно примерно", "numeric_answer": null, "relative_error": null, "thinking_text": null, "has_tool_call": false, "tool_call": null, "usage": {"prompt_tokens": 211, "completion_tokens": 256, "total_tokens": 467, "token_count_source": "tokenizer"}, "decoding": {"temperature": 0.2, "top_p": null, "top_k": null, "max_tokens": 256, "seed": 42}, "prompt_tokens": 211, "completion_tokens": 256, "total_tokens": 467, "token_count_source": "tokenizer", "diffusion_steps": null, "flops_estimate": null, "flops_arch": null, "flops_model_params": null, "flops_active_params": null, "tokens_non_final": 251, "tokens_reasoning": 0, "tokens_response": 251, "elapsed_seconds": 18.505175828933716, "judgement": "Uncategorized"}
{"id": "basket_sum_000311", "topic": "basket_sum", "subtopic": "decimal_prices", "prompt": "You’re buying 3 items: $15.35, $16.98, $2.04. About how much will you pay (before tax)?", "exact_value": 34.37, "model": "tiiuae/Falcon-H1-7B-Instruct", "provider": "transformers", "response": "Finalются примерно к ближайшему кратному числа примерно равному сумме стоимости этих товаров после округления до целых чисел примерно до ближайшего кратного числа примерно равного примерно примерно примерно примерно примерно примерно примерно примерно примерно примерно примерно примерно примерно примерно примерно примерно примерно примерно примерно примерно примерно примерно примерно примерно примерно примерно примерно примерно примерно примерно примерно примерно примерно примерно примерно примерно примерно примерно примерно примерно примерно примерно примерно примерно примерно примерно примерно примерно примерно примерно примерно примерно примерно примерно примерно примерно примерно примерно примерно примерно примерно примерно примерно примерно примерно примерно примерно примерно примерно примерно примерно примерно примерно примерно примерно примерно примерно примерно примерно примерно примерно примерно примерно примерно примерно примерно примерно примерно примерно примерно примерно примерно примерно примерно примерно примерно примерно примерно примерно примерно примерно примерно примерно примерно примерно примерно примерно примерно примерно примерно примерно примерно примерно примерно примерно примерно примерно примерно примерно примерно примерно примерно примерно примерно примерно примерно примерно примерно примерно примерно примерно примерно примерно примерно примерно примерно примерно примерно примерно примерно примерно примерно примерно примерно примерно примерно примерно примерно примерно примерно примерно примерно примерно примерно примерно примерно примерно примерно примерно примерно примерно примерно примерно примерно примерно примерно примерно примерно примерно примерно примерно примерно примерно примерно примерно примерно примерно примерно примерно примерно примерно примерно примерно примерно примерно примерно примерно примерно примерно примерно примерно примерно примерно примерно примерно примерно примерно примерно примерно примерно примерно примерно примерно примерно примерно примерно примерно примерно примерно примерно примерно примерно примерно примерно примерно примерно примерно примерно примерно примерно примерно", "numeric_answer": null, "relative_error": null, "thinking_text": null, "has_tool_call": false, "tool_call": null, "usage": {"prompt_tokens": 203, "completion_tokens": 256, "total_tokens": 459, "token_count_source": "tokenizer"}, "decoding": {"temperature": 0.2, "top_p": null, "top_k": null, "max_tokens": 256, "seed": 42}, "prompt_tokens": 203, "completion_tokens": 256, "total_tokens": 459, "token_count_source": "tokenizer", "diffusion_steps": null, "flops_estimate": null, "flops_arch": null, "flops_model_params": null, "flops_active_params": null, "tokens_non_final": 245, "tokens_reasoning": 0, "tokens_response": 245, "elapsed_seconds": 18.554821491241455, "judgement": "Uncategorized"}
{"id": "basket_sum_000331", "topic": "basket_sum", "subtopic": "decimal_prices", "prompt": "You’re buying 6 items: $10.51, $16.13, $18.17, $3.75, $7.32, $10.07. About how much will you pay (before tax)?", "exact_value": 65.95, "model": "tiiuae/Falcon-H1-7B-Instruct", "provider": "transformers", "response": "Finalются примерно к ближайшему кратному числа примерно равному сумме округленных значений стоимости каждого товараываются примерно к ближайшему кратному числа примерно равному сумме округленных значений стоимости каждого товараются примерно к ближайшему кратному числа примерно равному сумме округленных значений стоимости каждого товараются примерно к ближайшему кратному числа примерно равному сумме округленных значений стоимости каждого товараются примерно к ближайшему кратному числа примерно равному сумме округленных значений стоимости каждого товараются примерно к ближайшему кратному числа примерно равному сумме округленных значений стоимости каждого товараются примерно к ближайшему кратному числа примерно равному сумме округленных значений стоимости каждого товараются примерно к ближайшему кратному числа примерно равному сумме округленных значений стоимости каждого товараются примерно к ближайшему кратному числа примерно равному сумме округленных значений стоимости каждого товараются примерно к ближайшему кратному числа примерно равному сумме округленных значений стоимости каждого товараются примерно к ближайшему кратному числа примерно равному сумме округленных значений стоимости каждого товараются примерно к ближайшему кратному числа примерно равному сумме округленных значений стоимости каждого товараются примерно к", "numeric_answer": null, "relative_error": null, "thinking_text": null, "has_tool_call": false, "tool_call": null, "usage": {"prompt_tokens": 226, "completion_tokens": 256, "total_tokens": 482, "token_count_source": "tokenizer"}, "decoding": {"temperature": 0.2, "top_p": null, "top_k": null, "max_tokens": 256, "seed": 42}, "prompt_tokens": 226, "completion_tokens": 256, "total_tokens": 482, "token_count_source": "tokenizer", "diffusion_steps": null, "flops_estimate": null, "flops_arch": null, "flops_model_params": null, "flops_active_params": null, "tokens_non_final": 159, "tokens_reasoning": 0, "tokens_response": 159, "elapsed_seconds": 18.4461350440979, "judgement": "Uncategorized"}
{"id": "basket_sum_000351", "topic": "basket_sum", "subtopic": "decimal_prices", "prompt": "You’re buying 5 items: $4.79, $14.12, $9.07, $19.61, $11.68. About how much will you pay (before tax)?", "exact_value": 59.27, "model": "tiiuae/Falcon-H1-7B-Instruct", "provider": "transformers", "response": "Finalются примерно к следующему числу путем округления и приблизительного подсчета стоимости примерно до ближайшего числа примерно до ближайшего числа примерно до ближайшего числа примерно до ближайшего числа примерно до ближайшего числа примерно до ближайшего числа примерно до ближайшего числа примерно до ближайшего числа примерно до ближайшего числа примерно до ближайшего числа примерно до ближайшего числа примерно до ближайшего числа примерно до ближайшего числа примерно до ближайшего числа примерно до ближайшего числа примерно до ближайшего числа примерно до ближайшего числа примерно до ближайшего числа примерно до ближайшего числа примерно до ближайшего числа примерно до ближайшего числа примерно до ближайшего числа примерно до ближайшего числа примерно до ближайшего числа примерно до ближайшего числа примерно до ближайшего числа примерно до ближайшего числа примерно до ближайшего числа примерно до ближайшего числа примерно до ближайшего числа примерно до ближайшего числа примерно до ближайшего числа примерно до ближайшего числа примерно до ближайшего числа примерно до ближайшего числа примерно до ближайшего числа примерно до ближайшего числа примерно до ближайшего числа примерно до ближайшего числа примерно до ближайшего числа примерно до ближайшего числа примерно до ближайшего числа примерно до ближайшего числа примерно до ближайшего числа примерно до ближайшего числа примерно до ближайшего числа примерно до ближайшего числа примерно до", "numeric_answer": null, "relative_error": null, "thinking_text": null, "has_tool_call": false, "tool_call": null, "usage": {"prompt_tokens": 218, "completion_tokens": 256, "total_tokens": 474, "token_count_source": "tokenizer"}, "decoding": {"temperature": 0.2, "top_p": null, "top_k": null, "max_tokens": 256, "seed": 42}, "prompt_tokens": 218, "completion_tokens": 256, "total_tokens": 474, "token_count_source": "tokenizer", "diffusion_steps": null, "flops_estimate": null, "flops_arch": null, "flops_model_params": null, "flops_active_params": null, "tokens_non_final": 201, "tokens_reasoning": 0, "tokens_response": 201, "elapsed_seconds": 18.53648567199707, "judgement": "Uncategorized"}
{"id": "basket_sum_000371", "topic": "basket_sum", "subtopic": "decimal_prices", "prompt": "You’re buying 5 items: $9.72, $2.29, $17.88, $2.49, $9.86. About how much will you pay (before tax)?", "exact_value": 42.24, "model": "tiiuae/Falcon-H1-7B-Instruct", "provider": "transformers", "response": "Finalются примерно к следующему числу путем округления и приблизительного подсчета стоимости примерно до ближайшего числа примерно до ближайшего числа примерно до ближайшего числа примерно до ближайшего числа примерно до ближайшего числа примерно до ближайшего числа примерно до ближайшего числа примерно до ближайшего числа примерно до ближайшего числа примерно до ближайшего числа примерно до ближайшего числа примерно до ближайшего числа примерно до ближайшего числа примерно до ближайшего числа примерно до ближайшего числа примерно до ближайшего числа примерно до ближайшего числа примерно до ближайшего числа примерно до ближайшего числа примерно до ближайшего числа примерно до ближайшего числа примерно до ближайшего числа примерно до ближайшего числа примерно до ближайшего числа примерно до ближайшего числа примерно до ближайшего числа примерно до ближайшего числа примерно до ближайшего числа примерно до ближайшего числа примерно до ближайшего числа примерно до ближайшего числа примерно до ближайшего числа примерно до ближайшего числа примерно до ближайшего числа примерно до ближайшего числа примерно до ближайшего числа примерно до ближайшего числа примерно до ближайшего числа примерно до ближайшего числа примерно до ближайшего числа примерно до ближайшего числа примерно до ближайшего числа примерно до ближайшего числа примерно до ближайшего числа примерно до ближайшего числа примерно до ближайшего числа примерно до ближайшего числа примерно до", "numeric_answer": null, "relative_error": null, "thinking_text": null, "has_tool_call": false, "tool_call": null, "usage": {"prompt_tokens": 216, "completion_tokens": 256, "total_tokens": 472, "token_count_source": "tokenizer"}, "decoding": {"temperature": 0.2, "top_p": null, "top_k": null, "max_tokens": 256, "seed": 42}, "prompt_tokens": 216, "completion_tokens": 256, "total_tokens": 472, "token_count_source": "tokenizer", "diffusion_steps": null, "flops_estimate": null, "flops_arch": null, "flops_model_params": null, "flops_active_params": null, "tokens_non_final": 201, "tokens_reasoning": 0, "tokens_response": 201, "elapsed_seconds": 18.73445749282837, "judgement": "Uncategorized"}
{"id": "basket_sum_000391", "topic": "basket_sum", "subtopic": "decimal_prices", "prompt": "You’re buying 6 items: $2.67, $2.79, $9.35, $5.00, $6.23, $4.50. About how much will you pay (before tax)?", "exact_value": 30.54, "model": "tiiuae/Falcon-H1-7B-Instruct", "provider": "transformers", "response": "Finalются примерно к ближайшему кратному числа примерно равному сумме округленных значений цен на товары до ближайшего целого числа или до ближайшего кратного числа примерно равного ются примерно к числу примерно равному сумме округленных значений цен до ближайшего кратного числа примерно равного примерно к примерно примерно примерно примерно примерно примерно примерно примерно примерно примерно примерно примерно примерно примерно примерно примерно примерно примерно примерно примерно примерно примерно примерно примерно примерно примерно примерно примерно примерно примерно примерно примерно примерно примерно примерно примерно примерно примерно примерно примерно примерно примерно примерно примерно примерно примерно примерно примерно примерно примерно примерно примерно примерно примерно примерно примерно примерно примерно примерно примерно примерно примерно примерно примерно примерно примерно примерно примерно примерно примерно примерно примерно примерно примерно примерно примерно примерно примерно примерно примерно примерно примерно примерно примерно примерно примерно примерно примерно примерно примерно примерно примерно примерно примерно примерно примерно примерно примерно примерно примерно примерно примерно примерно примерно примерно примерно примерно примерно примерно примерно примерно примерно примерно примерно примерно примерно примерно примерно примерно примерно примерно примерно примерно примерно примерно примерно примерно примерно примерно примерно примерно примерно примерно примерно примерно примерно примерно примерно примерно примерно примерно примерно примерно примерно примерно примерно примерно примерно примерно примерно примерно примерно примерно примерно примерно примерно примерно примерно примерно примерно примерно примерно примерно примерно примерно примерно примерно примерно примерно примерно примерно примерно примерно примерно примерно примерно примерно примерно примерно примерно примерно примерно примерно примерно примерно примерно примерно примерно примерно примерно примерно", "numeric_answer": null, "relative_error": null, "thinking_text": null, "has_tool_call": false, "tool_call": null, "usage": {"prompt_tokens": 222, "completion_tokens": 256, "total_tokens": 478, "token_count_source": "tokenizer"}, "decoding": {"temperature": 0.2, "top_p": null, "top_k": null, "max_tokens": 256, "seed": 42}, "prompt_tokens": 222, "completion_tokens": 256, "total_tokens": 478, "token_count_source": "tokenizer", "diffusion_steps": null, "flops_estimate": null, "flops_arch": null, "flops_model_params": null, "flops_active_params": null, "tokens_non_final": 234, "tokens_reasoning": 0, "tokens_response": 234, "elapsed_seconds": 18.806010007858276, "judgement": "Uncategorized"}
{"id": "basket_sum_000411", "topic": "basket_sum", "subtopic": "decimal_prices", "prompt": "You’re buying 6 items: $19.35, $1.11, $7.30, $7.27, $14.63, $8.58. About how much will you pay (before tax)?", "exact_value": 58.24, "model": "tiiuae/Falcon-H1-7B-Instruct", "provider": "transformers", "response": "Finalются примерно к следующему значению путем округления и приблизительного суммирования стоимости позиций до ближайших удобных для понимания чиселются примерно к следующему значению путем округления и приблизительного суммирования стоимости позиций до ближайших удобных для понимания чиселются примерно к следующему значению путем округления и приблизительного суммирования стоимости позиций до ближайших удобных для понимания чиселются примерно к следующему значению путем округления и приблизительного суммирования стоимости позиций до ближайших удобных для понимания чиселются примерно к следующему значению путем округления и приблизительного суммирования стоимости позиций до ближайших удобных для понимания чиселются примерно к следующему значению путем округления и приблизительного суммирования стоимости позиций до ближайших удобных для понимания чиселются примерно к следующему значению путем округления и приблизительного суммирования стоимости позиций до ближайших удобных для понимания чиселются примерно к следующему значению путем округления и приблизительного суммирования стоимости позиций до ближайших удобных для понимания чиселются примерно к следующему значению путем округления и приблизительного сум", "numeric_answer": null, "relative_error": null, "thinking_text": null, "has_tool_call": false, "tool_call": null, "usage": {"prompt_tokens": 224, "completion_tokens": 256, "total_tokens": 480, "token_count_source": "tokenizer"}, "decoding": {"temperature": 0.2, "top_p": null, "top_k": null, "max_tokens": 256, "seed": 42}, "prompt_tokens": 224, "completion_tokens": 256, "total_tokens": 480, "token_count_source": "tokenizer", "diffusion_steps": null, "flops_estimate": null, "flops_arch": null, "flops_model_params": null, "flops_active_params": null, "tokens_non_final": 146, "tokens_reasoning": 0, "tokens_response": 146, "elapsed_seconds": 19.351834297180176, "judgement": "Uncategorized"}
{"id": "basket_sum_000431", "topic": "basket_sum", "subtopic": "decimal_prices", "prompt": "You’re buying 5 items: $7.21, $16.25, $15.35, $1.62, $15.01. About how much will you pay (before tax)?", "exact_value": 55.44, "model": "tiiuae/Falcon-H1-7B-Instruct", "provider": "transformers", "response": "Finalются примерно к ближайшему кратному числа примерно равному сумме стоимости этих позиций после округления до целых чисел примерно равным примерно примерно примерно примерно примерно примерно примерно примерно примерно примерно примерно примерно примерно примерно примерно примерно примерно примерно примерно примерно примерно примерно примерно примерно примерно примерно примерно примерно примерно примерно примерно примерно примерно примерно примерно примерно примерно примерно примерно примерно примерно примерно примерно примерно примерно примерно примерно примерно примерно примерно примерно примерно примерно примерно примерно примерно примерно примерно примерно примерно примерно примерно примерно примерно примерно примерно примерно примерно примерно примерно примерно примерно примерно примерно примерно примерно примерно примерно примерно примерно примерно примерно примерно примерно примерно примерно примерно примерно примерно примерно примерно примерно примерно примерно примерно примерно примерно примерно примерно примерно примерно примерно примерно примерно примерно примерно примерно примерно примерно примерно примерно примерно примерно примерно примерно примерно примерно примерно примерно примерно примерно примерно примерно примерно примерно примерно примерно примерно примерно примерно примерно примерно примерно примерно примерно примерно примерно примерно примерно примерно примерно примерно примерно примерно примерно примерно примерно примерно примерно примерно примерно примерно примерно примерно примерно примерно примерно примерно примерно примерно примерно примерно примерно примерно примерно примерно примерно примерно примерно примерно примерно примерно примерно примерно примерно примерно примерно примерно примерно примерно примерно примерно примерно примерно примерно примерно примерно примерно примерно примерно примерно примерно примерно примерно примерно примерно примерно примерно примерно примерно примерно примерно примерно примерно примерно примерно примерно примерно примерно примерно примерно примерно примерно примерно примерно примерно примерно примерно примерно примерно примерно примерно примерно примерно примерно примерно примерно", "numeric_answer": null, "relative_error": null, "thinking_text": null, "has_tool_call": false, "tool_call": null, "usage": {"prompt_tokens": 218, "completion_tokens": 256, "total_tokens": 474, "token_count_source": "tokenizer"}, "decoding": {"temperature": 0.2, "top_p": null, "top_k": null, "max_tokens": 256, "seed": 42}, "prompt_tokens": 218, "completion_tokens": 256, "total_tokens": 474, "token_count_source": "tokenizer", "diffusion_steps": null, "flops_estimate": null, "flops_arch": null, "flops_model_params": null, "flops_active_params": null, "tokens_non_final": 246, "tokens_reasoning": 0, "tokens_response": 246, "elapsed_seconds": 18.716586589813232, "judgement": "Uncategorized"}
{"id": "basket_sum_000451", "topic": "basket_sum", "subtopic": "decimal_prices", "prompt": "You’re buying 4 items: $15.91, $2.34, $17.70, $14.92. About how much will you pay (before tax)?", "exact_value": 50.87, "model": "tiiuae/Falcon-H1-7B-Instruct", "provider": "transformers", "response": "Finalются примерно к ближайшему кратному числа примерно равному сумме округленных значений стоимости каждого товараываются примерно к ближайшему кратному числа примерно равному сумме округленных значений стоимости каждого товараются примерно к ближайшему кратному числа примерно равному сумме округленных значений стоимости каждого товараются примерно к ближайшему кратному числа примерно равному сумме округленных значений стоимости каждого товараются примерно к ближайшему кратному числа примерно равному сумме округленных значений стоимости каждого товараются примерно к ближайшему кратному числа примерно равному сумме округленных значений стоимости каждого товараются примерно к ближайшему кратному числа примерно равному сумме округленных значений стоимости каждого товараются примерно к ближайшему кратному числа примерно равному сумме округленных значений стоимости каждого товараываются примерно к ближайшему кратному числа примерно равному сумме округленных значений стоимости каждого товараываются примерно к ближайшему кратному числа примерно равному сумме округленных значений стоимости каждого товараываются примерно к ближайшему кратному числа примерно равному сумме округленных значений стоимости каждого товараываются примерно к ближайшему кратному числа примерно равному сумме округленных значений стоимости каждого товараываются примерно к", "numeric_answer": null, "relative_error": null, "thinking_text": null, "has_tool_call": false, "tool_call": null, "usage": {"prompt_tokens": 211, "completion_tokens": 256, "total_tokens": 467, "token_count_source": "tokenizer"}, "decoding": {"temperature": 0.2, "top_p": null, "top_k": null, "max_tokens": 256, "seed": 42}, "prompt_tokens": 211, "completion_tokens": 256, "total_tokens": 467, "token_count_source": "tokenizer", "diffusion_steps": null, "flops_estimate": null, "flops_arch": null, "flops_model_params": null, "flops_active_params": null, "tokens_non_final": 159, "tokens_reasoning": 0, "tokens_response": 159, "elapsed_seconds": 18.72867727279663, "judgement": "Uncategorized"}
{"id": "basket_sum_000471", "topic": "basket_sum", "subtopic": "decimal_prices", "prompt": "You’re buying 5 items: $9.40, $19.52, $11.04, $3.12, $1.27. About how much will you pay (before tax)?", "exact_value": 44.35, "model": "tiiuae/Falcon-H1-7B-Instruct", "provider": "transformers", "response": "Finalются примерно к ближайшему кратному числа примерно равному сумме округленных значений ценовыми позициямиываются примерно к ближайшему кратному числа примерно равному сумме округленных значений ценовых позиций", "numeric_answer": null, "relative_error": null, "thinking_text": null, "has_tool_call": false, "tool_call": null, "usage": {"prompt_tokens": 217, "completion_tokens": 45, "total_tokens": 262, "token_count_source": "tokenizer"}, "decoding": {"temperature": 0.2, "top_p": null, "top_k": null, "max_tokens": 256, "seed": 42}, "prompt_tokens": 217, "completion_tokens": 45, "total_tokens": 262, "token_count_source": "tokenizer", "diffusion_steps": null, "flops_estimate": null, "flops_arch": null, "flops_model_params": null, "flops_active_params": null, "tokens_non_final": 25, "tokens_reasoning": 0, "tokens_response": 25, "elapsed_seconds": 3.30342435836792, "judgement": "Uncategorized"}
{"id": "basket_sum_000491", "topic": "basket_sum", "subtopic": "decimal_prices", "prompt": "You’re buying 3 items: $12.29, $7.74, $10.02. About how much will you pay (before tax)?", "exact_value": 30.05, "model": "tiiuae/Falcon-H1-7B-Instruct", "provider": "transformers", "response": "Finalются примерно к следующему значению путем округления и приближенной суммы стоимости позиций до ближайших удобных для восприятия значенийются примерно к следующемуührtwicklung путем округления стоимости позиций до ближайших удобных для восприятия значений и приблизительной суммыются примерно к следующемуührtwicklung путем округления стоимости позиций до ближайших удобных для восприятия значенийются примерно к следующемуührtwicklung путем округления стоимости позиций до ближайших удобных для восприятия значенийываются примерно к следующемуührtwicklung путем округления стоимости позиций до ближайшихührtwicklung путем округления стоимости позицийются примерно к следующемуührtwicklung путем округления стоимости позицийываются примерноются примерноются примерноются примерноются примерноются примерноются примерноются примерноются примерноются примерноются примерноются примерноются примерноются примерноются примерноются примерноются примерноются примерноываются примерноются примерноываются примерноываются примерноываются примерноываются примерноываются примерноываются примерноываются примерноываются примерноываются примерноываются примерноываются примерноываются примерноываются примерноываются примерноываются примерноываются примерноываются примерноываются примерноываются примерноываются примерноываются примерноываются примерноываются примерноываются примерноываются примерноываются примерноываются примерноываются примерноываются примерноываются примерноываются примерноываются примерноываются примерноываются примерноываются примерноываются примерноываются примерноываются примерно", "numeric_answer": null, "relative_error": null, "thinking_text": null, "has_tool_call": false, "tool_call": null, "usage": {"prompt_tokens": 203, "completion_tokens": 256, "total_tokens": 459, "token_count_source": "tokenizer"}, "decoding": {"temperature": 0.2, "top_p": null, "top_k": null, "max_tokens": 256, "seed": 42}, "prompt_tokens": 203, "completion_tokens": 256, "total_tokens": 459, "token_count_source": "tokenizer", "diffusion_steps": null, "flops_estimate": null, "flops_arch": null, "flops_model_params": null, "flops_active_params": null, "tokens_non_final": 138, "tokens_reasoning": 0, "tokens_response": 138, "elapsed_seconds": 18.644497871398926, "judgement": "Uncategorized"}
{"id": "basket_sum_000511", "topic": "basket_sum", "subtopic": "decimal_prices", "prompt": "You’re buying 5 items: $19.01, $7.47, $3.87, $10.40, $14.78. About how much will you pay (before tax)?", "exact_value": 55.53, "model": "tiiuae/Falcon-H1-7B-Instruct", "provider": "transformers", "response": "Finalются примерно к следующему значению путем округления и приблизительного суммирования стоимости позиций до ближайших удобных для восприятия значенийются примерно к следующемуührtwicklung путем округления стоимости позиций до ближайших удобных для восприятия значений и приблизительного суммированияются примерно к следующемуührtwicklung путем округления стоимости позиций до ближайших удобных для восприятия значенийются примерно к следующемуührtwicklung путем округления стоимости позиций до ближайших удобных для восприятияются примерно к следующемуührtwicklung путем округления стоимости позиций до ближайшихются примерноются примерноются примерноются примерноются примерноются примерноются примерноются примерноются примерноются примерноются примерноются примерноются примерноются примерноются примерноываются примерноются примерноываются примерноываются примерноываются примерноываются примерноываются примерноываются примерноываются примерноываются примерноываются примерноываются примерноываются примерноываются примерноываются примерноываются примерноываются примерноываются примерноываются примерноываются примерноываются примерноываются примерноываются примерноываются примерноываются примерноываются примерноываются примерноываются примерноываются примерноываются примерноываются примерноываются примерноываются примерноываются примерноываются примерноываются примерноываются примерноываются примерноываются примерноываются примерноываются примерноываются примерноываются примерноываются примерноываются примерноываются примерноываются примерноываются примерноываются примерноываются примерноываются примерноываются примерноываются", "numeric_answer": null, "relative_error": null, "thinking_text": null, "has_tool_call": false, "tool_call": null, "usage": {"prompt_tokens": 218, "completion_tokens": 256, "total_tokens": 474, "token_count_source": "tokenizer"}, "decoding": {"temperature": 0.2, "top_p": null, "top_k": null, "max_tokens": 256, "seed": 42}, "prompt_tokens": 218, "completion_tokens": 256, "total_tokens": 474, "token_count_source": "tokenizer", "diffusion_steps": null, "flops_estimate": null, "flops_arch": null, "flops_model_params": null, "flops_active_params": null, "tokens_non_final": 135, "tokens_reasoning": 0, "tokens_response": 135, "elapsed_seconds": 18.555343627929688, "judgement": "Uncategorized"}
{"id": "basket_sum_000531", "topic": "basket_sum", "subtopic": "decimal_prices", "prompt": "You’re buying 3 items: $19.08, $1.40, $9.05. About how much will you pay (before tax)?", "exact_value": 29.53, "model": "tiiuae/Falcon-H1-7B-Instruct", "provider": "transformers", "response": "Finalются примерно к ближайшему кратному числа примерно равному сумме стоимости этих товаров после округления до примерно примерно примерно примерно примерно примерно примерно примерно примерно примерно примерно примерно примерно примерно примерно примерно примерно примерно примерно примерно примерно примерно примерно примерно примерно примерно примерно примерно примерно примерно примерно примерно примерно примерно примерно примерно примерно примерно примерно примерно примерно примерно примерно примерно примерно примерно примерно примерно примерно примерно примерно примерно примерно примерно примерно примерно примерно примерно примерно примерно примерно примерно примерно примерно примерно примерно примерно примерно примерно примерно примерно примерно примерно примерно примерно примерно примерно примерно примерно примерно примерно примерно примерно примерно примерно примерно примерно примерно примерно примерно примерно примерно примерно примерно примерно примерно примерно примерно примерно примерно примерно примерно примерно примерно примерно примерно примерно примерно примерно примерно примерно примерно примерно примерно примерно примерно примерно примерно примерно примерно примерно примерно примерно примерно примерно примерно примерно примерно примерно примерно примерно примерно примерно примерно примерно примерно примерно примерно примерно примерно примерно примерно примерно примерно примерно примерно примерно примерно примерно примерно примерно примерно примерно примерно примерно примерно примерно примерно примерно примерно примерно примерно примерно примерно примерно примерно примерно примерно примерно примерно примерно примерно примерно примерно примерно примерно примерно примерно примерно примерно примерно примерно примерно примерно примерно примерно примерно примерно примерно примерно примерно примерно примерно примерно примерно примерно примерно примерно примерно примерно примерно примерно примерно примерно примерно примерно примерно примерно примерно примерно примерно примерно примерно примерно примерно примерно примерно примерно примерно примерно примерно примерно примерно примерно примерно примерно примерно примерно примерно примерно примерно примерно примерно примерно примерно", "numeric_answer": null, "relative_error": null, "thinking_text": null, "has_tool_call": false, "tool_call": null, "usage": {"prompt_tokens": 202, "completion_tokens": 256, "total_tokens": 458, "token_count_source": "tokenizer"}, "decoding": {"temperature": 0.2, "top_p": null, "top_k": null, "max_tokens": 256, "seed": 42}, "prompt_tokens": 202, "completion_tokens": 256, "total_tokens": 458, "token_count_source": "tokenizer", "diffusion_steps": null, "flops_estimate": null, "flops_arch": null, "flops_model_params": null, "flops_active_params": null, "tokens_non_final": 250, "tokens_reasoning": 0, "tokens_response": 250, "elapsed_seconds": 18.710848569869995, "judgement": "Uncategorized"}
{"id": "basket_sum_000551", "topic": "basket_sum", "subtopic": "decimal_prices", "prompt": "You’re buying 4 items: $11.87, $4.88, $19.26, $15.04. About how much will you pay (before tax)?", "exact_value": 51.05, "model": "tiiuae/Falcon-H1-7B-Instruct", "provider": "transformers", "response": "Finalются примерно к ближайшему кратному числа примерно равному сумме округленных значений стоимости каждого товараываются примерно к ближайшему кратному числа примерно равному сумме округленных значений стоимости каждого товараются примерно к ближайшему кратному числа примерно равному сумме округленных значений стоимости каждого товараются примерно к ближайшему кратному числа примерно равному сумме округленных значений стоимости каждого товараются примерно к ближайшему кратному числа примерно равному сумме округленных значений стоимости каждого товараются примерно к ближайшему кратному числа примерно равному сумме округленных значений стоимости каждого товараются примерно к ближайшему кратному числа примерно равному сумме округленных значений стоимости каждого товараются примерно к ближайшему кратному числа примерно равному сумме округленных значений стоимости каждого товараываются примерно к ближайшему кратному числа примерно равному сумме округленных значений стоимости каждого товараываются примерно к ближайшему кратному числа примерно равному сумме округленных значений стоимости каждого товараываются примерно к ближайшему кратному числа примерно равному сумме округленных значений стоимости каждого товараываются примерно к ближайшему кратному числа примерно равному сумме округленных значений стоимости каждого товараываются примерно к", "numeric_answer": null, "relative_error": null, "thinking_text": null, "has_tool_call": false, "tool_call": null, "usage": {"prompt_tokens": 211, "completion_tokens": 256, "total_tokens": 467, "token_count_source": "tokenizer"}, "decoding": {"temperature": 0.2, "top_p": null, "top_k": null, "max_tokens": 256, "seed": 42}, "prompt_tokens": 211, "completion_tokens": 256, "total_tokens": 467, "token_count_source": "tokenizer", "diffusion_steps": null, "flops_estimate": null, "flops_arch": null, "flops_model_params": null, "flops_active_params": null, "tokens_non_final": 159, "tokens_reasoning": 0, "tokens_response": 159, "elapsed_seconds": 18.868614673614502, "judgement": "Uncategorized"}
{"id": "basket_sum_000571", "topic": "basket_sum", "subtopic": "decimal_prices", "prompt": "You’re buying 6 items: $6.73, $19.19, $7.76, $16.39, $3.13, $17.44. About how much will you pay (before tax)?", "exact_value": 70.64, "model": "tiiuae/Falcon-H1-7B-Instruct", "provider": "transformers", "response": "Finalются примерно к ближайшему кратному числа примерно равному суммы округленных значений цен на товарыываются примерно к ближайшему кратному числа примерно равному сумме округленных значений цен на товарыываются примерно к ближайшему кратному числа примерно равному сумме округленных значений цен на товарыываются примерно к ближайшему кратному числа примерно равному сумме округленных значений цен на товарыываются примерно к ближайшему кратному числа примерно равному сумме округленных значений цен на товарыываются примерно к ближайшему кратному числа примерно равному сумме округленных значений цен на товарыываются примерно к ближайшему кратному числа примерно равному сумме округленных значений цен на товарыываются примерно к ближайшему кратному числа примерно равному сумме округленных значений цен на товарыываются примерно к ближайшему кратному числа примерно равному сумме округленных значений цен на товарыываются примерно к ближайшему кратному числа примерно равному сумме округленных значений цен на товарыываются примерно к ближайшему кратному числа примерно равному сумме округленных значений цен на товарыываются примерно к ближайшему кратному числа примерно равному сумме округленных значений цен на товарыываются примерно к ближай", "numeric_answer": null, "relative_error": null, "thinking_text": null, "has_tool_call": false, "tool_call": null, "usage": {"prompt_tokens": 225, "completion_tokens": 256, "total_tokens": 481, "token_count_source": "tokenizer"}, "decoding": {"temperature": 0.2, "top_p": null, "top_k": null, "max_tokens": 256, "seed": 42}, "prompt_tokens": 225, "completion_tokens": 256, "total_tokens": 481, "token_count_source": "tokenizer", "diffusion_steps": null, "flops_estimate": null, "flops_arch": null, "flops_model_params": null, "flops_active_params": null, "tokens_non_final": 160, "tokens_reasoning": 0, "tokens_response": 160, "elapsed_seconds": 18.747140169143677, "judgement": "Uncategorized"}
{"id": "basket_sum_000591", "topic": "basket_sum", "subtopic": "decimal_prices", "prompt": "You’re buying 3 items: $0.99, $3.35, $7.00. About how much will you pay (before tax)?", "exact_value": 11.34, "model": "tiiuae/Falcon-H1-7B-Instruct", "provider": "transformers", "response": "Finalются примерно к ближайшему кратному числа примерно равному сумме стоимости этих товаров после округления до удобных для восприятия значенийются примерно к ближайшему кратному числа примерно равному сумме стоимости этих товаров после округления до удобных для восприятия значенийются примерно к ближайшему кратному числа примерно равному сумме стоимости этих товаров после округления до удобных для восприятия значенийются примерно к ближайшему кратному числа примерно равному сумме стоимости этих товаров после округления до удобных для восприятия значенийются примерно к ближайшему кратному числа примерно равному сумме стоимости этих товаров после округления до удобных для восприятия значенийются примерно к ближайшему кратному числа примерно равному сумме стоимости этих товаров после округления до удобных для восприятия значенийются примерно к ближайшему кратному числа примерно равному сумме стоимости этих товаров после округления до удобных для восприятия значенийются примерно к ближайшему кратному числа примерно равному сумме стоимости этих товаров после округления до удобных для восприятия значенийются примерно к ближайшему кратному числа примерно равному сумме стоимости этих товаров после округления до удобных для восприятия значенийются примерно к ближайшему кратному числа примерно равному сум", "numeric_answer": null, "relative_error": null, "thinking_text": null, "has_tool_call": false, "tool_call": null, "usage": {"prompt_tokens": 201, "completion_tokens": 256, "total_tokens": 457, "token_count_source": "tokenizer"}, "decoding": {"temperature": 0.2, "top_p": null, "top_k": null, "max_tokens": 256, "seed": 42}, "prompt_tokens": 201, "completion_tokens": 256, "total_tokens": 457, "token_count_source": "tokenizer", "diffusion_steps": null, "flops_estimate": null, "flops_arch": null, "flops_model_params": null, "flops_active_params": null, "tokens_non_final": 171, "tokens_reasoning": 0, "tokens_response": 171, "elapsed_seconds": 18.57226252555847, "judgement": "Uncategorized"}
{"id": "basket_sum_000611", "topic": "basket_sum", "subtopic": "decimal_prices", "prompt": "You’re buying 5 items: $18.98, $19.99, $18.20, $16.09, $3.27. About how much will you pay (before tax)?", "exact_value": 76.53, "model": "tiiuae/Falcon-H1-7B-Instruct", "provider": "transformers", "response": "Finalются примерно к ближайшему кратному числа примерно равному сумме стоимости этих товаров после округления до примерно примерно примерно примерно примерно примерно примерно примерно примерно примерно примерно примерно примерно примерно примерно примерно примерно примерно примерно примерно примерно примерно примерно примерно примерно примерно примерно примерно примерно примерно примерно примерно примерно примерно примерно примерно примерно примерно примерно примерно примерно примерно примерно примерно примерно примерно примерно примерно примерно примерно примерно примерно примерно примерно примерно примерно примерно примерно примерно примерно примерно примерно примерно примерно примерно примерно примерно примерно примерно примерно примерно примерно примерно примерно примерно примерно примерно примерно примерно примерно примерно примерно примерно примерно примерно примерно примерно примерно примерно примерно примерно примерно примерно примерно примерно примерно примерно примерно примерно примерно примерно примерно примерно примерно примерно примерно примерно примерно примерно примерно примерно примерно примерно примерно примерно примерно примерно примерно примерно примерно примерно примерно примерно примерно примерно примерно примерно примерно примерно примерно примерно примерно примерно примерно примерно примерно примерно примерно примерно примерно примерно примерно примерно примерно примерно примерно примерно примерно примерно примерно примерно примерно примерно примерно примерно примерно примерно примерно примерно примерно примерно примерно примерно примерно примерно примерно примерно примерно примерно примерно примерно примерно примерно примерно примерно примерно примерно примерно примерно примерно примерно примерно примерно примерно примерно примерно примерно примерно примерно примерно примерно примерно примерно примерно примерно примерно примерно примерно примерно примерно примерно примерно примерно примерно примерно примерно примерно примерно примерно примерно примерно примерно примерно примерно примерно примерно примерно примерно примерно примерно примерно примерно примерно примерно примерно примерно примерно примерно примерно примерно примерно примерно примерно примерно примерно", "numeric_answer": null, "relative_error": null, "thinking_text": null, "has_tool_call": false, "tool_call": null, "usage": {"prompt_tokens": 219, "completion_tokens": 256, "total_tokens": 475, "token_count_source": "tokenizer"}, "decoding": {"temperature": 0.2, "top_p": null, "top_k": null, "max_tokens": 256, "seed": 42}, "prompt_tokens": 219, "completion_tokens": 256, "total_tokens": 475, "token_count_source": "tokenizer", "diffusion_steps": null, "flops_estimate": null, "flops_arch": null, "flops_model_params": null, "flops_active_params": null, "tokens_non_final": 250, "tokens_reasoning": 0, "tokens_response": 250, "elapsed_seconds": 18.454806804656982, "judgement": "Uncategorized"}
{"id": "basket_sum_000631", "topic": "basket_sum", "subtopic": "decimal_prices", "prompt": "You’re buying 6 items: $6.60, $16.40, $12.63, $14.05, $19.28, $13.75. About how much will you pay (before tax)?", "exact_value": 82.71, "model": "tiiuae/Falcon-H1-7B-Instruct", "provider": "transformers", "response": "Finalются примерно путем округления каждого значения до ближайшего удобного числа и затем суммирования примерно примерно получается примерно примерно примерно примерно примерно примерно примерно примерно примерно примерно примерно примерно примерно примерно примерно примерно примерно примерно примерно примерно примерно примерно примерно примерно примерно примерно примерно примерно примерно примерно примерно примерно примерно примерно примерно примерно примерно примерно примерно примерно примерно примерно примерно примерно примерно примерно примерно примерно примерно примерно примерно примерно примерно примерно примерно примерно примерно примерно примерно примерно примерно примерно примерно примерно примерно примерно примерно примерно примерно примерно примерно примерно примерно примерно примерно примерно примерно примерно примерно примерно примерно примерно примерно примерно примерно примерно примерно примерно примерно примерно примерно примерно примерно примерно примерно примерно примерно примерно примерно примерно примерно примерно примерно примерно примерно примерно примерно примерно примерно примерно примерно примерно примерно примерно примерно примерно примерно примерно примерно примерно примерно примерно примерно примерно примерно примерно примерно примерно примерно примерно примерно примерно примерно примерно примерно примерно примерно примерно примерно примерно примерно примерно примерно примерно примерно примерно примерно примерно примерно примерно примерно примерно примерно примерно примерно примерно примерно примерно примерно примерно примерно примерно примерно примерно примерно примерно примерно примерно примерно примерно примерно примерно примерно примерно примерно примерно примерно примерно примерно примерно примерно примерно примерно примерно примерно примерно примерно примерно примерно примерно примерно примерно примерно примерно примерно примерно примерно примерно примерно примерно примерно примерно примерно примерно примерно примерно примерно примерно примерно примерно примерно примерно примерно примерно примерно примерно примерно примерно примерно примерно примерно примерно примерно примерно примерно примерно примерно примерно примерно примерно примерно примерно примерно", "numeric_answer": null, "relative_error": null, "thinking_text": null, "has_tool_call": false, "tool_call": null, "usage": {"prompt_tokens": 227, "completion_tokens": 256, "total_tokens": 483, "token_count_source": "tokenizer"}, "decoding": {"temperature": 0.2, "top_p": null, "top_k": null, "max_tokens": 256, "seed": 42}, "prompt_tokens": 227, "completion_tokens": 256, "total_tokens": 483, "token_count_source": "tokenizer", "diffusion_steps": null, "flops_estimate": null, "flops_arch": null, "flops_model_params": null, "flops_active_params": null, "tokens_non_final": 249, "tokens_reasoning": 0, "tokens_response": 249, "elapsed_seconds": 18.652848958969116, "judgement": "Uncategorized"}
{"id": "basket_sum_000651", "topic": "basket_sum", "subtopic": "decimal_prices", "prompt": "You’re buying 3 items: $14.35, $18.58, $9.20. About how much will you pay (before tax)?", "exact_value": 42.13, "model": "tiiuae/Falcon-H1-7B-Instruct", "provider": "transformers", "response": "Finalются примерно к ближайшему кратному числа примерно равному сумме стоимости этих товаров после округления до примерно примерно примерно примерно примерно примерно примерно примерно примерно примерно примерно примерно примерно примерно примерно примерно примерно примерно примерно примерно примерно примерно примерно примерно примерно примерно примерно примерно примерно примерно примерно примерно примерно примерно примерно примерно примерно примерно примерно примерно примерно примерно примерно примерно примерно примерно примерно примерно примерно примерно примерно примерно примерно примерно примерно примерно примерно примерно примерно примерно примерно примерно примерно примерно примерно примерно примерно примерно примерно примерно примерно примерно примерно примерно примерно примерно примерно примерно примерно примерно примерно примерно примерно примерно примерно примерно примерно примерно примерно примерно примерно примерно примерно примерно примерно примерно примерно примерно примерно примерно примерно примерно примерно примерно примерно примерно примерно примерно примерно примерно примерно примерно примерно примерно примерно примерно примерно примерно примерно примерно примерно примерно примерно примерно примерно примерно примерно примерно примерно примерно примерно примерно примерно примерно примерно примерно примерно примерно примерно примерно примерно примерно примерно примерно примерно примерно примерно примерно примерно примерно примерно примерно примерно примерно примерно примерно примерно примерно примерно примерно примерно примерно примерно примерно примерно примерно примерно примерно примерно примерно примерно примерно примерно примерно примерно примерно примерно примерно примерно примерно примерно примерно примерно примерно примерно примерно примерно примерно примерно примерно примерно примерно примерно примерно примерно примерно примерно примерно примерно примерно примерно примерно примерно примерно примерно примерно примерно примерно примерно примерно примерно примерно примерно примерно примерно примерно примерно примерно примерно примерно примерно примерно примерно примерно примерно примерно примерно примерно примерно примерно примерно примерно примерно примерно примерно", "numeric_answer": null, "relative_error": null, "thinking_text": null, "has_tool_call": false, "tool_call": null, "usage": {"prompt_tokens": 203, "completion_tokens": 256, "total_tokens": 459, "token_count_source": "tokenizer"}, "decoding": {"temperature": 0.2, "top_p": null, "top_k": null, "max_tokens": 256, "seed": 42}, "prompt_tokens": 203, "completion_tokens": 256, "total_tokens": 459, "token_count_source": "tokenizer", "diffusion_steps": null, "flops_estimate": null, "flops_arch": null, "flops_model_params": null, "flops_active_params": null, "tokens_non_final": 250, "tokens_reasoning": 0, "tokens_response": 250, "elapsed_seconds": 18.799911499023438, "judgement": "Uncategorized"}
{"id": "basket_sum_000671", "topic": "basket_sum", "subtopic": "decimal_prices", "prompt": "You’re buying 5 items: $5.42, $15.65, $14.74, $19.74, $2.91. About how much will you pay (before tax)?", "exact_value": 58.46, "model": "tiiuae/Falcon-H1-7B-Instruct", "provider": "transformers", "response": "Finalются примерно к ближайшему кратному числа примерно равному сумме округленных значений стоимости каждого предметаываются примерно к ближайшему кратному числа примерно равному сумме округленных значений стоимости каждого предметаываются примерно к ближайшему кратному числа примерно равному сумме округленных значений стоимости каждого предметаываются примерно к ближайшему кратному числа примерно равному сумме округленных значений стоимости каждого предметаываются примерно к ближайшему кратному числа примерно равному сумме округленных значений стоимости каждого предметаываются примерно к ближайшему кратному числа примерно равному сумме округленных значений стоимости каждого предметаываются примерно к ближайшему кратному числа примерно равному сумме округленных значений стоимости каждого предметаываются примерно к ближайшему кратному числа примерно равному сумме округленных значений стоимости каждого предметаываются примерно к ближайшему кратному числа примерно равному сумме округленных значений стоимости каждого предметаываются примерно к ближайшему кратному числа примерно равному сумме округленных значений стоимости каждого предметаываются примерно к ближайшему кратному числа примерно равному сумме округленных значений стоимости каждого предметаываются примерно к ближайшему кратному числа примерно равному сумме", "numeric_answer": null, "relative_error": null, "thinking_text": null, "has_tool_call": false, "tool_call": null, "usage": {"prompt_tokens": 218, "completion_tokens": 256, "total_tokens": 474, "token_count_source": "tokenizer"}, "decoding": {"temperature": 0.2, "top_p": null, "top_k": null, "max_tokens": 256, "seed": 42}, "prompt_tokens": 218, "completion_tokens": 256, "total_tokens": 474, "token_count_source": "tokenizer", "diffusion_steps": null, "flops_estimate": null, "flops_arch": null, "flops_model_params": null, "flops_active_params": null, "tokens_non_final": 152, "tokens_reasoning": 0, "tokens_response": 152, "elapsed_seconds": 18.435176849365234, "judgement": "Uncategorized"}
{"id": "basket_sum_000691", "topic": "basket_sum", "subtopic": "decimal_prices", "prompt": "You’re buying 6 items: $8.22, $18.07, $7.30, $1.67, $13.66, $9.30. About how much will you pay (before tax)?", "exact_value": 58.22, "model": "tiiuae/Falcon-H1-7B-Instruct", "provider": "transformers", "response": "Finalются примерно к ближайшему кратному числа примерно равному суммы округленных значений цен на товарыываются примерно к ближайшему кратному числа примерно равному сумме округленных значений цен на товарыываются примерно к ближайшему кратному числа примерно равному сумме округленных значений цен на товарыываются примерно к ближайшему кратному числа примерно равному сумме округленных значений цен на товарыываются примерно к ближайшему кратному числа примерно равному сумме округленных значений цен на товарыываются примерно к ближайшему кратному числа примерно равному сумме округленных значений цен на товарыываются примерно к ближайшему кратному числа примерно равному сумме округленных значений цен на товарыываются примерно к ближайшему кратному числа примерно равному сумме округленных значений цен на товарыываются примерно к ближайшему кратному числа примерно равному сумме округленных значений цен на товарыываются примерно к ближайшему кратному числа примерно равному сумме округленных значений цен на товарыываются примерно к ближайшему кратному числа примерно равному сумме округленных значений цен на товарыываются примерно к ближайшему кратному числа примерно равному сумме округленных значений цен на товарыываются примерно к ближай", "numeric_answer": null, "relative_error": null, "thinking_text": null, "has_tool_call": false, "tool_call": null, "usage": {"prompt_tokens": 224, "completion_tokens": 256, "total_tokens": 480, "token_count_source": "tokenizer"}, "decoding": {"temperature": 0.2, "top_p": null, "top_k": null, "max_tokens": 256, "seed": 42}, "prompt_tokens": 224, "completion_tokens": 256, "total_tokens": 480, "token_count_source": "tokenizer", "diffusion_steps": null, "flops_estimate": null, "flops_arch": null, "flops_model_params": null, "flops_active_params": null, "tokens_non_final": 160, "tokens_reasoning": 0, "tokens_response": 160, "elapsed_seconds": 18.725547790527344, "judgement": "Uncategorized"}
{"id": "basket_sum_000711", "topic": "basket_sum", "subtopic": "decimal_prices", "prompt": "You’re buying 3 items: $16.39, $19.24, $12.71. About how much will you pay (before tax)?", "exact_value": 48.34, "model": "tiiuae/Falcon-H1-7B-Instruct", "provider": "transformers", "response": "Finalются примерно к следующему значению путем округления и приближения стоимости каждого товара до ближайшего удобного числа перед суммированием примерно примерно до ближайшего кратного числа примерно примерно примерно примерно примерно примерно примерно примерно примерно примерно примерно примерно примерно примерно примерно примерно примерно примерно примерно примерно примерно примерно примерно примерно примерно примерно примерно примерно примерно примерно примерно примерно примерно примерно примерно примерно примерно примерно примерно примерно примерно примерно примерно примерно примерно примерно примерно примерно примерно примерно примерно примерно примерно примерно примерно примерно примерно примерно примерно примерно примерно примерно примерно примерно примерно примерно примерно примерно примерно примерно примерно примерно примерно примерно примерно примерно примерно примерно примерно примерно примерно примерно примерно примерно примерно примерно примерно примерно примерно примерно примерно примерно примерно примерно примерно примерно примерно примерно примерно примерно примерно примерно примерно примерно примерно примерно примерно примерно примерно примерно примерно примерно примерно примерно примерно примерно примерно примерно примерно примерно примерно примерно примерно примерно примерно примерно примерно примерно примерно примерно примерно примерно примерно примерно примерно примерно примерно примерно примерно примерно примерно примерно примерно примерно примерно примерно примерно примерно примерно примерно примерно примерно примерно примерно примерно примерно примерно примерно примерно примерно примерно примерно примерно примерно примерно примерно примерно примерно примерно примерно примерно примерно примерно примерно примерно примерно примерно примерно примерно примерно примерно примерно примерно примерно примерно примерно примерно примерно примерно примерно примерно примерно примерно примерно примерно примерно примерно примерно примерно примерно примерно примерно примерно примерно примерно примерно примерно примерно примерно примерно примерно примерно примерно примерно примерно примерно примерно примерно примерно", "numeric_answer": null, "relative_error": null, "thinking_text": null, "has_tool_call": false, "tool_call": null, "usage": {"prompt_tokens": 204, "completion_tokens": 256, "total_tokens": 460, "token_count_source": "tokenizer"}, "decoding": {"temperature": 0.2, "top_p": null, "top_k": null, "max_tokens": 256, "seed": 42}, "prompt_tokens": 204, "completion_tokens": 256, "total_tokens": 460, "token_count_source": "tokenizer", "diffusion_steps": null, "flops_estimate": null, "flops_arch": null, "flops_model_params": null, "flops_active_params": null, "tokens_non_final": 243, "tokens_reasoning": 0, "tokens_response": 243, "elapsed_seconds": 18.72719407081604, "judgement": "Uncategorized"}
{"id": "basket_sum_000731", "topic": "basket_sum", "subtopic": "decimal_prices", "prompt": "You’re buying 3 items: $17.18, $6.99, $17.00. About how much will you pay (before tax)?", "exact_value": 41.17, "model": "tiiuae/Falcon-H1-7B-Instruct", "provider": "transformers", "response": "Finalются примерно к ближайшему кратному числа примерно равному сумме стоимости этих товаров после округления до целых чисел примерно до ближайшего кратного числа примерно равного примерно примерно примерно примерно примерно примерно примерно примерно примерно примерно примерно примерно примерно примерно примерно примерно примерно примерно примерно примерно примерно примерно примерно примерно примерно примерно примерно примерно примерно примерно примерно примерно примерно примерно примерно примерно примерно примерно примерно примерно примерно примерно примерно примерно примерно примерно примерно примерно примерно примерно примерно примерно примерно примерно примерно примерно примерно примерно примерно примерно примерно примерно примерно примерно примерно примерно примерно примерно примерно примерно примерно примерно примерно примерно примерно примерно примерно примерно примерно примерно примерно примерно примерно примерно примерно примерно примерно примерно примерно примерно примерно примерно примерно примерно примерно примерно примерно примерно примерно примерно примерно примерно примерно примерно примерно примерно примерно примерно примерно примерно примерно примерно примерно примерно примерно примерно примерно примерно примерно примерно примерно примерно примерно примерно примерно примерно примерно примерно примерно примерно примерно примерно примерно примерно примерно примерно примерно примерно примерно примерно примерно примерно примерно примерно примерно примерно примерно примерно примерно примерно примерно примерно примерно примерно примерно примерно примерно примерно примерно примерно примерно примерно примерно примерно примерно примерно примерно примерно примерно примерно примерно примерно примерно примерно примерно примерно примерно примерно примерно примерно примерно примерно примерно примерно примерно примерно примерно примерно примерно примерно примерно примерно примерно примерно примерно примерно примерно примерно примерно примерно примерно примерно примерно примерно примерно примерно примерно примерно примерно примерно примерно примерно примерно примерно примерно примерно примерно примерно примерно примерно примерно", "numeric_answer": null, "relative_error": null, "thinking_text": null, "has_tool_call": false, "tool_call": null, "usage": {"prompt_tokens": 203, "completion_tokens": 256, "total_tokens": 459, "token_count_source": "tokenizer"}, "decoding": {"temperature": 0.2, "top_p": null, "top_k": null, "max_tokens": 256, "seed": 42}, "prompt_tokens": 203, "completion_tokens": 256, "total_tokens": 459, "token_count_source": "tokenizer", "diffusion_steps": null, "flops_estimate": null, "flops_arch": null, "flops_model_params": null, "flops_active_params": null, "tokens_non_final": 245, "tokens_reasoning": 0, "tokens_response": 245, "elapsed_seconds": 18.825933933258057, "judgement": "Uncategorized"}
{"id": "basket_sum_000751", "topic": "basket_sum", "subtopic": "decimal_prices", "prompt": "You’re buying 6 items: $6.72, $7.37, $7.87, $0.95, $12.05, $13.81. About how much will you pay (before tax)?", "exact_value": 48.77, "model": "tiiuae/Falcon-H1-7B-Instruct", "provider": "transformers", "response": "Finalются примерно к ближайшему кратному числа примерно равному сумме округленных значений цен на товары до ближайшего целого числаются примерно к ближайшему кратному числа примерно равному сумме округленных значений цен на товары до ближайшего кратного числа примерно равного сумме округленных значений цен на товары до ближайшего кратного числа примерно равного сумме округленных значений цен на товары до ближайшего кратного числа примерно равного сумме округленных значений цен на товары до ближайшего кратного числа примерно равного примерно примерно примерно примерно примерно примерно примерно примерно примерно примерно примерно примерно примерно примерно примерно примерно примерно примерно примерно примерно примерно примерно примерно примерно примерно примерно примерно примерно примерно примерно примерно примерно примерно примерно примерно примерно примерно примерно примерно примерно примерно примерно примерно примерно примерно примерно примерно примерно примерно примерно примерно примерно примерно примерно примерно примерно примерно примерно примерно примерно примерно примерно примерно примерно примерно примерно примерно примерно примерно примерно примерно примерно примерно примерно примерно примерно примерно примерно примерно примерно примерно примерно примерно примерно примерно примерно примерно примерно примерно примерно примерно примерно примерно примерно примерно примерно примерно примерно примерно примерно примерно примерно примерно примерно примерно примерно примерно примерно примерно примерно примерно примерно примерно примерно примерно примерно примерно примерно примерно примерно примерно примерно примерно примерно примерно примерно примерно примерно примерно примерно примерно примерно примерно примерно примерно примерно примерно примерно примерно примерно примерно", "numeric_answer": null, "relative_error": null, "thinking_text": null, "has_tool_call": false, "tool_call": null, "usage": {"prompt_tokens": 224, "completion_tokens": 256, "total_tokens": 480, "token_count_source": "tokenizer"}, "decoding": {"temperature": 0.2, "top_p": null, "top_k": null, "max_tokens": 256, "seed": 42}, "prompt_tokens": 224, "completion_tokens": 256, "total_tokens": 480, "token_count_source": "tokenizer", "diffusion_steps": null, "flops_estimate": null, "flops_arch": null, "flops_model_params": null, "flops_active_params": null, "tokens_non_final": 214, "tokens_reasoning": 0, "tokens_response": 214, "elapsed_seconds": 18.62765598297119, "judgement": "Uncategorized"}
{"id": "basket_sum_000771", "topic": "basket_sum", "subtopic": "decimal_prices", "prompt": "You’re buying 4 items: $10.56, $15.22, $13.18, $10.57. About how much will you pay (before tax)?", "exact_value": 49.53, "model": "tiiuae/Falcon-H1-7B-Instruct", "provider": "transformers", "response": "Finalются примерно к ближайшему кратному числа примерно равному сумме округленных значений стоимости каждого товараываются примерно к ближайшему кратному числа примерно равному сумме округленных значений стоимости каждого товараются примерно к ближайшему кратному числа примерно равному сумме округленных значений стоимости каждого товараются примерно к ближайшему кратному числа примерно равному сумме округленных значений стоимости каждого товараются примерно к ближайшему кратному числа примерно равному сумме округленных значений стоимости каждого товараются примерно к ближайшему кратному числа примерно равному сумме округленных значений стоимости каждого товараются примерно к ближайшему кратному числа примерно равному сумме округленных значений стоимости каждого товараются примерно к ближайшему кратному числа примерно равному сумме округленных значений стоимости каждого товараются примерно к ближайшему кратному числа примерно равному сумме округленных значений стоимости каждого товараются примерно к ближайшему кратному числа примерно равному сумме округленных значений стоимости каждого товараются примерно к ближайшему кратному числа примерно равному сумме округленных значений стоимости каждого товараываются примерно к ближайшему кратному числа примерно равному сумме округленных значений стоимости каждого товараываются примерно к", "numeric_answer": null, "relative_error": null, "thinking_text": null, "has_tool_call": false, "tool_call": null, "usage": {"prompt_tokens": 212, "completion_tokens": 256, "total_tokens": 468, "token_count_source": "tokenizer"}, "decoding": {"temperature": 0.2, "top_p": null, "top_k": null, "max_tokens": 256, "seed": 42}, "prompt_tokens": 212, "completion_tokens": 256, "total_tokens": 468, "token_count_source": "tokenizer", "diffusion_steps": null, "flops_estimate": null, "flops_arch": null, "flops_model_params": null, "flops_active_params": null, "tokens_non_final": 159, "tokens_reasoning": 0, "tokens_response": 159, "elapsed_seconds": 18.740654468536377, "judgement": "Uncategorized"}
{"id": "basket_sum_000791", "topic": "basket_sum", "subtopic": "decimal_prices", "prompt": "You’re buying 5 items: $7.05, $1.24, $15.87, $18.50, $3.74. About how much will you pay (before tax)?", "exact_value": 46.4, "model": "tiiuae/Falcon-H1-7B-Instruct", "provider": "transformers", "response": "Finalются примерно к ближайшему кратному числа примерно равному сумме округленных значений стоимости позиций до целых чиселываются примерно к ближайшему кратному числа примерно равному сумме округленных значений стоимости позиций до целых чисел примерно равным примерно примерно примерно примерно примерно примерно примерно примерно примерно примерно примерно примерно примерно примерно примерно примерно примерно примерно примерно примерно примерно примерно примерно примерно примерно примерно примерно примерно примерно примерно примерно примерно примерно примерно примерно примерно примерно примерно примерно примерно примерно примерно примерно примерно примерно примерно примерно примерно примерно примерно примерно примерно примерно примерно примерно примерно примерно примерно примерно примерно примерно примерно примерно примерно примерно примерно примерно примерно примерно примерно примерно примерно примерно примерно примерно примерно примерно примерно примерно примерно примерно примерно примерно примерно примерно примерно примерно примерно примерно примерно примерно примерно примерно примерно примерно примерно примерно примерно примерно примерно примерно примерно примерно примерно примерно примерно примерно примерно примерно примерно примерно примерно примерно примерно примерно примерно примерно примерно примерно примерно примерно примерно примерно примерно примерно примерно примерно примерно примерно примерно примерно примерно примерно примерно примерно примерно примерно примерно примерно примерно примерно примерно примерно примерно примерно примерно примерно примерно примерно примерно примерно примерно примерно примерно примерно примерно примерно примерно примерно примерно примерно примерно примерно примерно примерно примерно примерно примерно примерно примерно примерно примерно примерно примерно примерно примерно примерно примерно примерно примерно примерно примерно примерно примерно примерно примерно примерно примерно примерно примерно примерно примерно примерно примерно примерно примерно примерно примерно примерно примерно примерно примерно", "numeric_answer": null, "relative_error": null, "thinking_text": null, "has_tool_call": false, "tool_call": null, "usage": {"prompt_tokens": 217, "completion_tokens": 256, "total_tokens": 473, "token_count_source": "tokenizer"}, "decoding": {"temperature": 0.2, "top_p": null, "top_k": null, "max_tokens": 256, "seed": 42}, "prompt_tokens": 217, "completion_tokens": 256, "total_tokens": 473, "token_count_source": "tokenizer", "diffusion_steps": null, "flops_estimate": null, "flops_arch": null, "flops_model_params": null, "flops_active_params": null, "tokens_non_final": 235, "tokens_reasoning": 0, "tokens_response": 235, "elapsed_seconds": 18.63868021965027, "judgement": "Uncategorized"}
{"id": "basket_sum_000811", "topic": "basket_sum", "subtopic": "decimal_prices", "prompt": "You’re buying 4 items: $7.07, $15.16, $10.10, $2.10. About how much will you pay (before tax)?", "exact_value": 34.43, "model": "tiiuae/Falcon-H1-7B-Instruct", "provider": "transformers", "response": "Finalются примерно к ближайшему кратному числа примерно равному сумме стоимости этих товаров после округления до целых чисел примерно равным примерно примерно примерно примерно примерно примерно примерно примерно примерно примерно примерно примерно примерно примерно примерно примерно примерно примерно примерно примерно примерно примерно примерно примерно примерно примерно примерно примерно примерно примерно примерно примерно примерно примерно примерно примерно примерно примерно примерно примерно примерно примерно примерно примерно примерно примерно примерно примерно примерно примерно примерно примерно примерно примерно примерно примерно примерно примерно примерно примерно примерно примерно примерно примерно примерно примерно примерно примерно примерно примерно примерно примерно примерно примерно примерно примерно примерно примерно примерно примерно примерно примерно примерно примерно примерно примерно примерно примерно примерно примерно примерно примерно примерно примерно примерно примерно примерно примерно примерно примерно примерно примерно примерно примерно примерно примерно примерно примерно примерно примерно примерно примерно примерно примерно примерно примерно примерно примерно примерно примерно примерно примерно примерно примерно примерно примерно примерно примерно примерно примерно примерно примерно примерно примерно примерно примерно примерно примерно примерно примерно примерно примерно примерно примерно примерно примерно примерно примерно примерно примерно примерно примерно примерно примерно примерно примерно примерно примерно примерно примерно примерно примерно примерно примерно примерно примерно примерно примерно примерно примерно примерно примерно примерно примерно примерно примерно примерно примерно примерно примерно примерно примерно примерно примерно примерно примерно примерно примерно примерно примерно примерно примерно примерно примерно примерно примерно примерно примерно примерно примерно примерно примерно примерно примерно примерно примерно примерно примерно примерно примерно примерно примерно примерно примерно примерно примерно примерно примерно примерно примерно примерно примерно примерно примерно примерно примерно примерно примерно", "numeric_answer": null, "relative_error": null, "thinking_text": null, "has_tool_call": false, "tool_call": null, "usage": {"prompt_tokens": 210, "completion_tokens": 256, "total_tokens": 466, "token_count_source": "tokenizer"}, "decoding": {"temperature": 0.2, "top_p": null, "top_k": null, "max_tokens": 256, "seed": 42}, "prompt_tokens": 210, "completion_tokens": 256, "total_tokens": 466, "token_count_source": "tokenizer", "diffusion_steps": null, "flops_estimate": null, "flops_arch": null, "flops_model_params": null, "flops_active_params": null, "tokens_non_final": 247, "tokens_reasoning": 0, "tokens_response": 247, "elapsed_seconds": 18.760462045669556, "judgement": "Uncategorized"}
{"id": "basket_sum_000831", "topic": "basket_sum", "subtopic": "decimal_prices", "prompt": "You’re buying 6 items: $8.13, $13.09, $5.25, $12.07, $19.77, $5.26. About how much will you pay (before tax)?", "exact_value": 63.57, "model": "tiiuae/Falcon-H1-7B-Instruct", "provider": "transformers", "response": "Finalются примерно к ближайшему кратному числа примерно равному сумме округленных значений стоимости каждого товараываются примерно к ближайшему кратному числа примерно равному сумме округленных значений стоимости каждого товараются примерно к ближайшему кратному числа примерно равному сумме округленных значений стоимости каждого товараются примерно к ближайшему кратному числа примерно равному сумме округленных значений стоимости каждого товараются примерно к ближайшему кратному числа примерно равному сумме округленных значений стоимости каждого товараются примерно к ближайшему кратному числа примерно равному сумме округленных значений стоимости каждого товараются примерно к ближайшему кратному числа примерно равному сумме округленных значений стоимости каждого товараются примерно к ближайшему кратному числа примерно равному сумме округленных значений стоимости каждого товараются примерно к ближайшему кратному числа примерно равному сумме округленных значений стоимости каждого товараются примерно к ближайшему кратному числа примерно равному сумме округленных значений стоимости каждого товараются примерно к ближайшему кратному числа примерно равному сумме округленных значений стоимости каждого товараются примерно к ближайшему кратному числа примерно равному сумме округленных значений стоимости каждого товараываются примерно к", "numeric_answer": null, "relative_error": null, "thinking_text": null, "has_tool_call": false, "tool_call": null, "usage": {"prompt_tokens": 225, "completion_tokens": 256, "total_tokens": 481, "token_count_source": "tokenizer"}, "decoding": {"temperature": 0.2, "top_p": null, "top_k": null, "max_tokens": 256, "seed": 42}, "prompt_tokens": 225, "completion_tokens": 256, "total_tokens": 481, "token_count_source": "tokenizer", "diffusion_steps": null, "flops_estimate": null, "flops_arch": null, "flops_model_params": null, "flops_active_params": null, "tokens_non_final": 159, "tokens_reasoning": 0, "tokens_response": 159, "elapsed_seconds": 18.91405940055847, "judgement": "Uncategorized"}
{"id": "basket_sum_000851", "topic": "basket_sum", "subtopic": "decimal_prices", "prompt": "You’re buying 6 items: $6.70, $19.75, $2.16, $17.78, $19.85, $3.18. About how much will you pay (before tax)?", "exact_value": 69.42, "model": "tiiuae/Falcon-H1-7B-Instruct", "provider": "transformers", "response": "Finalются примерно к ближайшему кратному числа примерно равному сумме округленных значений ценовых позиций до целых чисел примерно равным их исходным значениямются примерно к ближайшему кратному числа примерно равному сумме округленных значений ценовых позиций до целых чисел примерно равным их исходным значениямются примерно к ближайшему кратному числа примерно равному сумме округленных значений ценовых позиций до целых чисел примерно равным их исходным значениямются примерно к ближайшему кратному числа примерно равному сумме округленных значений ценовых позиций до целых чисел примерно равным их исходным значениямются примерно к ближайшему кратному числа примерно равному сумме округленных значений ценовых позиций до целых чисел примерно равным их исходным значениямются примерно к ближайшему кратному числа примерно равному сумме округленных значений ценовых позиций до целых чисел примерно равным их исходным значениямются примерно к ближайшему кратному числа примерно равному сумме округленных значений ценовых позиций до целых чисел примерно равным их исходным значениямются примерно к ближайшему кратному числа примерно равному сумме округленных значений", "numeric_answer": null, "relative_error": null, "thinking_text": null, "has_tool_call": false, "tool_call": null, "usage": {"prompt_tokens": 225, "completion_tokens": 256, "total_tokens": 481, "token_count_source": "tokenizer"}, "decoding": {"temperature": 0.2, "top_p": null, "top_k": null, "max_tokens": 256, "seed": 42}, "prompt_tokens": 225, "completion_tokens": 256, "total_tokens": 481, "token_count_source": "tokenizer", "diffusion_steps": null, "flops_estimate": null, "flops_arch": null, "flops_model_params": null, "flops_active_params": null, "tokens_non_final": 151, "tokens_reasoning": 0, "tokens_response": 151, "elapsed_seconds": 18.729646921157837, "judgement": "Uncategorized"}
{"id": "basket_sum_000871", "topic": "basket_sum", "subtopic": "decimal_prices", "prompt": "You’re buying 5 items: $19.98, $16.47, $18.86, $13.56, $8.06. About how much will you pay (before tax)?", "exact_value": 76.93, "model": "tiiuae/Falcon-H1-7B-Instruct", "provider": "transformers", "response": "Finalются примерно к следующему значению путем округления и приблизительного подсчета стоимости примерно до ближайшего числа примерно до ближайшего числа примерно до ближайшего числа примерно до ближайшего числа примерно до ближайшего числа примерно до ближайшего числа примерно до ближайшего числа примерно до ближайшего числа примерно до ближайшего числа примерно до ближайшего числа примерно до ближайшего числа примерно до ближайшего числа примерно до ближайшего числа примерно до ближайшего числа примерно до ближайшего числа примерно до ближайшего числа примерно до ближайшего числа примерно до ближайшего числа примерно до ближайшего числа примерно до ближайшего числа примерно до ближайшего числа примерно до ближайшего числа примерно до ближайшего числа примерно до ближайшего числа примерно до ближайшего числа примерно до ближайшего числа примерно до ближайшего числа примерно до ближайшего числа примерно до ближайшего числа примерно до ближайшего числа примерно до ближайшего числа примерно до ближайшего числа примерно до ближайшего числа примерно до ближайшего числа примерно до ближайшего числа примерно до ближайшего числа примерно до ближайшего числа примерно до ближайшего числа примерно до ближайшего числа примерно до ближайшего числа примерно до ближайшего числа примерно до ближайшего числа примерно до ближайшего числа примерно до ближайшего числа примерно до ближайшего числа примерно до ближайшего числа примерно до ближайшего числа примерно до", "numeric_answer": null, "relative_error": null, "thinking_text": null, "has_tool_call": false, "tool_call": null, "usage": {"prompt_tokens": 219, "completion_tokens": 256, "total_tokens": 475, "token_count_source": "tokenizer"}, "decoding": {"temperature": 0.2, "top_p": null, "top_k": null, "max_tokens": 256, "seed": 42}, "prompt_tokens": 219, "completion_tokens": 256, "total_tokens": 475, "token_count_source": "tokenizer", "diffusion_steps": null, "flops_estimate": null, "flops_arch": null, "flops_model_params": null, "flops_active_params": null, "tokens_non_final": 201, "tokens_reasoning": 0, "tokens_response": 201, "elapsed_seconds": 18.770814657211304, "judgement": "Uncategorized"}
{"id": "basket_sum_000891", "topic": "basket_sum", "subtopic": "decimal_prices", "prompt": "You’re buying 5 items: $15.60, $16.10, $18.72, $3.22, $13.53. About how much will you pay (before tax)?", "exact_value": 67.17, "model": "tiiuae/Falcon-H1-7B-Instruct", "provider": "transformers", "response": "Finalются примерно путем округления каждой суммы до ближайшего простого числа и затем суммирования их примерно путем округления каждой суммы до ближайшего простого числа и затем суммирования их примерно путем округления каждой суммы до ближайшего простого числа и затем суммирования их примерно путем округления каждой суммы до ближайшего простого числа и затем суммирования их примерно путем округления каждой суммы до ближайшего простого числа и затем суммирования их примерно путем округления каждой суммы до ближайшего простого числа и затем суммирования их примерно путем округления каждой суммы до ближайшего простого числа и затем суммирования их примерно путем округления каждой суммы до ближайшего простого числа и затем суммирования их примерно путем округления каждой суммы до ближайшего простого числа и затем суммирования их примерно путем округления каждой суммы до ближайшего простого числа и затем суммирования их примерно путем округления каждой суммы до ближайшего простого числаываются примерно путем округления каждой суммы до ближайшего простого числаются примерно путем округления каждой суммы до ближайшего простого числаются примерно путем округления каждой суммы до ближайшего простого числаются примерно путем округления каждой суммы до ближайшего простого числаются примерно путем округления каждой суммы до ближайшего", "numeric_answer": null, "relative_error": null, "thinking_text": null, "has_tool_call": false, "tool_call": null, "usage": {"prompt_tokens": 219, "completion_tokens": 256, "total_tokens": 475, "token_count_source": "tokenizer"}, "decoding": {"temperature": 0.2, "top_p": null, "top_k": null, "max_tokens": 256, "seed": 42}, "prompt_tokens": 219, "completion_tokens": 256, "total_tokens": 475, "token_count_source": "tokenizer", "diffusion_steps": null, "flops_estimate": null, "flops_arch": null, "flops_model_params": null, "flops_active_params": null, "tokens_non_final": 183, "tokens_reasoning": 0, "tokens_response": 183, "elapsed_seconds": 18.670101642608643, "judgement": "Uncategorized"}
{"id": "basket_sum_000911", "topic": "basket_sum", "subtopic": "decimal_prices", "prompt": "You’re buying 5 items: $12.93, $9.34, $1.01, $3.03, $3.13. About how much will you pay (before tax)?", "exact_value": 29.44, "model": "tiiuae/Falcon-H1-7B-Instruct", "provider": "transformers", "response": "Finalются примерно к следующему значению путем округления и приблизительного подсчета стоимости примерно до ближайшего целого числа или до кратного числа примерно в десятки или пятёрки для упрощения вычисленийются примерно к следующему значению путем округления и приблизительного подсчета стоимости примерно до ближайшего целого числа или до кратного числа примерноются примерно к следующему значению путем округления и приблизительного подсчета стоимости примерно до ближайшего целого числа или до кратного числа примерноются примерно к следующему значению путем округления и приблизительного подсчета стоимости примерно до ближайшего целого числа или до кратного числа примерноются примерно к следующему значению путем округления и приблизительного подсчета стоимости примерноются примерно к следующему значению путем округления и приблизительного подсчета стоимости примерноются примерно к следующему значению путем округления и приблизительного подсчета стоимости примерноются примерно к следующему значению путем округления и приблизительного подсчета стоимости примерноются примерноются примерноются примерноются примерноются примерноются примерноются примерноются примерноются примерноются примерноются примерноются примерноются примерноются примерноются примерноются примерноются примерноются примерноются примерноются примерноются", "numeric_answer": null, "relative_error": null, "thinking_text": null, "has_tool_call": false, "tool_call": null, "usage": {"prompt_tokens": 216, "completion_tokens": 256, "total_tokens": 472, "token_count_source": "tokenizer"}, "decoding": {"temperature": 0.2, "top_p": null, "top_k": null, "max_tokens": 256, "seed": 42}, "prompt_tokens": 216, "completion_tokens": 256, "total_tokens": 472, "token_count_source": "tokenizer", "diffusion_steps": null, "flops_estimate": null, "flops_arch": null, "flops_model_params": null, "flops_active_params": null, "tokens_non_final": 152, "tokens_reasoning": 0, "tokens_response": 152, "elapsed_seconds": 18.598437547683716, "judgement": "Uncategorized"}
{"id": "basket_sum_000931", "topic": "basket_sum", "subtopic": "decimal_prices", "prompt": "You’re buying 3 items: $7.76, $7.19, $6.04. About how much will you pay (before tax)?", "exact_value": 20.99, "model": "tiiuae/Falcon-H1-7B-Instruct", "provider": "transformers", "response": "Finalются примерно к стоимости примерно равной ываются примерно к стоимости примерно равной", "numeric_answer": null, "relative_error": null, "thinking_text": null, "has_tool_call": false, "tool_call": null, "usage": {"prompt_tokens": 201, "completion_tokens": 17, "total_tokens": 218, "token_count_source": "tokenizer"}, "decoding": {"temperature": 0.2, "top_p": null, "top_k": null, "max_tokens": 256, "seed": 42}, "prompt_tokens": 201, "completion_tokens": 17, "total_tokens": 218, "token_count_source": "tokenizer", "diffusion_steps": null, "flops_estimate": null, "flops_arch": null, "flops_model_params": null, "flops_active_params": null, "tokens_non_final": 12, "tokens_reasoning": 0, "tokens_response": 12, "elapsed_seconds": 1.2683796882629395, "judgement": "Uncategorized"}
{"id": "basket_sum_000951", "topic": "basket_sum", "subtopic": "decimal_prices", "prompt": "You’re buying 3 items: $6.36, $10.07, $5.87. About how much will you pay (before tax)?", "exact_value": 22.3, "model": "tiiuae/Falcon-H1-7B-Instruct", "provider": "transformers", "response": "Finalются примерно к следующему значению путем округления и приближенной суммы составляющих примерно до ближайших удобных для восприятия чиселются примерно к следующему значению путем округления и приближенной суммы составляющих примерно до ближайших удобных для восприятия чиселются примерно к следующему значению путем округления и приближенной суммы составляющих примерно до ближайших удобных для восприятия чиселются примерно к следующему значению путем округления и приближенной суммы составляющих примерно до ближайших удобных для восприятия чиселются примерно к следующему значению путем округления и приближенной суммы составляющих примерно до ближайших удобных для восприятия чиселются примерно к следующему значению путем округления и приближенной суммы составляющих примерно до ближайших удобных для восприятия чиселются примерно к следующему значению путем округления и приближенной суммы составляющих примерно до ближайших удобных для восприятияются примерно к следующему значению путем округления и приближенной суммы составляющих примерно до ближайших удобных для восприятияются примерно к следующему значению путем округления и приближенной суммы составляющих примерно до ближайших удобных дляются примерно к следующему значению путем округления и", "numeric_answer": null, "relative_error": null, "thinking_text": null, "has_tool_call": false, "tool_call": null, "usage": {"prompt_tokens": 202, "completion_tokens": 256, "total_tokens": 458, "token_count_source": "tokenizer"}, "decoding": {"temperature": 0.2, "top_p": null, "top_k": null, "max_tokens": 256, "seed": 42}, "prompt_tokens": 202, "completion_tokens": 256, "total_tokens": 458, "token_count_source": "tokenizer", "diffusion_steps": null, "flops_estimate": null, "flops_arch": null, "flops_model_params": null, "flops_active_params": null, "tokens_non_final": 157, "tokens_reasoning": 0, "tokens_response": 157, "elapsed_seconds": 18.699119806289673, "judgement": "Uncategorized"}
{"id": "basket_sum_000971", "topic": "basket_sum", "subtopic": "decimal_prices", "prompt": "You’re buying 6 items: $10.87, $14.23, $19.61, $5.05, $8.97, $1.97. About how much will you pay (before tax)?", "exact_value": 60.7, "model": "tiiuae/Falcon-H1-7B-Instruct", "provider": "transformers", "response": "Finalются примерно к ближайшему кратному числа примерно равному сумме округленных значений ценовыми позициямиываются примерно к ближайшему кратному числа примерно равному сумме округленных значений ценовых позиций", "numeric_answer": null, "relative_error": null, "thinking_text": null, "has_tool_call": false, "tool_call": null, "usage": {"prompt_tokens": 225, "completion_tokens": 45, "total_tokens": 270, "token_count_source": "tokenizer"}, "decoding": {"temperature": 0.2, "top_p": null, "top_k": null, "max_tokens": 256, "seed": 42}, "prompt_tokens": 225, "completion_tokens": 45, "total_tokens": 270, "token_count_source": "tokenizer", "diffusion_steps": null, "flops_estimate": null, "flops_arch": null, "flops_model_params": null, "flops_active_params": null, "tokens_non_final": 25, "tokens_reasoning": 0, "tokens_response": 25, "elapsed_seconds": 3.307140350341797, "judgement": "Uncategorized"}
{"id": "basket_sum_000991", "topic": "basket_sum", "subtopic": "decimal_prices", "prompt": "You’re buying 4 items: $11.05, $0.82, $7.46, $12.41. About how much will you pay (before tax)?", "exact_value": 31.74, "model": "tiiuae/Falcon-H1-7B-Instruct", "provider": "transformers", "response": "Finalются примерно к ближайшему кратному числа примерно равному полученным значениям после округления до целых чисел путем простой суммы округленных ценовых позиций примерно до ближайшего кратного числа примерно равного полученным значениям после округления до целых чисел путем простой суммы округленных ценовыми позицияциями примерно до ближайшего кратного числа примерно равного полученным значениям после округления до целых чисел путем простой суммы округленных ценовых позиций примерно до примерно до примерно до примерно до примерно до примерно до примерно до примерно до примерно до примерно до примерно до примерно до примерно до примерно до примерно до примерно до примерно до примерно до примерно до примерно до примерно до примерно до примерно до примерно до примерно до примерно до примерно до примерно до примерно до примерно до примерно до примерно до примерно до примерно до примерно до примерно до примерно до примерно до примерно до примерно до примерно до примерно до примерно до примерно до примерно до примерно до примерно до примерно до примерно до примерно до примерно до примерно до примерно до примерно до примерно до примерно до примерно до примерно до примерно до примерно до примерно до примерно до примерно до примерно до примерно до примерно до примерно до примерно до примерно до примерно до примерно до примерно до примерно до примерно до примерно до примерно до примерно до примерно до", "numeric_answer": null, "relative_error": null, "thinking_text": null, "has_tool_call": false, "tool_call": null, "usage": {"prompt_tokens": 210, "completion_tokens": 256, "total_tokens": 466, "token_count_source": "tokenizer"}, "decoding": {"temperature": 0.2, "top_p": null, "top_k": null, "max_tokens": 256, "seed": 42}, "prompt_tokens": 210, "completion_tokens": 256, "total_tokens": 466, "token_count_source": "tokenizer", "diffusion_steps": null, "flops_estimate": null, "flops_arch": null, "flops_model_params": null, "flops_active_params": null, "tokens_non_final": 217, "tokens_reasoning": 0, "tokens_response": 217, "elapsed_seconds": 18.629207134246826, "judgement": "Uncategorized"}
{"id": "basket_sum_001011", "topic": "basket_sum", "subtopic": "decimal_prices", "prompt": "You’re buying 3 items: $10.23, $19.81, $5.10. About how much will you pay (before tax)?", "exact_value": 35.14, "model": "tiiuae/Falcon-H1-7B-Instruct", "provider": "transformers", "response": "Finalются примерно к ближайшему кратному числа примерно равному сумме стоимости этих товаров после округления до удобных для восприятия значенийются примерно к ближайшему кратному числа примерно равному сумме стоимости этих товаров после округления до удобных для восприятия значенийются примерно к ближайшему кратному числа примерно равному сумме стоимости этих товаров после округления до удобных для восприятия значенийются примерно к ближайшему кратному числа примерно равному сумме стоимости этих товаров после округления до удобных для восприятия значенийются примерно к ближайшему кратному числа примерно равному сумме стоимости этих товаров после округления до удобных для восприятия значенийются примерно к ближайшему кратному числа примерно равному сумме стоимости этих товаров после округления до удобных для восприятия значенийются примерно к ближайшему кратному числа примерно равному сумме стоимости этих товаров после округления до удобных для восприятия значенийются примерно к ближайшему кратному числа примерно равному сумме стоимости этих товаров после округления доются примерно к ближайшему кратному числа примерно равному сумме стоимости этих товаров после округления доются примерноются примерноются примерноются примерноются примерноются примерноются примерноются примерноываются примерноются примерноываются примерноываются примерноываются примерно", "numeric_answer": null, "relative_error": null, "thinking_text": null, "has_tool_call": false, "tool_call": null, "usage": {"prompt_tokens": 203, "completion_tokens": 256, "total_tokens": 459, "token_count_source": "tokenizer"}, "decoding": {"temperature": 0.2, "top_p": null, "top_k": null, "max_tokens": 256, "seed": 42}, "prompt_tokens": 203, "completion_tokens": 256, "total_tokens": 459, "token_count_source": "tokenizer", "diffusion_steps": null, "flops_estimate": null, "flops_arch": null, "flops_model_params": null, "flops_active_params": null, "tokens_non_final": 168, "tokens_reasoning": 0, "tokens_response": 168, "elapsed_seconds": 18.56584930419922, "judgement": "Uncategorized"}
{"id": "basket_sum_001031", "topic": "basket_sum", "subtopic": "decimal_prices", "prompt": "You’re buying 3 items: $12.39, $4.12, $3.87. About how much will you pay (before tax)?", "exact_value": 20.38, "model": "tiiuae/Falcon-H1-7B-Instruct", "provider": "transformers", "response": "Finalются примерно к следующему значению путем округления и приближенной суммы стоимости позиций до ближайших удобных для восприятия значенийются примерно к следующемуührtwicklung путем округления и приближенной суммы стоимости позиций до ближайшихührtwicklung путем округления и приближенной суммы стоимости позиций до ближайшихührtwicklung путем округленияются примерно к следующемуührtwicklung путем округленияются примерноются примерноются примерноются примерноются примерноются примерноются примерноются примерноются примерноются примерноются примерноются примерноются примерноются примерноются примерноются примерноются примерноются примерноются примерноются примерноются примерноются примерноются примерноются примерноются примерноются примерноются примерноются примерноются примерноются примерноются примерноются примерноются примерноются примерноются примерноются примерноются примерноются примерноются примерноются примерноются примерноются примерноются примерноются примерноются примерноются примерноются примерноются примерноются примерноются примерноются примерноются примерноются примерноются примерноются примерноются примерноются примерноются примерноются примерноются примерноются примерноются примерноются примерноются примерноются примерноются примерноются примерноются примерноются примерноются примерноются примерноются примерноются примерноются примерноются примерноются примерноются примерноются примерноются примерноются примерноются примерноются примерноются примерноются примерноются примерноются примерноются примерноются", "numeric_answer": null, "relative_error": null, "thinking_text": null, "has_tool_call": false, "tool_call": null, "usage": {"prompt_tokens": 202, "completion_tokens": 256, "total_tokens": 458, "token_count_source": "tokenizer"}, "decoding": {"temperature": 0.2, "top_p": null, "top_k": null, "max_tokens": 256, "seed": 42}, "prompt_tokens": 202, "completion_tokens": 256, "total_tokens": 458, "token_count_source": "tokenizer", "diffusion_steps": null, "flops_estimate": null, "flops_arch": null, "flops_model_params": null, "flops_active_params": null, "tokens_non_final": 133, "tokens_reasoning": 0, "tokens_response": 133, "elapsed_seconds": 18.56910538673401, "judgement": "Uncategorized"}
{"id": "basket_sum_001051", "topic": "basket_sum", "subtopic": "decimal_prices", "prompt": "You’re buying 6 items: $2.66, $1.08, $15.50, $6.73, $17.45, $16.10. About how much will you pay (before tax)?", "exact_value": 59.52, "model": "tiiuae/Falcon-H1-7B-Instruct", "provider": "transformers", "response": "Finalются примерно к ближайшему кратному числа примерно равному сумме округленных значений стоимости каждого товараываются примерно к ближайшему кратному числа примерно равному сумме округленных значений стоимости каждого товараются примерно к ближайшему кратному числа примерно равному сумме округленных значений стоимости каждого товараются примерно к ближайшему кратному числа примерно равному сумме округленных значений стоимости каждого товараются примерно к ближайшему кратному числа примерно равному сумме округленных значений стоимости каждого товараются примерно к ближайшему кратному числа примерно равному сумме округленных значений стоимости каждого товараются примерно к ближайшему кратному числа примерно равному сумме округленных значений стоимости каждого товараются примерно к ближайшему кратному числа примерно равному сумме округленных значений стоимости каждого товараются примерно к ближайшему кратному числа примерно равному сумме округленных значений стоимости каждого товараются примерно к ближайшему кратному числа примерно равному сумме округленных значений стоимости каждого товараются примерно к ближайшему кратному числа примерно равному сумме округленных значений стоимости каждого товараются примерно к ближайшему кратному числа примерно равному сумме округленных значений стоимости каждого товараываются примерно к", "numeric_answer": null, "relative_error": null, "thinking_text": null, "has_tool_call": false, "tool_call": null, "usage": {"prompt_tokens": 225, "completion_tokens": 256, "total_tokens": 481, "token_count_source": "tokenizer"}, "decoding": {"temperature": 0.2, "top_p": null, "top_k": null, "max_tokens": 256, "seed": 42}, "prompt_tokens": 225, "completion_tokens": 256, "total_tokens": 481, "token_count_source": "tokenizer", "diffusion_steps": null, "flops_estimate": null, "flops_arch": null, "flops_model_params": null, "flops_active_params": null, "tokens_non_final": 159, "tokens_reasoning": 0, "tokens_response": 159, "elapsed_seconds": 18.617634773254395, "judgement": "Uncategorized"}
{"id": "basket_sum_001071", "topic": "basket_sum", "subtopic": "decimal_prices", "prompt": "You’re buying 4 items: $7.01, $19.73, $18.82, $15.05. About how much will you pay (before tax)?", "exact_value": 60.61, "model": "tiiuae/Falcon-H1-7B-Instruct", "provider": "transformers", "response": "Finalются примерно к ближайшему кратному числа примерно равному сумме округленных значений стоимости каждого товараываются примерно к ближайшему кратному числа примерно равному сумме округленных значений стоимости каждого товараются примерно к ближайшему кратному числа примерно равному сумме округленных значений стоимости каждого товараются примерно к ближайшему кратному числа примерно равному сумме округленных значений стоимости каждого товараются примерно к ближайшему кратному числа примерно равному сумме округленных значений стоимости каждого товараются примерно к ближайшему кратному числа примерно равному сумме округленных значений стоимости каждого товараются примерно к ближайшему кратному числа примерно равному сумме округленных значений стоимости каждого товараются примерно к ближайшему кратному числа примерно равному сумме округленных значений стоимости каждого товараются примерно к ближайшему кратному числа примерно равному сумме округленных значений стоимости каждого товараываются примерно к ближайшему кратному числа примерно равному сумме округленных значений стоимости каждого товараываются примерно к ближайшему кратному числа примерно равному сумме округленных значений стоимости каждого товараываются примерно к ближайшему кратному числа примерно равному сумме округленных значений стоимости каждого товараываются примерно к", "numeric_answer": null, "relative_error": null, "thinking_text": null, "has_tool_call": false, "tool_call": null, "usage": {"prompt_tokens": 211, "completion_tokens": 256, "total_tokens": 467, "token_count_source": "tokenizer"}, "decoding": {"temperature": 0.2, "top_p": null, "top_k": null, "max_tokens": 256, "seed": 42}, "prompt_tokens": 211, "completion_tokens": 256, "total_tokens": 467, "token_count_source": "tokenizer", "diffusion_steps": null, "flops_estimate": null, "flops_arch": null, "flops_model_params": null, "flops_active_params": null, "tokens_non_final": 159, "tokens_reasoning": 0, "tokens_response": 159, "elapsed_seconds": 18.76990580558777, "judgement": "Uncategorized"}
{"id": "basket_sum_001091", "topic": "basket_sum", "subtopic": "decimal_prices", "prompt": "You’re buying 6 items: $5.22, $14.42, $3.22, $3.06, $11.87, $8.32. About how much will you pay (before tax)?", "exact_value": 46.11, "model": "tiiuae/Falcon-H1-7B-Instruct", "provider": "transformers", "response": "Finalются примерно к ближайшему кратному числа примерно равному сумме округленных значений стоимости продуктов до целых чисел примерно равным их стоимости до центовыми значениямиются примерно к ближайшему кратному числа примерно равному сумме округленных значений стоимости продуктов до целых чисел примерно равным их стоимости до центовыми значениямиются примерно к ближайшему кратному числа примерно равному сумме округленных значений стоимости продуктов до целых чисел примерно равным их стоимости до центовыми значениямиются примерно к ближайшему кратному числа примерно равному сумме округленных значений стоимости продуктов до целых чисел примерно равным их стоимости до центовыми значениямиются примерно к ближайшему кратному числа примерно равному сумме округленных значений стоимости продуктов до целых чисел примерно равным их стоимости до центовыми значениямиются примерно к ближайшему кратному числа примерно равному сумме округленных значений стоимости продуктов до целых чисел примерно равным их стоимости до центовыми значениямиются примерно к ближайшему кратному числа примерно равному сумме округленных значений стоимости продуктов до целых чисел примерно равным их стоимости до центовыми значениямиются примерно к ближайшему кратному числа примерно рав", "numeric_answer": null, "relative_error": null, "thinking_text": null, "has_tool_call": false, "tool_call": null, "usage": {"prompt_tokens": 224, "completion_tokens": 256, "total_tokens": 480, "token_count_source": "tokenizer"}, "decoding": {"temperature": 0.2, "top_p": null, "top_k": null, "max_tokens": 256, "seed": 42}, "prompt_tokens": 224, "completion_tokens": 256, "total_tokens": 480, "token_count_source": "tokenizer", "diffusion_steps": null, "flops_estimate": null, "flops_arch": null, "flops_model_params": null, "flops_active_params": null, "tokens_non_final": 162, "tokens_reasoning": 0, "tokens_response": 162, "elapsed_seconds": 18.676116228103638, "judgement": "Uncategorized"}
{"id": "basket_sum_001111", "topic": "basket_sum", "subtopic": "decimal_prices", "prompt": "You’re buying 4 items: $19.10, $10.16, $17.74, $8.93. About how much will you pay (before tax)?", "exact_value": 55.93, "model": "tiiuae/Falcon-H1-7B-Instruct", "provider": "transformers", "response": "Finalются примерно к ближайшему кратному числа примерно равному сумме округленных значений стоимости каждого товараываются примерно к ближайшему кратному числа примерно равному сумме округленных значений стоимости каждого товараются примерно к ближайшему кратному числа примерно равному сумме округленных значений стоимости каждого товараются примерно к ближайшему кратному числа примерно равному сумме округленных значений стоимости каждого товараются примерно к ближайшему кратному числа примерно равному сумме округленных значений стоимости каждого товараются примерно к ближайшему кратному числа примерно равному сумме округленных значений стоимости каждого товараются примерно к ближайшему кратному числа примерно равному сумме округленных значений стоимости каждого товараываются примерно к ближайшему кратному числа примерно равному сумме округленных значений стоимости каждого товараываются примерно к ближайшему кратному числа примерно равному сумме округленных значений стоимости каждого товараываются примерно к ближайшему кратному числа примерно равному сумме округленных значений стоимости каждого товараываются примерно к ближайшему кратному числа примерно равному сумме округленных значений стоимости каждого товараываются примерно к ближайшему кратному числа примерно равному сумме округленных значений стоимости каждого товараываются примерно к", "numeric_answer": null, "relative_error": null, "thinking_text": null, "has_tool_call": false, "tool_call": null, "usage": {"prompt_tokens": 211, "completion_tokens": 256, "total_tokens": 467, "token_count_source": "tokenizer"}, "decoding": {"temperature": 0.2, "top_p": null, "top_k": null, "max_tokens": 256, "seed": 42}, "prompt_tokens": 211, "completion_tokens": 256, "total_tokens": 467, "token_count_source": "tokenizer", "diffusion_steps": null, "flops_estimate": null, "flops_arch": null, "flops_model_params": null, "flops_active_params": null, "tokens_non_final": 159, "tokens_reasoning": 0, "tokens_response": 159, "elapsed_seconds": 18.758105278015137, "judgement": "Uncategorized"}
{"id": "basket_sum_001131", "topic": "basket_sum", "subtopic": "decimal_prices", "prompt": "You’re buying 3 items: $18.72, $17.46, $5.78. About how much will you pay (before tax)?", "exact_value": 41.96, "model": "tiiuae/Falcon-H1-7B-Instruct", "provider": "transformers", "response": "Finalются примерно к ближайшему кратному числаываются примерно к ближайшему кратному числаываются примерно к ближайшему кратному числаываются примерно к ближайшему кратному числаываются примерно к ближайшему кратному числаываются примерно к ближайшему кратному числаываются примерно к ближайшему кратному числаываются примерно к ближайшему кратному числаываются примерно к ближайшему кратному числаываются примерно к ближайшему кратному числаываются примерно к ближайшему кратному числаываются примерно к ближайшему кратному числаываются примерно к ближайшему кратному числаываются примерно к ближайшему кратному числаываются примерно к ближайшему кратному числаываются примерно к ближайшему кратному числаываются примерно к ближайшему кратному числаываются примерно к ближайшему кратному числаываются примерно к ближайшему кратному числаываются примерно к ближайшему кратному числаываются примерно к ближайшему кратному числаываются примерно к ближайшему кратному числаываются примерно к ближайшему кратному числаываются примерно к ближайшему кратному числаываются примерно к ближайшему кратному числаываются примерно к ближайшему кратному числаываются примерно к ближайшему кратному числаываются примерно к ближайшему кратному числаываются примерно к ближайшему кратному числаываются примерно к ближайшему кратному числаываются примерно к ближайшему кратному числаываются примерно к ближайшему кратному", "numeric_answer": null, "relative_error": null, "thinking_text": null, "has_tool_call": false, "tool_call": null, "usage": {"prompt_tokens": 203, "completion_tokens": 256, "total_tokens": 459, "token_count_source": "tokenizer"}, "decoding": {"temperature": 0.2, "top_p": null, "top_k": null, "max_tokens": 256, "seed": 42}, "prompt_tokens": 203, "completion_tokens": 256, "total_tokens": 459, "token_count_source": "tokenizer", "diffusion_steps": null, "flops_estimate": null, "flops_arch": null, "flops_model_params": null, "flops_active_params": null, "tokens_non_final": 160, "tokens_reasoning": 0, "tokens_response": 160, "elapsed_seconds": 18.6690034866333, "judgement": "Uncategorized"}
{"id": "basket_sum_001151", "topic": "basket_sum", "subtopic": "decimal_prices", "prompt": "You’re buying 6 items: $8.31, $2.74, $14.88, $17.68, $5.94, $4.74. About how much will you pay (before tax)?", "exact_value": 54.29, "model": "tiiuae/Falcon-H1-7B-Instruct", "provider": "transformers", "response": "Finalются примерно к ближайшему кратному числа примерно равному сумме округленных значений стоимости каждого товараываются примерно к ближайшему кратному числа примерно равному сумме округленных значений стоимости каждого товараются примерно к ближайшему кратному числа примерно равному сумме округленных значений стоимости каждого товараются примерно к ближайшему кратному числа примерно равному сумме округленных значений стоимости каждого товараются примерно к ближайшему кратному числа примерно равному сумме округленных значений стоимости каждого товараются примерно к ближайшему кратному числа примерно равному сумме округленных значений стоимости каждого товараются примерно к ближайшему кратному числа примерно равному сумме округленных значений стоимости каждого товараываются примерно к ближайшему кратному числа примерно равному сумме округленных значений стоимости каждого товараываются примерно к ближайшему кратному числа примерно равному сумме округленных значений стоимости каждого товараываются примерно к ближайшему кратному числа примерно равному сумме округленных значений стоимости каждого товараываются примерно к ближайшему кратному числа примерно равному сумме округленных значений стоимости каждого товараываются примерно к ближайшему кратному числа примерно равному сумме округленных значений стоимости каждого товараываются примерно к", "numeric_answer": null, "relative_error": null, "thinking_text": null, "has_tool_call": false, "tool_call": null, "usage": {"prompt_tokens": 224, "completion_tokens": 256, "total_tokens": 480, "token_count_source": "tokenizer"}, "decoding": {"temperature": 0.2, "top_p": null, "top_k": null, "max_tokens": 256, "seed": 42}, "prompt_tokens": 224, "completion_tokens": 256, "total_tokens": 480, "token_count_source": "tokenizer", "diffusion_steps": null, "flops_estimate": null, "flops_arch": null, "flops_model_params": null, "flops_active_params": null, "tokens_non_final": 159, "tokens_reasoning": 0, "tokens_response": 159, "elapsed_seconds": 18.589600563049316, "judgement": "Uncategorized"}
{"id": "basket_sum_001171", "topic": "basket_sum", "subtopic": "decimal_prices", "prompt": "You’re buying 3 items: $10.17, $0.89, $7.55. About how much will you pay (before tax)?", "exact_value": 18.61, "model": "tiiuae/Falcon-H1-7B-Instruct", "provider": "transformers", "response": "Finalются примерно к следующему значению путем округления и приблизительного подсчета стоимости примерно до ближайшего порядка примерно до единицы или десяткиются примерно до ближайшего порядка примерно до единицы или десяткиются примерно до ближайшего порядка примерно до единицы или десяткиются примерно до ближайшего порядка примерно до единицы или десяткиются примерно до ближайшего порядка примерно до единицы или десяткиются примерно до ближайшего порядка примерно до единицы или десяткиются примерно до ближайшего порядка примерно до единицы или десяткиются примерно до ближайшего порядка примерно до единицы или десяткиются примерно до ближайшего порядка примерно до единицыются примерно до ближайшего порядка примерно до единицыются примерно до ближайшего порядка примерно до единицыются примерно до ближайшего порядка примерно до единицыются примерно до ближайшего порядка примерно до единицыются примерно до ближайшего порядка примерно до единицыются примерно до ближайшего порядка примерно до единицыются примерно до ближайшего порядка примерно до единицыются примерно до ближайшего порядка примерно до единицыются примерно до ближайшего порядка примерно до единицыются примерно до ближайшего порядка примерно до единицыются примерно до ближайшего порядка примерно до единицыются примерно до ближайшего порядка примерно до единицыются примерно до ближайшего порядка примерно до единицыются примерно", "numeric_answer": null, "relative_error": null, "thinking_text": null, "has_tool_call": false, "tool_call": null, "usage": {"prompt_tokens": 202, "completion_tokens": 256, "total_tokens": 458, "token_count_source": "tokenizer"}, "decoding": {"temperature": 0.2, "top_p": null, "top_k": null, "max_tokens": 256, "seed": 42}, "prompt_tokens": 202, "completion_tokens": 256, "total_tokens": 458, "token_count_source": "tokenizer", "diffusion_steps": null, "flops_estimate": null, "flops_arch": null, "flops_model_params": null, "flops_active_params": null, "tokens_non_final": 182, "tokens_reasoning": 0, "tokens_response": 182, "elapsed_seconds": 18.682677030563354, "judgement": "Uncategorized"}
{"id": "basket_sum_001191", "topic": "basket_sum", "subtopic": "decimal_prices", "prompt": "You’re buying 5 items: $16.57, $13.87, $17.29, $12.64, $9.09. About how much will you pay (before tax)?", "exact_value": 69.46, "model": "tiiuae/Falcon-H1-7B-Instruct", "provider": "transformers", "response": "Finalются примерно к следующему значению путем округления и приблизительного подсчета путем округления стоимости каждого предмета до ближайшего целого числа вокруг среднего значения между меньшим и большим путем округления до ближайшего целого числа вокруг среднего значения между меньшим иальным путем округления до ближайшего целого числа вокруг среднего значения между меньшим иальным путем округления до ближайшего целого числа вокруг среднего значения между меньшим иальным путем округления до ближайшего целого числа вокруг среднего значения между меньшим иальным путем округления до ближайшего целого числа вокруг среднего значения между меньшим иальным путем округления до ближайшего целого числа вокруг среднего значения между меньшим иальным путем округления до ближайшего целого числа вокруг среднего значения между меньшим иальным путем округления до ближайшего целого числа вокруг среднего значения между меньшим иальным путем округления до ближайшего целого числа вокруг среднего значения между меньшим иальным путем округления до ближайшего целого числа вокруг среднего значения между меньшим иальным путем округления до ближайшего целого числа вокруг среднего значения между меньшим иальным путем округления до ближайшего целого числа вокруг среднего значения между меньшим иальным путем округления до ближайшего целого числа вокруг среднего значения", "numeric_answer": null, "relative_error": null, "thinking_text": null, "has_tool_call": false, "tool_call": null, "usage": {"prompt_tokens": 219, "completion_tokens": 256, "total_tokens": 475, "token_count_source": "tokenizer"}, "decoding": {"temperature": 0.2, "top_p": null, "top_k": null, "max_tokens": 256, "seed": 42}, "prompt_tokens": 219, "completion_tokens": 256, "total_tokens": 475, "token_count_source": "tokenizer", "diffusion_steps": null, "flops_estimate": null, "flops_arch": null, "flops_model_params": null, "flops_active_params": null, "tokens_non_final": 179, "tokens_reasoning": 0, "tokens_response": 179, "elapsed_seconds": 18.633923530578613, "judgement": "Uncategorized"}
{"id": "basket_sum_001211", "topic": "basket_sum", "subtopic": "decimal_prices", "prompt": "You’re buying 4 items: $2.44, $1.26, $19.22, $2.64. About how much will you pay (before tax)?", "exact_value": 25.56, "model": "tiiuae/Falcon-H1-7B-Instruct", "provider": "transformers", "response": "Finalются примерно к следующему значению путем округления и приближения стоимости каждого товара до ближайшего удобного числа перед суммированием их примерно примерно путем округления до ближайшего числа примерно примерно примерно примерно примерно примерно примерно примерно примерно примерно примерно примерно примерно примерно примерно примерно примерно примерно примерно примерно примерно примерно примерно примерно примерно примерно примерно примерно примерно примерно примерно примерно примерно примерно примерно примерно примерно примерно примерно примерно примерно примерно примерно примерно примерно примерно примерно примерно примерно примерно примерно примерно примерно примерно примерно примерно примерно примерно примерно примерно примерно примерно примерно примерно примерно примерно примерно примерно примерно примерно примерно примерно примерно примерно примерно примерно примерно примерно примерно примерно примерно примерно примерно примерно примерно примерно примерно примерно примерно примерно примерно примерно примерно примерно примерно примерно примерно примерно примерно примерно примерно примерно примерно примерно примерно примерно примерно примерно примерно примерно примерно примерно примерно примерно примерно примерно примерно примерно примерно примерно примерно примерно примерно примерно примерно примерно примерно примерно примерно примерно примерно примерно примерно примерно примерно примерно примерно примерно примерно примерно примерно примерно примерно примерно примерно примерно примерно примерно примерно примерно примерно примерно примерно примерно примерно примерно примерно примерно примерно примерно примерно примерно примерно примерно примерно примерно примерно примерно примерно примерно примерно примерно примерно примерно примерно примерно примерно примерно примерно примерно примерно примерно примерно примерно примерно примерно примерно примерно примерно примерно примерно примерно примерно примерно примерно примерно примерно примерно примерно примерно примерно примерно примерно примерно примерно примерно примерно примерно примерно примерно примерно примерно примерно примерно примерно примерно примерно", "numeric_answer": null, "relative_error": null, "thinking_text": null, "has_tool_call": false, "tool_call": null, "usage": {"prompt_tokens": 209, "completion_tokens": 256, "total_tokens": 465, "token_count_source": "tokenizer"}, "decoding": {"temperature": 0.2, "top_p": null, "top_k": null, "max_tokens": 256, "seed": 42}, "prompt_tokens": 209, "completion_tokens": 256, "total_tokens": 465, "token_count_source": "tokenizer", "diffusion_steps": null, "flops_estimate": null, "flops_arch": null, "flops_model_params": null, "flops_active_params": null, "tokens_non_final": 243, "tokens_reasoning": 0, "tokens_response": 243, "elapsed_seconds": 18.44614338874817, "judgement": "Uncategorized"}
{"id": "basket_sum_001231", "topic": "basket_sum", "subtopic": "decimal_prices", "prompt": "You’re buying 5 items: $4.51, $9.17, $1.90, $5.25, $12.09. About how much will you pay (before tax)?", "exact_value": 32.92, "model": "tiiuae/Falcon-H1-7B-Instruct", "provider": "transformers", "response": "Finalются примерно к ближайшему кратному числа примерно равному сумме округленных значений стоимости каждого предметаываются примерно к ближайшему кратному числа примерно равному сумме округленных значений стоимости каждого предметаываются примерно к ближайшему кратному числа примерно равному сумме округленных значений стоимости каждого предметаываются примерно к ближайшему кратному числа примерно равному сумме округленных значений стоимости каждого предметаываются примерно к ближайшему кратному числа примерно равному сумме округленных значений стоимости каждого предметаываются примерно к ближайшему кратному числа примерно равному сумме округленных значений стоимости каждого предметаываются примерно к ближайшему кратному числа примерно равному сумме округленных значений стоимости каждого предметаываются примерно к ближайшему кратному числа примерно равному сумме округленных значений стоимости каждого предметаываются примерно к ближайшему кратному числа примерно равному сумме округленных значений стоимости каждого предметаываются примерно к ближайшему кратному числа примерно равному сумме округленных значений стоимости каждого предметаываются примерно к ближайшему кратному числа примерно равному сумме округленных значений стоимости каждого предметаываются примерно к ближайшему кратному числа примерно равному сумме", "numeric_answer": null, "relative_error": null, "thinking_text": null, "has_tool_call": false, "tool_call": null, "usage": {"prompt_tokens": 216, "completion_tokens": 256, "total_tokens": 472, "token_count_source": "tokenizer"}, "decoding": {"temperature": 0.2, "top_p": null, "top_k": null, "max_tokens": 256, "seed": 42}, "prompt_tokens": 216, "completion_tokens": 256, "total_tokens": 472, "token_count_source": "tokenizer", "diffusion_steps": null, "flops_estimate": null, "flops_arch": null, "flops_model_params": null, "flops_active_params": null, "tokens_non_final": 152, "tokens_reasoning": 0, "tokens_response": 152, "elapsed_seconds": 18.40518593788147, "judgement": "Uncategorized"}
{"id": "basket_sum_001251", "topic": "basket_sum", "subtopic": "decimal_prices", "prompt": "You’re buying 5 items: $3.91, $8.11, $15.11, $18.54, $3.32. About how much will you pay (before tax)?", "exact_value": 48.99, "model": "tiiuae/Falcon-H1-7B-Instruct", "provider": "transformers", "response": "Finalются примерно к ближайшему кратному числа примерно равному суммы округленных значений цен на товарыываются примерно к ближайшему кратному числа примерно равному суммы округленных значений цен на товарыываются примерно к ближайшему кратному числа примерно равному суммы округленных значений цен на товарыываются примерно к ближайшему кратному числа примерно равному суммы округленных значений цен на товарыываются примерно к ближайшему кратному числа примерно равному суммы округленных значений цен на товарыываются примерно к ближайшему кратному числа примерно равному суммы округленных значений цен на товарыываются примерно к ближайшему кратному числа примерно равному суммы округленных значений цен на товарыываются примерно к ближайшему кратному числа примерно равному суммы округленных значений цен на товарыываются примерно к ближайшему кратному числа примерно равному суммы округленных значений цен на товарыываются примерно к ближайшему кратному числа примерно равному суммы округленных значений цен на товарыываются примерно к ближайшему кратному числа примерно равному суммы округленных значений цен на товарыываются примерно к ближайшему кратному числа примерно равному суммы округленных значений цен на товарыываются примерно к ближайшему кратному числа примерно равному суммы округленных знач", "numeric_answer": null, "relative_error": null, "thinking_text": null, "has_tool_call": false, "tool_call": null, "usage": {"prompt_tokens": 217, "completion_tokens": 256, "total_tokens": 473, "token_count_source": "tokenizer"}, "decoding": {"temperature": 0.2, "top_p": null, "top_k": null, "max_tokens": 256, "seed": 42}, "prompt_tokens": 217, "completion_tokens": 256, "total_tokens": 473, "token_count_source": "tokenizer", "diffusion_steps": null, "flops_estimate": null, "flops_arch": null, "flops_model_params": null, "flops_active_params": null, "tokens_non_final": 167, "tokens_reasoning": 0, "tokens_response": 167, "elapsed_seconds": 18.745003700256348, "judgement": "Uncategorized"}
{"id": "basket_sum_001271", "topic": "basket_sum", "subtopic": "decimal_prices", "prompt": "You’re buying 6 items: $11.14, $3.12, $17.66, $16.12, $12.45, $13.45. About how much will you pay (before tax)?", "exact_value": 73.94, "model": "tiiuae/Falcon-H1-7B-Instruct", "provider": "transformers", "response": "Finalются примерно к ближайшему кратному числа примерно равному сумме округленных значений стоимости продуктов до целых чисел примерно равным примерно примерно примерно примерно примерно примерно примерно примерно примерно примерно примерно примерно примерно примерно примерно примерно примерно примерно примерно примерно примерно примерно примерно примерно примерно примерно примерно примерно примерно примерно примерно примерно примерно примерно примерно примерно примерно примерно примерно примерно примерно примерно примерно примерно примерно примерно примерно примерно примерно примерно примерно примерно примерно примерно примерно примерно примерно примерно примерно примерно примерно примерно примерно примерно примерно примерно примерно примерно примерно примерно примерно примерно примерно примерно примерно примерно примерно примерно примерно примерно примерно примерно примерно примерно примерно примерно примерно примерно примерно примерно примерно примерно примерно примерно примерно примерно примерно примерно примерно примерно примерно примерно примерно примерно примерно примерно примерно примерно примерно примерно примерно примерно примерно примерно примерно примерно примерно примерно примерно примерно примерно примерно примерно примерно примерно примерно примерно примерно примерно примерно примерно примерно примерно примерно примерно примерно примерно примерно примерно примерно примерно примерно примерно примерно примерно примерно примерно примерно примерно примерно примерно примерно примерно примерно примерно примерно примерно примерно примерно примерно примерно примерно примерно примерно примерно примерно примерно примерно примерно примерно примерно примерно примерно примерно примерно примерно примерно примерно примерно примерно примерно примерно примерно примерно примерно примерно примерно примерно примерно примерно примерно примерно примерно примерно примерно примерно примерно примерно примерно примерно примерно примерно примерно примерно примерно примерно примерно примерно примерно примерно примерно примерно примерно примерно примерно примерно примерно примерно примерно примерно примерно примерно примерно примерно примерно примерно примерно примерно", "numeric_answer": null, "relative_error": null, "thinking_text": null, "has_tool_call": false, "tool_call": null, "usage": {"prompt_tokens": 227, "completion_tokens": 256, "total_tokens": 483, "token_count_source": "tokenizer"}, "decoding": {"temperature": 0.2, "top_p": null, "top_k": null, "max_tokens": 256, "seed": 42}, "prompt_tokens": 227, "completion_tokens": 256, "total_tokens": 483, "token_count_source": "tokenizer", "diffusion_steps": null, "flops_estimate": null, "flops_arch": null, "flops_model_params": null, "flops_active_params": null, "tokens_non_final": 246, "tokens_reasoning": 0, "tokens_response": 246, "elapsed_seconds": 18.65954089164734, "judgement": "Uncategorized"}
{"id": "basket_sum_001291", "topic": "basket_sum", "subtopic": "decimal_prices", "prompt": "You’re buying 5 items: $18.82, $5.77, $12.43, $2.83, $5.24. About how much will you pay (before tax)?", "exact_value": 45.09, "model": "tiiuae/Falcon-H1-7B-Instruct", "provider": "transformers", "response": "Finalются примерно к ближайшему кратному числа примерно равному полученной сумме путем округления составляющих до ближайших удобных значений перед суммированиемются примерно к ближайшему кратному числа примерно равному полученной сумме путем округления составляющих до ближайших удобных значений перед суммированиемываются примерно к ближайшему кратному числа примерно равному полученной сумме путем округления составляющих до ближайших удобных значений перед суммированиемываются примерно к ближайшему кратному числа примерно равному полученной сумме путем округления составляющих до ближайших удобных значений перед суммированиемываются примерно к ближайшему кратному числа примерно равному полученной сумме путем округления составляющих до ближайших удобных значений перед суммированиемываются примерно к ближайшему кратному числа примерно равному полученной сумме путем округления составляющих до ближайших удобных значений перед суммированиемываются примерно к ближайшему кратному числа примерно равному полученной сумме путем округления составляющих до ближайших удобных значений перед суммированиемываются примерно к ближайшему кратному числа примерно равному полученной сумме путем округления составляющих до ближайших удобных значений перед суммированиемываются примерно к ближайшему кратному", "numeric_answer": null, "relative_error": null, "thinking_text": null, "has_tool_call": false, "tool_call": null, "usage": {"prompt_tokens": 217, "completion_tokens": 256, "total_tokens": 473, "token_count_source": "tokenizer"}, "decoding": {"temperature": 0.2, "top_p": null, "top_k": null, "max_tokens": 256, "seed": 42}, "prompt_tokens": 217, "completion_tokens": 256, "total_tokens": 473, "token_count_source": "tokenizer", "diffusion_steps": null, "flops_estimate": null, "flops_arch": null, "flops_model_params": null, "flops_active_params": null, "tokens_non_final": 149, "tokens_reasoning": 0, "tokens_response": 149, "elapsed_seconds": 18.714129209518433, "judgement": "Uncategorized"}
{"id": "basket_sum_001311", "topic": "basket_sum", "subtopic": "decimal_prices", "prompt": "You’re buying 5 items: $13.47, $7.46, $8.43, $3.25, $17.73. About how much will you pay (before tax)?", "exact_value": 50.34, "model": "tiiuae/Falcon-H1-7B-Instruct", "provider": "transformers", "response": "Finalются примерно к ближайшему кратному числа примерно равному сумме округленных значений ценовыми позициямиываются примерно к ближайшему кратному числа примерно равному сумме округленных значений ценовых позиций", "numeric_answer": null, "relative_error": null, "thinking_text": null, "has_tool_call": false, "tool_call": null, "usage": {"prompt_tokens": 217, "completion_tokens": 45, "total_tokens": 262, "token_count_source": "tokenizer"}, "decoding": {"temperature": 0.2, "top_p": null, "top_k": null, "max_tokens": 256, "seed": 42}, "prompt_tokens": 217, "completion_tokens": 45, "total_tokens": 262, "token_count_source": "tokenizer", "diffusion_steps": null, "flops_estimate": null, "flops_arch": null, "flops_model_params": null, "flops_active_params": null, "tokens_non_final": 25, "tokens_reasoning": 0, "tokens_response": 25, "elapsed_seconds": 3.3083255290985107, "judgement": "Uncategorized"}
{"id": "basket_sum_001331", "topic": "basket_sum", "subtopic": "decimal_prices", "prompt": "You’re buying 3 items: $9.47, $11.89, $1.27. About how much will you pay (before tax)?", "exact_value": 22.63, "model": "tiiuae/Falcon-H1-7B-Instruct", "provider": "transformers", "response": "Finalются примерно к следующему значению путем округления и приближенной суммы стоимости позиций до ближайших удобных для понимания чиселются примерно к следующему значению путем округления и приближенной суммы стоимости позиций до ближайших удобных для понимания чиселются примерно к следующему значению путем округления и приближенной суммы стоимости позиций до ближайших удобных для понимания чиселются примерно к следующему значению путем округления и приближенной суммы стоимости позиций до ближайших удобных для понимания чиселются примерно к следующему значению путем округления и приближенной суммы стоимости позиций до ближайших удобных для понимания чиселются примерно к следующему значению путем округления и приближенной суммы стоимости позиций до ближайших удобных для понимания чиселются примерно к следующему значению путем округления и приближенной суммы стоимости позиций до ближайших удобных для понимания чиселются примерно к следующему значению путем округления и приближенной суммы стоимости позиций до ближайших удобных для понимания чиселются примерно к следующему значению путем округления и приближенной суммы стоимости позиций до ближайших удобных для понимания чиселются примерно к", "numeric_answer": null, "relative_error": null, "thinking_text": null, "has_tool_call": false, "tool_call": null, "usage": {"prompt_tokens": 202, "completion_tokens": 256, "total_tokens": 458, "token_count_source": "tokenizer"}, "decoding": {"temperature": 0.2, "top_p": null, "top_k": null, "max_tokens": 256, "seed": 42}, "prompt_tokens": 202, "completion_tokens": 256, "total_tokens": 458, "token_count_source": "tokenizer", "diffusion_steps": null, "flops_estimate": null, "flops_arch": null, "flops_model_params": null, "flops_active_params": null, "tokens_non_final": 156, "tokens_reasoning": 0, "tokens_response": 156, "elapsed_seconds": 18.69780945777893, "judgement": "Uncategorized"}
{"id": "basket_sum_001351", "topic": "basket_sum", "subtopic": "decimal_prices", "prompt": "You’re buying 5 items: $7.84, $15.52, $18.73, $11.56, $13.11. About how much will you pay (before tax)?", "exact_value": 66.76, "model": "tiiuae/Falcon-H1-7B-Instruct", "provider": "transformers", "response": "Finalются примерно к следующему значению путем округления и приближенной суммыüllwicklung путем округления и приближенной суммы путем округления до ближайших удобных чисел перед суммированиемются примерно к следующему значению путем округления и приближенной суммыüllwicklung путем округления до ближайших удобных чисел перед суммированиемываются примерно к следующему значению путем округления и приближенной суммыüllwicklung путем округления до ближайших удобных чисел перед суммированиемываются примерно к следующему значению путем округления и приближенной суммыüllwicklung путем округления до ближайших удобных чисел перед суммированиемываются примерно к следующему значению путем округления и приближенной суммыüllwicklung путем округления до ближайших удобных чисел перед суммированиемываются примерно к следующему значению путем округления и приближенной суммыüllwicklung путем округления до ближайших удобных чисел перед суммированиемываются примерно к следующему значению путем округления и приближенной суммыüllwicklung путем округления до ближайших удобных чисел перед суммированиемываются примерно к следующему значению путем округления и приближенной суммыüllwicklung путем округления до ближайших удобных чисел перед суммиров", "numeric_answer": null, "relative_error": null, "thinking_text": null, "has_tool_call": false, "tool_call": null, "usage": {"prompt_tokens": 219, "completion_tokens": 256, "total_tokens": 475, "token_count_source": "tokenizer"}, "decoding": {"temperature": 0.2, "top_p": null, "top_k": null, "max_tokens": 256, "seed": 42}, "prompt_tokens": 219, "completion_tokens": 256, "total_tokens": 475, "token_count_source": "tokenizer", "diffusion_steps": null, "flops_estimate": null, "flops_arch": null, "flops_model_params": null, "flops_active_params": null, "tokens_non_final": 142, "tokens_reasoning": 0, "tokens_response": 142, "elapsed_seconds": 18.41041588783264, "judgement": "Uncategorized"}
{"id": "basket_sum_001371", "topic": "basket_sum", "subtopic": "decimal_prices", "prompt": "You’re buying 3 items: $1.87, $13.03, $1.99. About how much will you pay (before tax)?", "exact_value": 16.89, "model": "tiiuae/Falcon-H1-7B-Instruct", "provider": "transformers", "response": "Finalются примерно к следующему значению путем округления и приближения стоимости каждого товара до ближайшего удобного числа перед суммированием примерно примерно до ближайшего кратного числа примерно примерно примерно примерно примерно примерно примерно примерно примерно примерно примерно примерно примерно примерно примерно примерно примерно примерно примерно примерно примерно примерно примерно примерно примерно примерно примерно примерно примерно примерно примерно примерно примерно примерно примерно примерно примерно примерно примерно примерно примерно примерно примерно примерно примерно примерно примерно примерно примерно примерно примерно примерно примерно примерно примерно примерно примерно примерно примерно примерно примерно примерно примерно примерно примерно примерно примерно примерно примерно примерно примерно примерно примерно примерно примерно примерно примерно примерно примерно примерно примерно примерно примерно примерно примерно примерно примерно примерно примерно примерно примерно примерно примерно примерно примерно примерно примерно примерно примерно примерно примерно примерно примерно примерно примерно примерно примерно примерно примерно примерно примерно примерно примерно примерно примерно примерно примерно примерно примерно примерно примерно примерно примерно примерно примерно примерно примерно примерно примерно примерно примерно примерно примерно примерно примерно примерно примерно примерно примерно примерно примерно примерно примерно примерно примерно примерно примерно примерно примерно примерно примерно примерно примерно примерно примерно примерно примерно примерно примерно примерно примерно примерно примерно примерно примерно примерно примерно примерно примерно примерно примерно примерно примерно примерно примерно примерно примерно примерно примерно примерно примерно примерно примерно примерно примерно примерно примерно примерно примерно примерно примерно примерно примерно примерно примерно примерно примерно примерно примерно примерно примерно примерно примерно примерно примерно примерно примерно примерно примерно примерно примерно примерно примерно примерно примерно примерно примерно примерно примерно", "numeric_answer": null, "relative_error": null, "thinking_text": null, "has_tool_call": false, "tool_call": null, "usage": {"prompt_tokens": 202, "completion_tokens": 256, "total_tokens": 458, "token_count_source": "tokenizer"}, "decoding": {"temperature": 0.2, "top_p": null, "top_k": null, "max_tokens": 256, "seed": 42}, "prompt_tokens": 202, "completion_tokens": 256, "total_tokens": 458, "token_count_source": "tokenizer", "diffusion_steps": null, "flops_estimate": null, "flops_arch": null, "flops_model_params": null, "flops_active_params": null, "tokens_non_final": 243, "tokens_reasoning": 0, "tokens_response": 243, "elapsed_seconds": 18.440083026885986, "judgement": "Uncategorized"}
{"id": "basket_sum_001391", "topic": "basket_sum", "subtopic": "decimal_prices", "prompt": "You’re buying 5 items: $7.94, $8.05, $12.09, $1.44, $14.25. About how much will you pay (before tax)?", "exact_value": 43.77, "model": "tiiuae/Falcon-H1-7B-Instruct", "provider": "transformers", "response": "Finalются примерно к следующему числу путем округления и приблизительного подсчета стоимости примерно до ближайшего числа примерно до ближайшего числа примерно до ближайшего числа примерно до ближайшего числа примерно до ближайшего числа примерно до ближайшего числа примерно до ближайшего числа примерно до ближайшего числа примерно до ближайшего числа примерно до ближайшего числа примерно до ближайшего числа примерно до ближайшего числа примерно до ближайшего числа примерно до ближайшего числа примерно до ближайшего числа примерно до ближайшего числа примерно до ближайшего числа примерно до ближайшего числа примерно до ближайшего числа примерно до ближайшего числа примерно до ближайшего числа примерно до ближайшего числа примерно до ближайшего числа примерно до ближайшего числа примерно до ближайшего числа примерно до ближайшего числа примерно до ближайшего числа примерно до ближайшего числа примерно до ближайшего числа примерно до ближайшего числа примерно до ближайшего числа примерно до ближайшего числа примерно до ближайшего числа примерно до ближайшего числа примерно до ближайшего числа примерно до ближайшего числа примерно до ближайшего числа примерно до ближайшего числа примерно до ближайшего числа примерно до ближайшего числа примерно до ближайшего числа примерно до ближайшего числа примерно до ближайшего числа примерно до ближайшего числа примерно до ближайшего числа примерно до ближайшего числа примерно до ближайшего числа примерно до", "numeric_answer": null, "relative_error": null, "thinking_text": null, "has_tool_call": false, "tool_call": null, "usage": {"prompt_tokens": 217, "completion_tokens": 256, "total_tokens": 473, "token_count_source": "tokenizer"}, "decoding": {"temperature": 0.2, "top_p": null, "top_k": null, "max_tokens": 256, "seed": 42}, "prompt_tokens": 217, "completion_tokens": 256, "total_tokens": 473, "token_count_source": "tokenizer", "diffusion_steps": null, "flops_estimate": null, "flops_arch": null, "flops_model_params": null, "flops_active_params": null, "tokens_non_final": 201, "tokens_reasoning": 0, "tokens_response": 201, "elapsed_seconds": 18.412297010421753, "judgement": "Uncategorized"}
{"id": "basket_sum_001411", "topic": "basket_sum", "subtopic": "decimal_prices", "prompt": "You’re buying 4 items: $6.59, $2.57, $8.16, $4.24. About how much will you pay (before tax)?", "exact_value": 21.56, "model": "tiiuae/Falcon-H1-7B-Instruct", "provider": "transformers", "response": "Finalются примерно к следующему значению путем округления и приближенной суммы стоимости позиций согласно правилам примерно до ближайшего кратного числа примерно ются примерно к следующему значению путем округления и приближенной суммы стоимости позиций согласно правилам примерно до ближайшего кратного числа примерно до ближайшего кратного числа примерно до ближайшего кратного числа примерно до ближайшего кратного числа примерно до ближайшего кратного числа примерно до ближайшего кратного числа примерно до ближайшего кратного числа примерно до ближайшего кратного числа примерно до ближайшего кратного числа примерно до ближайшего кратного числа примерно до ближайшего кратного числа примерно до ближайшего кратного числа примерно до ближайшего кратного числа примерно до ближайшего кратного числа примерно до ближайшего кратного числа примерно до ближайшего кратного числа примерно до ближайшего кратного числа примерно до ближайшего кратного числа примерно до ближайшего кратного числа примерно до ближайшего кратного числа примерно до ближайшего кратного числа примерно до ближайшего кратного числа примерно до ближайшего кратного числа примерно до ближайшего кратного числа примерно до ближайшего кратного числа примерно до ближайшего кратного числа примерно до ближайшего кратного числа примерно до ближайшего кратного числа примерно до ближайшего кратного числа примерно", "numeric_answer": null, "relative_error": null, "thinking_text": null, "has_tool_call": false, "tool_call": null, "usage": {"prompt_tokens": 208, "completion_tokens": 256, "total_tokens": 464, "token_count_source": "tokenizer"}, "decoding": {"temperature": 0.2, "top_p": null, "top_k": null, "max_tokens": 256, "seed": 42}, "prompt_tokens": 208, "completion_tokens": 256, "total_tokens": 464, "token_count_source": "tokenizer", "diffusion_steps": null, "flops_estimate": null, "flops_arch": null, "flops_model_params": null, "flops_active_params": null, "tokens_non_final": 180, "tokens_reasoning": 0, "tokens_response": 180, "elapsed_seconds": 18.464540481567383, "judgement": "Uncategorized"}
{"id": "basket_sum_001431", "topic": "basket_sum", "subtopic": "decimal_prices", "prompt": "You’re buying 4 items: $11.75, $19.89, $12.61, $11.14. About how much will you pay (before tax)?", "exact_value": 55.39, "model": "tiiuae/Falcon-H1-7B-Instruct", "provider": "transformers", "response": "Finalются примерно к следующему значению путем округления и приближения стоимости каждого товара до ближайшего простого числа примерно до единицы или десятки прежде чем суммировать их примерно до ближайшего кратного числа примерно до единицы или десятки прежде чем суммировать их примерно до ближайшего кратного числа примерно до единицы или десятки прежде чем суммировать их примерно до ближайшего кратного числа примерно до единицы или десятки прежде чем суммировать их примерно до ближайшего кратного числа примерно до единицы или десятки прежде чем суммировать их примерно до ближайшего кратного числа примерно до единицы или десятки прежде чем суммировать их примерно до ближайшего кратного числа примерно до единицы или десятки прежде чем суммировать их примерно до ближайшего кратного числа примерно до единицы или десятки прежде чем суммировать их примерно до ближайшего кратного числа примерно до единицы или десятки прежде чем суммировать их примерно до ближайшего кратного числа примерно до единицы или десятки прежде чем суммировать их примерно до ближайшего кратного числа примерно до единицы или десятки прежде чем суммировать их примерно до ближайшего кратного числа примерно до единицы или десятки прежде чем суммировать их примерно до ближайшего кратного числа примерно до едини", "numeric_answer": null, "relative_error": null, "thinking_text": null, "has_tool_call": false, "tool_call": null, "usage": {"prompt_tokens": 212, "completion_tokens": 256, "total_tokens": 468, "token_count_source": "tokenizer"}, "decoding": {"temperature": 0.2, "top_p": null, "top_k": null, "max_tokens": 256, "seed": 42}, "prompt_tokens": 212, "completion_tokens": 256, "total_tokens": 468, "token_count_source": "tokenizer", "diffusion_steps": null, "flops_estimate": null, "flops_arch": null, "flops_model_params": null, "flops_active_params": null, "tokens_non_final": 187, "tokens_reasoning": 0, "tokens_response": 187, "elapsed_seconds": 18.43933367729187, "judgement": "Uncategorized"}
{"id": "basket_sum_001451", "topic": "basket_sum", "subtopic": "decimal_prices", "prompt": "You’re buying 6 items: $19.50, $8.67, $13.01, $12.67, $3.45, $12.69. About how much will you pay (before tax)?", "exact_value": 69.99, "model": "tiiuae/Falcon-H1-7B-Instruct", "provider": "transformers", "response": "Finalются примерно к ближайшему кратному числа примерно равному сумме стоимости примерно округленных позицийываются примерно к ближайшему кратному числа примерно равному сумме стоимости примерно округленных позицийываются примерно к ближайшему кратному числа примерно равному сумме стоимости примерно округленных позицийываются примерно к ближайшему кратному числа примерно равному сумме стоимости примерно округленных позицийываются примерно к ближайшему кратному числа примерно равному сумме стоимости примерно округленных позицийываются примерно к ближайшему кратному числа примерно равному сумме стоимости примерно округленных позицийываются примерно к ближайшему кратному числа примерно равному сумме стоимости примерно округленных позицийываются примерно к ближайшему кратному числа примерно равному сумме стоимости примерно округленных позицийываются примерно к ближайшему кратному числа примерно равному сумме стоимости примерно округленных позицийываются примерно к ближайшему кратному числа примерно равному сумме стоимости примерно округленных позицийываются примерно к ближайшему кратному числа примерно равному сумме стоимости примерно округленных позицийываются примерно к ближайшему кратному числа примерно равному сумме стоимости примерно округленных позицийываются примерно к ближайшему кратному числа примерно равному сумме стоимости примерно округленных позицийываются примерно к ближайшему кратному числа", "numeric_answer": null, "relative_error": null, "thinking_text": null, "has_tool_call": false, "tool_call": null, "usage": {"prompt_tokens": 226, "completion_tokens": 256, "total_tokens": 482, "token_count_source": "tokenizer"}, "decoding": {"temperature": 0.2, "top_p": null, "top_k": null, "max_tokens": 256, "seed": 42}, "prompt_tokens": 226, "completion_tokens": 256, "total_tokens": 482, "token_count_source": "tokenizer", "diffusion_steps": null, "flops_estimate": null, "flops_arch": null, "flops_model_params": null, "flops_active_params": null, "tokens_non_final": 162, "tokens_reasoning": 0, "tokens_response": 162, "elapsed_seconds": 18.43432068824768, "judgement": "Uncategorized"}
{"id": "basket_sum_001471", "topic": "basket_sum", "subtopic": "decimal_prices", "prompt": "You’re buying 5 items: $9.92, $9.24, $6.45, $15.07, $14.14. About how much will you pay (before tax)?", "exact_value": 54.82, "model": "tiiuae/Falcon-H1-7B-Instruct", "provider": "transformers", "response": "Finalются примерно к следующему значению путем округления и приблизительного подсчета путем округления стоимости каждого предмета до ближайшего целого числа примерно до ближайшего десятилетия или пятерка примерно до ближайшего десятилетия или пятерка примерно до ближайшего десятилетия или пятерка примерно до ближайшего десятилетия или до ближайшего десятилетия примерно до ближайшего десятилетия примерно до ближайшего десятилетия примерно до ближайшего десятилетия примерно до ближайшего десятилетия примерно до ближайшего десятилетия примерно до ближайшего десятилетия примерно до ближайшего десятилетия примерно до ближайшего десятилетия примерно до ближайшего десятилетия примерно до ближайшего десятилетия примерно до ближайшего десятилетия примерно до ближайшего десятилетия примерно до ближайшего десятилетия примерно до ближайшего десятилетия примерно до ближайшего десятилетия примерно до ближайшего десятилетия примерно до ближайшего десятилетия примерно до ближайшего десятилетия примерно до ближайшего десятилетия примерно до ближайшего десятилетия примерно до ближайшего десятилетия примерно до ближайшего десятилетия примерно до ближайшего десятилетия примерно до ближайшего десятилетия примерно до ближайшего десятилетия примерно до ближайшего десятилетия примерно до ближайшего десятилетия примерно до ближайшего десятилетия примерно до ближайшего десятилетия примерно до ближайшего десятилетия примерно до ближайшего десятилет", "numeric_answer": null, "relative_error": null, "thinking_text": null, "has_tool_call": false, "tool_call": null, "usage": {"prompt_tokens": 217, "completion_tokens": 256, "total_tokens": 473, "token_count_source": "tokenizer"}, "decoding": {"temperature": 0.2, "top_p": null, "top_k": null, "max_tokens": 256, "seed": 42}, "prompt_tokens": 217, "completion_tokens": 256, "total_tokens": 473, "token_count_source": "tokenizer", "diffusion_steps": null, "flops_estimate": null, "flops_arch": null, "flops_model_params": null, "flops_active_params": null, "tokens_non_final": 169, "tokens_reasoning": 0, "tokens_response": 169, "elapsed_seconds": 18.508605480194092, "judgement": "Uncategorized"}
{"id": "basket_sum_001491", "topic": "basket_sum", "subtopic": "decimal_prices", "prompt": "You’re buying 6 items: $10.66, $19.06, $6.54, $17.44, $5.57, $6.08. About how much will you pay (before tax)?", "exact_value": 65.35, "model": "tiiuae/Falcon-H1-7B-Instruct", "provider": "transformers", "response": "Finalются примерно к ближайшему кратному числа примерно равному полученным значениям после округления до целых чисел путем обрезания после десятичной точкиются примерно к ближайшему кратному числа примерно равному полученным значениям после округления до целых чисел путем обрезания послеются примерно к ближайшему кратному числа примерно равному полученным значениям после округления до целых чисел путем обрезания послеются примерно к ближайшему кратному числа примерно равному полученным значениям после округления до целых чисел путемются примерно к числуываются примерно к числуются примерно к числуются примерно к числуются примерно к числуются примерно к числуются примерно к числуются примерно к числуются примерно к числуются примерно к числуются примерно к числуются примерно к числуются примерно к числуются примерно к числуются примерно к числуются примерноются примерноются примерноются примерноются примерноются примерноются примерноются примерноются примерноются примерноются примерноются примерноются примерноются примерноются примерноются примерноются примерноются примерноются примерноются примерноются примерноются примерноются примерноются примерноются примерноются примерноются примерноются примерноются примерноются примерноются примерноются примерноются примерноются примерноются", "numeric_answer": null, "relative_error": null, "thinking_text": null, "has_tool_call": false, "tool_call": null, "usage": {"prompt_tokens": 225, "completion_tokens": 256, "total_tokens": 481, "token_count_source": "tokenizer"}, "decoding": {"temperature": 0.2, "top_p": null, "top_k": null, "max_tokens": 256, "seed": 42}, "prompt_tokens": 225, "completion_tokens": 256, "total_tokens": 481, "token_count_source": "tokenizer", "diffusion_steps": null, "flops_estimate": null, "flops_arch": null, "flops_model_params": null, "flops_active_params": null, "tokens_non_final": 148, "tokens_reasoning": 0, "tokens_response": 148, "elapsed_seconds": 18.447852849960327, "judgement": "Uncategorized"}
{"id": "basket_sum_001511", "topic": "basket_sum", "subtopic": "decimal_prices", "prompt": "You’re buying 3 items: $3.49, $15.57, $17.51. About how much will you pay (before tax)?", "exact_value": 36.57, "model": "tiiuae/Falcon-H1-7B-Instruct", "provider": "transformers", "response": "Finalются примерно к следующему значению путем округления и приближенной суммы стоимости позиций до ближайших удобных для восприятия чиселются примерно к следующему значению путем округления и приближенной суммы стоимости позиций до ближайших удобных для восприятия чиселются примерно к следующему значению путем округления и приближенной суммы стоимости позиций до ближайших удобных для восприятия чиселются примерно к следующему значению путем округления и приближенной суммы стоимости позиций до ближайших удобных для восприятия чиселются примерно к следующему значению путем округления и приближенной суммы стоимости позиций до ближайших удобных для восприятия чиселются примерно к следующему значению путем округления и приближенной суммы стоимости позиций до ближайших удобных для восприятия чиселются примерно к следующему значению путем округления и приближенной суммы стоимости позиций до ближайших удобных для восприятия чиселются примерно к следующему значению путем округления и приближенной суммы стоимости позиций до ближайших удобных дляются примерно к следующему значению путем округления и приближенной суммы стоимости позиций до ближайших удобных дляются примерно к следующему значению путем округления и", "numeric_answer": null, "relative_error": null, "thinking_text": null, "has_tool_call": false, "tool_call": null, "usage": {"prompt_tokens": 203, "completion_tokens": 256, "total_tokens": 459, "token_count_source": "tokenizer"}, "decoding": {"temperature": 0.2, "top_p": null, "top_k": null, "max_tokens": 256, "seed": 42}, "prompt_tokens": 203, "completion_tokens": 256, "total_tokens": 459, "token_count_source": "tokenizer", "diffusion_steps": null, "flops_estimate": null, "flops_arch": null, "flops_model_params": null, "flops_active_params": null, "tokens_non_final": 157, "tokens_reasoning": 0, "tokens_response": 157, "elapsed_seconds": 18.441307067871094, "judgement": "Uncategorized"}
{"id": "basket_sum_001531", "topic": "basket_sum", "subtopic": "decimal_prices", "prompt": "You’re buying 3 items: $9.37, $8.45, $4.74. About how much will you pay (before tax)?", "exact_value": 22.56, "model": "tiiuae/Falcon-H1-7B-Instruct", "provider": "transformers", "response": "Finalются примерно к следующему значению путем округления и приблизительного подсчета стоимости примерно до ближайшего числа вокруг круглых значенийются примерно к следующему значению путем округления и приблизительного подсчета стоимости примерно до ближайшего числа вокруг круглых значенийются примерно к следующему значению путем округления и приблизительного подсчета стоимости примерно до ближайшего числа вокруг круглых значенийются примерно к следующему значению путем округления и приблизительного подсчета стоимости примерно до ближайшего числа вокруг круглых значенийются примерно к следующему значению путем округления и приблизительного подсчета стоимости примерно до ближайшего числа вокруг круглых значенийются примерно к следующему значению путем округления и приблизительного подсчета стоимости примерно до ближайшего числа вокруг круглых значенийются примерно к следующему значению путем округления и приблизительного подсчета стоимости примерно до ближайшего числа вокруг круглых значенийются примерно к следующему значению путем округления и приблизительного подсчета стоимости примерно до ближайшего числа вокруг круглых значенийются примерно к следующему значению путем округления и приблизительного подсчета стоимости примерно до ближайшего числа", "numeric_answer": null, "relative_error": null, "thinking_text": null, "has_tool_call": false, "tool_call": null, "usage": {"prompt_tokens": 201, "completion_tokens": 256, "total_tokens": 457, "token_count_source": "tokenizer"}, "decoding": {"temperature": 0.2, "top_p": null, "top_k": null, "max_tokens": 256, "seed": 42}, "prompt_tokens": 201, "completion_tokens": 256, "total_tokens": 457, "token_count_source": "tokenizer", "diffusion_steps": null, "flops_estimate": null, "flops_arch": null, "flops_model_params": null, "flops_active_params": null, "tokens_non_final": 151, "tokens_reasoning": 0, "tokens_response": 151, "elapsed_seconds": 18.584591388702393, "judgement": "Uncategorized"}
{"id": "basket_sum_001551", "topic": "basket_sum", "subtopic": "decimal_prices", "prompt": "You’re buying 4 items: $3.21, $10.67, $16.25, $3.53. About how much will you pay (before tax)?", "exact_value": 33.66, "model": "tiiuae/Falcon-H1-7B-Instruct", "provider": "transformers", "response": "Finalются примерно к следующему значению путем округления и приближенной суммы примерно до ближайшего кратного числа примерно до единицы или десяткиются примерно до ближайшего кратного числа примерно до единицы или десяткиются примерно до ближайшего кратного числа примерно до единицы или десяткиются примерно до ближайшего кратного числа примерно до единицы или десяткиются примерно до ближайшего кратного числа примерно до единицы или десяткиются примерно до ближайшего кратного числа примерно до единицыются примерно до ближайшего кратного числа примерно до единицыются примерно до ближайшего кратного числа примерно до единицыются примерно до ближайшего кратного числа примерно до единицыются примерно до ближайшего кратного числа примерно до единицыются примерно до ближайшего кратного числа примерно до единицыются примерно до ближайшего кратного числа примерно до единицыются примерно до ближайшего кратного числа примерно до единицыются примерно до ближайшего кратного числа примерно до единицыются примерно до ближайшего кратного числа примерно до единицыются примерно до ближайшего кратного числа примерно до единицыются примерно до ближайшего кратного числа примерно до единицыются примерно до ближайшего кратного числа примерно до единицыются примерно до ближайшего кратного числа примерно до единицыются примерно до", "numeric_answer": null, "relative_error": null, "thinking_text": null, "has_tool_call": false, "tool_call": null, "usage": {"prompt_tokens": 210, "completion_tokens": 256, "total_tokens": 466, "token_count_source": "tokenizer"}, "decoding": {"temperature": 0.2, "top_p": null, "top_k": null, "max_tokens": 256, "seed": 42}, "prompt_tokens": 210, "completion_tokens": 256, "total_tokens": 466, "token_count_source": "tokenizer", "diffusion_steps": null, "flops_estimate": null, "flops_arch": null, "flops_model_params": null, "flops_active_params": null, "tokens_non_final": 174, "tokens_reasoning": 0, "tokens_response": 174, "elapsed_seconds": 18.618255853652954, "judgement": "Uncategorized"}
{"id": "basket_sum_001571", "topic": "basket_sum", "subtopic": "decimal_prices", "prompt": "You’re buying 3 items: $19.20, $19.01, $6.48. About how much will you pay (before tax)?", "exact_value": 44.69, "model": "tiiuae/Falcon-H1-7B-Instruct", "provider": "transformers", "response": "Finalются примерно к стоимости примерно равной каждому из ценников после их округления примерно к ближайшим десятичным единицам или к ближайшим простым числам для удобства подсчета примерно примерно примерно примерно примерно примерно примерно примерно примерно примерно примерно примерно примерно примерно примерно примерно примерно примерно примерно примерно примерно примерно примерно примерно примерно примерно примерно примерно примерно примерно примерно примерно примерно примерно примерно примерно примерно примерно примерно примерно примерно примерно примерно примерно примерно примерно примерно примерно примерно примерно примерно примерно примерно примерно примерно примерно примерно примерно примерно примерно примерно примерно примерно примерно примерно примерно примерно примерно примерно примерно примерно примерно примерно примерно примерно примерно примерно примерно примерно примерно примерно примерно примерно примерно примерно примерно примерно примерно примерно примерно примерно примерно примерно примерно примерно примерно примерно примерно примерно примерно примерно примерно примерно примерно примерно примерно примерно примерно примерно примерно примерно примерно примерно примерно примерно примерно примерно примерно примерно примерно примерно примерно примерно примерно примерно примерно примерно примерно примерно примерно примерно примерно примерно примерно примерно примерно примерно примерно примерно примерно примерно примерно примерно примерно примерно примерно примерно примерно примерно примерно примерно примерно примерно примерно примерно примерно примерно примерно примерно примерно примерно примерно примерно примерно примерно примерно примерно примерно примерно примерно примерно примерно примерно примерно примерно примерно примерно примерно примерно примерно примерно примерно примерно примерно примерно примерно примерно примерно примерно примерно примерно примерно примерно примерно примерно примерно примерно примерно примерно примерно примерно примерно примерно примерно примерно примерно примерно примерно примерно примерно примерно примерно примерно примерно примерно примерно примерно", "numeric_answer": null, "relative_error": null, "thinking_text": null, "has_tool_call": false, "tool_call": null, "usage": {"prompt_tokens": 203, "completion_tokens": 256, "total_tokens": 459, "token_count_source": "tokenizer"}, "decoding": {"temperature": 0.2, "top_p": null, "top_k": null, "max_tokens": 256, "seed": 42}, "prompt_tokens": 203, "completion_tokens": 256, "total_tokens": 459, "token_count_source": "tokenizer", "diffusion_steps": null, "flops_estimate": null, "flops_arch": null, "flops_model_params": null, "flops_active_params": null, "tokens_non_final": 242, "tokens_reasoning": 0, "tokens_response": 242, "elapsed_seconds": 18.60865092277527, "judgement": "Uncategorized"}
{"id": "basket_sum_001591", "topic": "basket_sum", "subtopic": "decimal_prices", "prompt": "You’re buying 3 items: $7.46, $15.92, $17.15. About how much will you pay (before tax)?", "exact_value": 40.53, "model": "tiiuae/Falcon-H1-7B-Instruct", "provider": "transformers", "response": "Finalются примерно к следующему значению путем округления стоимости каждого товара до ближайшего простого числа примерно до единицы или до ближайшего кратного пяти или десятки для упрощения подсчета примерно примерно примерно примерно примерно примерно примерно примерно примерно примерно примерно примерно примерно примерно примерно примерно примерно примерно примерно примерно примерно примерно примерно примерно примерно примерно примерно примерно примерно примерно примерно примерно примерно примерно примерно примерно примерно примерно примерно примерно примерно примерно примерно примерно примерно примерно примерно примерно примерно примерно примерно примерно примерно примерно примерно примерно примерно примерно примерно примерно примерно примерно примерно примерно примерно примерно примерно примерно примерно примерно примерно примерно примерно примерно примерно примерно примерно примерно примерно примерно примерно примерно примерно примерно примерно примерно примерно примерно примерно примерно примерно примерно примерно примерно примерно примерно примерно примерно примерно примерно примерно примерно примерно примерно примерно примерно примерно примерно примерно примерно примерно примерно примерно примерно примерно примерно примерно примерно примерно примерно примерно примерно примерно примерно примерно примерно примерно примерно примерно примерно примерно примерно примерно примерно примерно примерно примерно примерно примерно примерно примерно примерно примерно примерно примерно примерно примерно примерно примерно примерно примерно примерно примерно примерно примерно примерно примерно примерно примерно примерно примерно примерно примерно примерно примерно примерно примерно примерно примерно примерно примерно примерно примерно примерно примерно примерно примерно примерно примерно примерно примерно примерно примерно примерно примерно примерно примерно примерно примерно примерно примерно примерно примерно примерно примерно примерно примерно примерно примерно примерно примерно примерно примерно примерно примерно примерно примерно примерно примерно примерно примерно примерно примерно примерно", "numeric_answer": null, "relative_error": null, "thinking_text": null, "has_tool_call": false, "tool_call": null, "usage": {"prompt_tokens": 203, "completion_tokens": 256, "total_tokens": 459, "token_count_source": "tokenizer"}, "decoding": {"temperature": 0.2, "top_p": null, "top_k": null, "max_tokens": 256, "seed": 42}, "prompt_tokens": 203, "completion_tokens": 256, "total_tokens": 459, "token_count_source": "tokenizer", "diffusion_steps": null, "flops_estimate": null, "flops_arch": null, "flops_model_params": null, "flops_active_params": null, "tokens_non_final": 241, "tokens_reasoning": 0, "tokens_response": 241, "elapsed_seconds": 18.447868585586548, "judgement": "Uncategorized"}
{"id": "basket_sum_001611", "topic": "basket_sum", "subtopic": "decimal_prices", "prompt": "You’re buying 5 items: $9.07, $7.79, $18.56, $5.30, $11.17. About how much will you pay (before tax)?", "exact_value": 51.89, "model": "tiiuae/Falcon-H1-7B-Instruct", "provider": "transformers", "response": "Finalются примерно к ближайшему кратному числа примерно равному сумме округленных значений стоимости каждого предмета до целых чисел путем округления до ближайшего целого числа путем отбрасывания долей после запятойываются примерно к ближайшему кратному числа примерно равному сумме округленных значений стоимости каждого предмета до целых чисел путем округления до ближайшего целого числа путем отбрасывания долей после запятойываются примерно к ближайшему кратному числа примерно равному сумме округленных значений стоимости каждого предмета до целых чисел путем округления до ближайшего целого числа путем отбрасывания долей послеются примерно к ближайшему кратному числа примерно равному сумме округленных значений стоимости каждого предмета до целых чисел путем округления до ближайшего целого числа путем отбрасывания долей послеются примерно к ближайшему кратному числа примерно равному сумме округленных значений стоимости каждого предмета до целых чисел путем округления до ближайшего кратного числа примерно равного утся примерно к ближайшему кратному числа примерно равному сумме округленных значений стоимости каждого предмета до целых чисел путем округления до ближайшего кратного числа примерно", "numeric_answer": null, "relative_error": null, "thinking_text": null, "has_tool_call": false, "tool_call": null, "usage": {"prompt_tokens": 217, "completion_tokens": 256, "total_tokens": 473, "token_count_source": "tokenizer"}, "decoding": {"temperature": 0.2, "top_p": null, "top_k": null, "max_tokens": 256, "seed": 42}, "prompt_tokens": 217, "completion_tokens": 256, "total_tokens": 473, "token_count_source": "tokenizer", "diffusion_steps": null, "flops_estimate": null, "flops_arch": null, "flops_model_params": null, "flops_active_params": null, "tokens_non_final": 155, "tokens_reasoning": 0, "tokens_response": 155, "elapsed_seconds": 18.48315453529358, "judgement": "Uncategorized"}
{"id": "basket_sum_001631", "topic": "basket_sum", "subtopic": "decimal_prices", "prompt": "You’re buying 5 items: $1.32, $18.17, $11.61, $17.29, $19.14. About how much will you pay (before tax)?", "exact_value": 67.53, "model": "tiiuae/Falcon-H1-7B-Instruct", "provider": "transformers", "response": "Finalются примерно к следующему значению путем округления и приближенной суммыüllümlü düzenlenebilir verirken, gerekenlikteki hızlama gereği verirken, tam toplamı hesaplamak yerine yüksek�ilikleri ve uzun hesaplamaları izlemenizin gerekiyordu�wicklunglichkeit eines solchen Vorgehens jedoch nicht vernachläempion möchteются примерно к следующему значению путем округления и приближенной суммыüllümlümlü düzenlenebilir verir verirken gerektirirgücü devam etmektedir.\n\nÜrüne verirken, fiyatları yuvarlama�üzüyle düzenleyelim:ümlümlü düzenlenebilir verir verirken gerektirirgücü devamрует примерно к следующему значению путем округывания и приближенной суммыüllümlümlü düzenlenebilir verir verirken gerektirirgücü devam etmektedir.\n\nÇıkarımları düzenleyelim:ümlümlü düzenlenebilir verir verirken gerektirirgücü devam etmektedir.\n\n- ываются примерно к следующему значению путем округывания и приближенной суммыüllümlümlü düzenlenebilir verir verirken", "numeric_answer": null, "relative_error": null, "thinking_text": null, "has_tool_call": false, "tool_call": null, "usage": {"prompt_tokens": 219, "completion_tokens": 256, "total_tokens": 475, "token_count_source": "tokenizer"}, "decoding": {"temperature": 0.2, "top_p": null, "top_k": null, "max_tokens": 256, "seed": 42}, "prompt_tokens": 219, "completion_tokens": 256, "total_tokens": 475, "token_count_source": "tokenizer", "diffusion_steps": null, "flops_estimate": null, "flops_arch": null, "flops_model_params": null, "flops_active_params": null, "tokens_non_final": 95, "tokens_reasoning": 0, "tokens_response": 95, "elapsed_seconds": 18.490658283233643, "judgement": "Uncategorized"}
{"id": "basket_sum_001651", "topic": "basket_sum", "subtopic": "decimal_prices", "prompt": "You’re buying 6 items: $4.75, $14.03, $18.54, $0.88, $5.41, $16.41. About how much will you pay (before tax)?", "exact_value": 60.02, "model": "tiiuae/Falcon-H1-7B-Instruct", "provider": "transformers", "response": "Finalются примерно к ближайшему кратному числа примерно ются примерно к ближайшему кратному числа примерно примерно примерно примерно примерно примерно примерно примерно примерно примерно примерно примерно примерно примерно примерно примерно примерно примерно примерно примерно примерно примерно примерно примерно примерно примерно примерно примерно примерно примерно примерно примерно примерно примерно примерно примерно примерно примерно примерно примерно примерно примерно примерно примерно примерно примерно примерно примерно примерно примерно примерно примерно примерно примерно примерно примерно примерно примерно примерно примерно примерно примерно примерно примерно примерно примерно примерно примерно примерно примерно примерно примерно примерно примерно примерно примерно примерно примерно примерно примерно примерно примерно примерно примерно примерно примерно примерно примерно примерно примерно примерно примерно примерно примерно примерно примерно примерно примерно примерно примерно примерно примерно примерно примерно примерно примерно примерно примерно примерно примерно примерно примерно примерно примерно примерно примерно примерно примерно примерно примерно примерно примерно примерно примерно примерно примерно примерно примерно примерно примерно примерно примерно примерно примерно примерно примерно примерно примерно примерно примерно примерно примерно примерно примерно примерно примерно примерно примерно примерно примерно примерно примерно примерно примерно примерно примерно примерно примерно примерно примерно примерно примерно примерно примерно примерно примерно примерно примерно примерно примерно примерно примерно примерно примерно примерно примерно примерно примерно примерно примерно примерно примерно примерно примерно примерно примерно примерно примерно примерно примерно примерно примерно примерно примерно примерно примерно примерно примерно примерно примерно примерно примерно примерно примерно примерно примерно примерно примерно примерно примерно примерно примерно примерно примерно примерно примерно примерно примерно примерно примерно примерно примерно примерно примерно примерно примерно примерно примерно примерно примерно примерно примерно примерно примерно примерно примерно примерно", "numeric_answer": null, "relative_error": null, "thinking_text": null, "has_tool_call": false, "tool_call": null, "usage": {"prompt_tokens": 225, "completion_tokens": 256, "total_tokens": 481, "token_count_source": "tokenizer"}, "decoding": {"temperature": 0.2, "top_p": null, "top_k": null, "max_tokens": 256, "seed": 42}, "prompt_tokens": 225, "completion_tokens": 256, "total_tokens": 481, "token_count_source": "tokenizer", "diffusion_steps": null, "flops_estimate": null, "flops_arch": null, "flops_model_params": null, "flops_active_params": null, "tokens_non_final": 250, "tokens_reasoning": 0, "tokens_response": 250, "elapsed_seconds": 18.503403663635254, "judgement": "Uncategorized"}
{"id": "basket_sum_001671", "topic": "basket_sum", "subtopic": "decimal_prices", "prompt": "You’re buying 4 items: $14.69, $6.97, $1.53, $18.10. About how much will you pay (before tax)?", "exact_value": 41.29, "model": "tiiuae/Falcon-H1-7B-Instruct", "provider": "transformers", "response": "Finalются примерно к следующему значению путем округления и приблизительного подсчета стоимости каждого товара до ближайшего простого числа вокруг него перед суммированием примерно примерно до ближайшего числа примерно до ближайшего числа примерно до ближайшего числа примерно до ближайшего числа примерно до ближайшего числа примерно до ближайшего числа примерно до ближайшего числа примерно до ближайшего числа примерно до ближайшего числа примерно до ближайшего числа примерно до ближайшего числа примерно до ближайшего числа примерно до ближайшего числа примерно до ближайшего числа примерно до ближайшего числа примерно до ближайшего числа примерно до ближайшего числа примерно до ближайшего числа примерно до ближайшего числа примерно до ближайшего числа примерно до ближайшего числа примерно до ближайшего числа примерно до ближайшего числа примерно до ближайшего числа примерно до ближайшего числа примерно до ближайшего числа примерно до ближайшего числа примерно до ближайшего числа примерно до ближайшего числа примерно до ближайшего числа примерно до ближайшего числа примерно до ближайшего числа примерно до ближайшего числа примерно до ближайшего числа примерно до ближайшего числа примерно до ближайшего числа примерно до ближайшего числа примерно до ближайшего числа примерно до ближайшего числа примерно до ближайшего числа примерно до ближайшего числа примерно до ближайшего числа примерно до ближайшего числа примерно до ближайшего числа примерно", "numeric_answer": null, "relative_error": null, "thinking_text": null, "has_tool_call": false, "tool_call": null, "usage": {"prompt_tokens": 210, "completion_tokens": 256, "total_tokens": 466, "token_count_source": "tokenizer"}, "decoding": {"temperature": 0.2, "top_p": null, "top_k": null, "max_tokens": 256, "seed": 42}, "prompt_tokens": 210, "completion_tokens": 256, "total_tokens": 466, "token_count_source": "tokenizer", "diffusion_steps": null, "flops_estimate": null, "flops_arch": null, "flops_model_params": null, "flops_active_params": null, "tokens_non_final": 199, "tokens_reasoning": 0, "tokens_response": 199, "elapsed_seconds": 18.534968852996826, "judgement": "Uncategorized"}
{"id": "basket_sum_001691", "topic": "basket_sum", "subtopic": "decimal_prices", "prompt": "You’re buying 3 items: $7.15, $2.52, $18.68. About how much will you pay (before tax)?", "exact_value": 28.35, "model": "tiiuae/Falcon-H1-7B-Instruct", "provider": "transformers", "response": "Finalются примерно к следующему значению путем округления и приближения стоимости каждого предмета до ближайшего удобного числа перед суммированием их примерно путем приближенной арификацииываются примерно примерно примерно примерно примерно примерно примерно примерно примерно примерно примерно примерно примерно примерно примерно примерно примерно примерно примерно примерно примерно примерно примерно примерно примерно примерно примерно примерно примерно примерно примерно примерно примерно примерно примерно примерно примерно примерно примерно примерно примерно примерно примерно примерно примерно примерно примерно примерно примерно примерно примерно примерно примерно примерно примерно примерно примерно примерно примерно примерно примерно примерно примерно примерно примерно примерно примерно примерно примерно примерно примерно примерно примерно примерно примерно примерно примерно примерно примерно примерно примерно примерно примерно примерно примерно примерно примерно примерно примерно примерно примерно примерно примерно примерно примерно примерно примерно примерно примерно примерно примерно примерно примерно примерно примерно примерно примерно примерно примерно примерно примерно примерно примерно примерно примерно примерно примерно примерно примерно примерно примерно примерно примерно примерно примерно примерно примерно примерно примерно примерно примерно примерно примерно примерно примерно примерно примерно примерно примерно примерно примерно примерно примерно примерно примерно примерно примерно примерно примерно примерно примерно примерно примерно примерно примерно примерно примерно примерно примерно примерно примерно примерно примерно примерно примерно примерно примерно примерно примерно примерно примерно примерно примерно примерно примерно примерно примерно примерно примерно примерно примерно примерно примерно примерно примерно примерно примерно примерно примерно примерно примерно примерно примерно примерно примерно примерно примерно примерно примерно примерно примерно примерно примерно примерно примерно примерно примерно примерно примерно примерно примерно примерно примерно примерно примерно примерно", "numeric_answer": null, "relative_error": null, "thinking_text": null, "has_tool_call": false, "tool_call": null, "usage": {"prompt_tokens": 202, "completion_tokens": 256, "total_tokens": 458, "token_count_source": "tokenizer"}, "decoding": {"temperature": 0.2, "top_p": null, "top_k": null, "max_tokens": 256, "seed": 42}, "prompt_tokens": 202, "completion_tokens": 256, "total_tokens": 458, "token_count_source": "tokenizer", "diffusion_steps": null, "flops_estimate": null, "flops_arch": null, "flops_model_params": null, "flops_active_params": null, "tokens_non_final": 239, "tokens_reasoning": 0, "tokens_response": 239, "elapsed_seconds": 18.484512090682983, "judgement": "Uncategorized"}
{"id": "basket_sum_001711", "topic": "basket_sum", "subtopic": "decimal_prices", "prompt": "You’re buying 3 items: $16.26, $18.33, $17.33. About how much will you pay (before tax)?", "exact_value": 51.92, "model": "tiiuae/Falcon-H1-7B-Instruct", "provider": "transformers", "response": "Finalются примерно к ближайшему кратному числа примерно равному сумме стоимости этих товаров после округления до целых чисел примерно до ближайшего кратного числа примерно равного примерно примерно примерно примерно примерно примерно примерно примерно примерно примерно примерно примерно примерно примерно примерно примерно примерно примерно примерно примерно примерно примерно примерно примерно примерно примерно примерно примерно примерно примерно примерно примерно примерно примерно примерно примерно примерно примерно примерно примерно примерно примерно примерно примерно примерно примерно примерно примерно примерно примерно примерно примерно примерно примерно примерно примерно примерно примерно примерно примерно примерно примерно примерно примерно примерно примерно примерно примерно примерно примерно примерно примерно примерно примерно примерно примерно примерно примерно примерно примерно примерно примерно примерно примерно примерно примерно примерно примерно примерно примерно примерно примерно примерно примерно примерно примерно примерно примерно примерно примерно примерно примерно примерно примерно примерно примерно примерно примерно примерно примерно примерно примерно примерно примерно примерно примерно примерно примерно примерно примерно примерно примерно примерно примерно примерно примерно примерно примерно примерно примерно примерно примерно примерно примерно примерно примерно примерно примерно примерно примерно примерно примерно примерно примерно примерно примерно примерно примерно примерно примерно примерно примерно примерно примерно примерно примерно примерно примерно примерно примерно примерно примерно примерно примерно примерно примерно примерно примерно примерно примерно примерно примерно примерно примерно примерно примерно примерно примерно примерно примерно примерно примерно примерно примерно примерно примерно примерно примерно примерно примерно примерно примерно примерно примерно примерно примерно примерно примерно примерно примерно примерно примерно примерно примерно примерно примерно примерно примерно примерно примерно примерно примерно примерно примерно примерно примерно примерно примерно примерно примерно примерно", "numeric_answer": null, "relative_error": null, "thinking_text": null, "has_tool_call": false, "tool_call": null, "usage": {"prompt_tokens": 204, "completion_tokens": 256, "total_tokens": 460, "token_count_source": "tokenizer"}, "decoding": {"temperature": 0.2, "top_p": null, "top_k": null, "max_tokens": 256, "seed": 42}, "prompt_tokens": 204, "completion_tokens": 256, "total_tokens": 460, "token_count_source": "tokenizer", "diffusion_steps": null, "flops_estimate": null, "flops_arch": null, "flops_model_params": null, "flops_active_params": null, "tokens_non_final": 245, "tokens_reasoning": 0, "tokens_response": 245, "elapsed_seconds": 18.518295764923096, "judgement": "Uncategorized"}
{"id": "basket_sum_001731", "topic": "basket_sum", "subtopic": "decimal_prices", "prompt": "You’re buying 6 items: $7.02, $16.08, $18.94, $8.53, $17.47, $9.71. About how much will you pay (before tax)?", "exact_value": 77.75, "model": "tiiuae/Falcon-H1-7B-Instruct", "provider": "transformers", "response": "Finalются примерно к ближайшему кратному числа примерно равному сумме округленных значений стоимости каждого товараываются примерно к ближайшему кратному числа примерно равному сумме округленных значений стоимости каждого товараются примерно к ближайшему кратному числа примерно равному сумме округленных значений стоимости каждого товараются примерно к ближайшему кратному числа примерно равному сумме округленных значений стоимости каждого товараются примерно к ближайшему кратному числа примерно равному сумме округленных значений стоимости каждого товараются примерно к ближайшему кратному числа примерно равному сумме округленных значений стоимости каждого товараются примерно к ближайшему кратному числа примерно равному сумме округленных значений стоимости каждого товараются примерно к ближайшему кратному числа примерно равному сумме округленных значений стоимости каждого товараются примерно к ближайшему кратному числа примерно равному сумме округленных значений стоимости каждого товараются примерно к ближайшему кратному числа примерно равному сумме округленных значений стоимости каждого товараются примерно к ближайшему кратному числа примерно равному сумме округленных значений стоимости каждого товараются примерно к ближайшему кратному числа примерно равному сумме округленных значений стоимости каждого товараются примерно к", "numeric_answer": null, "relative_error": null, "thinking_text": null, "has_tool_call": false, "tool_call": null, "usage": {"prompt_tokens": 225, "completion_tokens": 256, "total_tokens": 481, "token_count_source": "tokenizer"}, "decoding": {"temperature": 0.2, "top_p": null, "top_k": null, "max_tokens": 256, "seed": 42}, "prompt_tokens": 225, "completion_tokens": 256, "total_tokens": 481, "token_count_source": "tokenizer", "diffusion_steps": null, "flops_estimate": null, "flops_arch": null, "flops_model_params": null, "flops_active_params": null, "tokens_non_final": 159, "tokens_reasoning": 0, "tokens_response": 159, "elapsed_seconds": 18.498460054397583, "judgement": "Uncategorized"}
{"id": "basket_sum_001751", "topic": "basket_sum", "subtopic": "decimal_prices", "prompt": "You’re buying 5 items: $16.63, $10.06, $3.60, $6.03, $6.93. About how much will you pay (before tax)?", "exact_value": 43.25, "model": "tiiuae/Falcon-H1-7B-Instruct", "provider": "transformers", "response": "Finalются примерно к следующему значению путем округления и приближенной суммы стоимости позиций согласно правилам примерно до ближайшего кратного числа примерно до единицы или десяткиются примерно к следующему значению путем округления и приближенной суммы стоимости позиций согласно правилам примерно до ближайшего кратного числа примерно до единицы или десяткиются примерно к следующему значению путем округления и приближенной суммы стоимости позиций согласно правилам примерно до ближайшего кратного числа примерно до единицы или десяткиются примерно к следующему значению путем округления и приближенной суммы стоимости позиций согласно правилам примерно до ближайшего кратного числа примерно до единицы или десяткиются примерно к следующему значению путем округления и приближенной суммы стоимости позиций согласно правилам примерно до ближайшего кратного числа примерно до единицы или десяткиются примерно к следующему значению путем округления и приближенной суммы стоимости позиций согласно правилам примерно до ближайшего кратного числа примерно до единицы или десяткиются примерно к следующему значению путем округления и приближенной суммы стоимости позиций согласно правилам примерно до ближайшего кратного числа примерно до единицы или десяткиются примерно к следующему значению путем округления и приближенной суммы стоимости пози", "numeric_answer": null, "relative_error": null, "thinking_text": null, "has_tool_call": false, "tool_call": null, "usage": {"prompt_tokens": 217, "completion_tokens": 256, "total_tokens": 473, "token_count_source": "tokenizer"}, "decoding": {"temperature": 0.2, "top_p": null, "top_k": null, "max_tokens": 256, "seed": 42}, "prompt_tokens": 217, "completion_tokens": 256, "total_tokens": 473, "token_count_source": "tokenizer", "diffusion_steps": null, "flops_estimate": null, "flops_arch": null, "flops_model_params": null, "flops_active_params": null, "tokens_non_final": 173, "tokens_reasoning": 0, "tokens_response": 173, "elapsed_seconds": 18.468327522277832, "judgement": "Uncategorized"}
{"id": "basket_sum_001771", "topic": "basket_sum", "subtopic": "decimal_prices", "prompt": "You’re buying 3 items: $10.59, $6.35, $1.24. About how much will you pay (before tax)?", "exact_value": 18.18, "model": "tiiuae/Falcon-H1-7B-Instruct", "provider": "transformers", "response": "Finalются примерно к ближайшему кратному числа примерно равному сумме стоимости этих товаров после округления до целых чисел примерно равным примерно примерно примерно примерно примерно примерно примерно примерно примерно примерно примерно примерно примерно примерно примерно примерно примерно примерно примерно примерно примерно примерно примерно примерно примерно примерно примерно примерно примерно примерно примерно примерно примерно примерно примерно примерно примерно примерно примерно примерно примерно примерно примерно примерно примерно примерно примерно примерно примерно примерно примерно примерно примерно примерно примерно примерно примерно примерно примерно примерно примерно примерно примерно примерно примерно примерно примерно примерно примерно примерно примерно примерно примерно примерно примерно примерно примерно примерно примерно примерно примерно примерно примерно примерно примерно примерно примерно примерно примерно примерно примерно примерно примерно примерно примерно примерно примерно примерно примерно примерно примерно примерно примерно примерно примерно примерно примерно примерно примерно примерно примерно примерно примерно примерно примерно примерно примерно примерно примерно примерно примерно примерно примерно примерно примерно примерно примерно примерно примерно примерно примерно примерно примерно примерно примерно примерно примерно примерно примерно примерно примерно примерно примерно примерно примерно примерно примерно примерно примерно примерно примерно примерно примерно примерно примерно примерно примерно примерно примерно примерно примерно примерно примерно примерно примерно примерно примерно примерно примерно примерно примерно примерно примерно примерно примерно примерно примерно примерно примерно примерно примерно примерно примерно примерно примерно примерно примерно примерно примерно примерно примерно примерно примерно примерно примерно примерно примерно примерно примерно примерно примерно примерно примерно примерно примерно примерно примерно примерно примерно примерно примерно примерно примерно примерно примерно примерно примерно примерно примерно примерно примерно примерно примерно примерно примерно примерно примерно примерно", "numeric_answer": null, "relative_error": null, "thinking_text": null, "has_tool_call": false, "tool_call": null, "usage": {"prompt_tokens": 202, "completion_tokens": 256, "total_tokens": 458, "token_count_source": "tokenizer"}, "decoding": {"temperature": 0.2, "top_p": null, "top_k": null, "max_tokens": 256, "seed": 42}, "prompt_tokens": 202, "completion_tokens": 256, "total_tokens": 458, "token_count_source": "tokenizer", "diffusion_steps": null, "flops_estimate": null, "flops_arch": null, "flops_model_params": null, "flops_active_params": null, "tokens_non_final": 247, "tokens_reasoning": 0, "tokens_response": 247, "elapsed_seconds": 18.50053071975708, "judgement": "Uncategorized"}
{"id": "basket_sum_001791", "topic": "basket_sum", "subtopic": "decimal_prices", "prompt": "You’re buying 6 items: $4.14, $2.95, $14.71, $9.53, $17.81, $14.13. About how much will you pay (before tax)?", "exact_value": 63.27, "model": "tiiuae/Falcon-H1-7B-Instruct", "provider": "transformers", "response": "Finalются примерно к ближайшему кратному числа примерно ются примерно к ближайшему кратному числа примерноываются примерноываются примерноываются примерноываются примерноываются примерноываются примерноываются примерноываются примерноываются примерноываются примерноываются примерноываются примерноываются примерноываются примерноываются примерноываются примерноываются примерноываются примерноываются примерноываются примерноываются примерноываются примерноываются примерноываются примерноываются примерноываются примерноываются примерноываются примерноываются примерноываются примерноываются примерноываются примерноываются примерноываются примерноываются примерноываются примерноываются примерноываются примерноываются примерноываются примерноываются примерноываются примерноываются примерноываются примерноываются примерноываются примерноываются примерноываются примерноываются примерноываются примерноываются примерноываются примерноываются примерноываются примерноываются примерноываются примерноываются примерноываются примерноываются примерноываются примерноываются примерноываются примерноываются примерноываются примерноываются примерноываются примерноываются примерноываются примерноываются примерноываются примерноываются примерноываются примерноываются примерноываются примерноываются примерноываются примерноываются примерноываются примерноываются примерноываются примерноываются примерноываются примерноываются примерноываются примерноываются примерноываются примерноываются примерноываются примерноываются примерноываются примерноываются примерноываются примерноываются примерноываются примерноываются примерноываются примерноываются примерноываются примерноываются примерноываются примерноываются примерноываются примерноываются примерноываются примерноываются примерноываются примерноываются примерноываются примерноываются примерноываются примерноываются примерноываются примерноываются примерноываются примерноываются примерноываются примерноываются примерноываются примерно", "numeric_answer": null, "relative_error": null, "thinking_text": null, "has_tool_call": false, "tool_call": null, "usage": {"prompt_tokens": 225, "completion_tokens": 256, "total_tokens": 481, "token_count_source": "tokenizer"}, "decoding": {"temperature": 0.2, "top_p": null, "top_k": null, "max_tokens": 256, "seed": 42}, "prompt_tokens": 225, "completion_tokens": 256, "total_tokens": 481, "token_count_source": "tokenizer", "diffusion_steps": null, "flops_estimate": null, "flops_arch": null, "flops_model_params": null, "flops_active_params": null, "tokens_non_final": 132, "tokens_reasoning": 0, "tokens_response": 132, "elapsed_seconds": 18.4969425201416, "judgement": "Uncategorized"}
{"id": "basket_sum_001811", "topic": "basket_sum", "subtopic": "decimal_prices", "prompt": "You’re buying 3 items: $10.30, $18.37, $14.13. About how much will you pay (before tax)?", "exact_value": 42.8, "model": "tiiuae/Falcon-H1-7B-Instruct", "provider": "transformers", "response": "Finalются примерно к ближайшему кратному числа примерно равному сумме стоимости этих товаров после округления до более удобных для восприятия значенийются примерно к ближайшему кратному числа примерно равному сумме стоимости этих товаров после округления до более удобных для восприятия значенийются примерно к ближайшему кратному числа примерно равному сумме стоимости этих товаров после округления до более удобных для восприятия значенийются примерно к ближайшему кратному числа примерно равному сумме стоимости этих товаров после округления до более удобных для восприятия значенийются примерно к числу примерно равному сумме стоимости этих товаров после округления до более удобных для восприятия значенийются примерно к числу примерно равному сумме стоимости этих товаров после округления до более удобных для восприятия значенийются примерно к числу примерно равному сумме стоимости этих товаров после округления до более удобных для восприятия значенийются примерно к числу примерно равному сумме стоимости этих товаров после округления до более удобных для восприятия значенийются примерно к числу примерно равному сумме стоимости этих товаров после округления до более удобных для восприятия значенийются примерно к числу примерно равному сумме стоимости этих товаров после округления до более", "numeric_answer": null, "relative_error": null, "thinking_text": null, "has_tool_call": false, "tool_call": null, "usage": {"prompt_tokens": 204, "completion_tokens": 256, "total_tokens": 460, "token_count_source": "tokenizer"}, "decoding": {"temperature": 0.2, "top_p": null, "top_k": null, "max_tokens": 256, "seed": 42}, "prompt_tokens": 204, "completion_tokens": 256, "total_tokens": 460, "token_count_source": "tokenizer", "diffusion_steps": null, "flops_estimate": null, "flops_arch": null, "flops_model_params": null, "flops_active_params": null, "tokens_non_final": 175, "tokens_reasoning": 0, "tokens_response": 175, "elapsed_seconds": 18.50293493270874, "judgement": "Uncategorized"}
{"id": "basket_sum_001831", "topic": "basket_sum", "subtopic": "decimal_prices", "prompt": "You’re buying 3 items: $9.20, $7.83, $14.21. About how much will you pay (before tax)?", "exact_value": 31.24, "model": "tiiuae/Falcon-H1-7B-Instruct", "provider": "transformers", "response": "Finalются примерно к ближайшему кратному числа примерно равному сумме стоимости этих товаров после округления до целых чисел примерно равным примерно примерно примерно примерно примерно примерно примерно примерно примерно примерно примерно примерно примерно примерно примерно примерно примерно примерно примерно примерно примерно примерно примерно примерно примерно примерно примерно примерно примерно примерно примерно примерно примерно примерно примерно примерно примерно примерно примерно примерно примерно примерно примерно примерно примерно примерно примерно примерно примерно примерно примерно примерно примерно примерно примерно примерно примерно примерно примерно примерно примерно примерно примерно примерно примерно примерно примерно примерно примерно примерно примерно примерно примерно примерно примерно примерно примерно примерно примерно примерно примерно примерно примерно примерно примерно примерно примерно примерно примерно примерно примерно примерно примерно примерно примерно примерно примерно примерно примерно примерно примерно примерно примерно примерно примерно примерно примерно примерно примерно примерно примерно примерно примерно примерно примерно примерно примерно примерно примерно примерно примерно примерно примерно примерно примерно примерно примерно примерно примерно примерно примерно примерно примерно примерно примерно примерно примерно примерно примерно примерно примерно примерно примерно примерно примерно примерно примерно примерно примерно примерно примерно примерно примерно примерно примерно примерно примерно примерно примерно примерно примерно примерно примерно примерно примерно примерно примерно примерно примерно примерно примерно примерно примерно примерно примерно примерно примерно примерно примерно примерно примерно примерно примерно примерно примерно примерно примерно примерно примерно примерно примерно примерно примерно примерно примерно примерно примерно примерно примерно примерно примерно примерно примерно примерно примерно примерно примерно примерно примерно примерно примерно примерно примерно примерно примерно примерно примерно примерно примерно примерно примерно примерно примерно примерно примерно примерно примерно примерно", "numeric_answer": null, "relative_error": null, "thinking_text": null, "has_tool_call": false, "tool_call": null, "usage": {"prompt_tokens": 202, "completion_tokens": 256, "total_tokens": 458, "token_count_source": "tokenizer"}, "decoding": {"temperature": 0.2, "top_p": null, "top_k": null, "max_tokens": 256, "seed": 42}, "prompt_tokens": 202, "completion_tokens": 256, "total_tokens": 458, "token_count_source": "tokenizer", "diffusion_steps": null, "flops_estimate": null, "flops_arch": null, "flops_model_params": null, "flops_active_params": null, "tokens_non_final": 247, "tokens_reasoning": 0, "tokens_response": 247, "elapsed_seconds": 18.733875274658203, "judgement": "Uncategorized"}
{"id": "basket_sum_001851", "topic": "basket_sum", "subtopic": "decimal_prices", "prompt": "You’re buying 5 items: $6.62, $11.07, $7.07, $6.71, $19.00. About how much will you pay (before tax)?", "exact_value": 50.47, "model": "tiiuae/Falcon-H1-7B-Instruct", "provider": "transformers", "response": "Finalются примерно к ближайшему кратному числа примерно равному сумме стоимости этих товаров после округления до целых чисел примерно равными примерно примерно примерно примерно примерно примерно примерно примерно примерно примерно примерно примерно примерно примерно примерно примерно примерно примерно примерно примерно примерно примерно примерно примерно примерно примерно примерно примерно примерно примерно примерно примерно примерно примерно примерно примерно примерно примерно примерно примерно примерно примерно примерно примерно примерно примерно примерно примерно примерно примерно примерно примерно примерно примерно примерно примерно примерно примерно примерно примерно примерно примерно примерно примерно примерно примерно примерно примерно примерно примерно примерно примерно примерно примерно примерно примерно примерно примерно примерно примерно примерно примерно примерно примерно примерно примерно примерно примерно примерно примерно примерно примерно примерно примерно примерно примерно примерно примерно примерно примерно примерно примерно примерно примерно примерно примерно примерно примерно примерно примерно примерно примерно примерно примерно примерно примерно примерно примерно примерно примерно примерно примерно примерно примерно примерно примерно примерно примерно примерно примерно примерно примерно примерно примерно примерно примерно примерно примерно примерно примерно примерно примерно примерно примерно примерно примерно примерно примерно примерно примерно примерно примерно примерно примерно примерно примерно примерно примерно примерно примерно примерно примерно примерно примерно примерно примерно примерно примерно примерно примерно примерно примерно примерно примерно примерно примерно примерно примерно примерно примерно примерно примерно примерно примерно примерно примерно примерно примерно примерно примерно примерно примерно примерно примерно примерно примерно примерно примерно примерно примерно примерно примерно примерно примерно примерно примерно примерно примерно примерно примерно примерно примерно примерно примерно примерно примерно примерно примерно примерно примерно примерно примерно примерно примерно примерно примерно примерно примерно", "numeric_answer": null, "relative_error": null, "thinking_text": null, "has_tool_call": false, "tool_call": null, "usage": {"prompt_tokens": 217, "completion_tokens": 256, "total_tokens": 473, "token_count_source": "tokenizer"}, "decoding": {"temperature": 0.2, "top_p": null, "top_k": null, "max_tokens": 256, "seed": 42}, "prompt_tokens": 217, "completion_tokens": 256, "total_tokens": 473, "token_count_source": "tokenizer", "diffusion_steps": null, "flops_estimate": null, "flops_arch": null, "flops_model_params": null, "flops_active_params": null, "tokens_non_final": 247, "tokens_reasoning": 0, "tokens_response": 247, "elapsed_seconds": 18.68653631210327, "judgement": "Uncategorized"}
{"id": "basket_sum_001871", "topic": "basket_sum", "subtopic": "decimal_prices", "prompt": "You’re buying 5 items: $6.25, $5.41, $5.02, $12.38, $15.22. About how much will you pay (before tax)?", "exact_value": 44.28, "model": "tiiuae/Falcon-H1-7B-Instruct", "provider": "transformers", "response": "Finalются примерно к ближайшему кратному числа примерно равному сумме стоимости этих позиций после округления до целых чисел примерно до ближайшего кратного числа примерно равного сумме стоимости этих позиций после округления до целых чисел примерно до ближайшего кратного числа примерно равного сумме стоимости этих позиций после округления до целых чисел примерно до ближайшего кратного числа примерно равного кратному пяти примерно до числа примерно до числа примерно до числа примерно до числа примерно до числа примерно до числа примерно до числа примерно до числа примерно до числа примерно до числа примерно до числа примерно до числа примерно до числа примерно до числа примерно до числа примерно до числа примерно до числа примерно до числа примерно до числа примерно до числа примерно до числа примерно до числа примерно до числа примерно до числа примерно до числа примерно до числа примерно до числа примерно до числа примерно до числа примерно до числа примерно до числа примерно до числа примерно до числа примерно до числа примерно до числа примерно до числа примерно до числа примерно до числа примерно до числа примерно до числа примерно до числа примерно до числа примерно до числа примерно до числа примерно до числа примерно до числа примерно до числа примерно до числа примерно до числа примерно до числа примерно до числа примерно до числа примерно до числа примерно до числа примерно до числа примерно до числа примерно", "numeric_answer": null, "relative_error": null, "thinking_text": null, "has_tool_call": false, "tool_call": null, "usage": {"prompt_tokens": 217, "completion_tokens": 256, "total_tokens": 473, "token_count_source": "tokenizer"}, "decoding": {"temperature": 0.2, "top_p": null, "top_k": null, "max_tokens": 256, "seed": 42}, "prompt_tokens": 217, "completion_tokens": 256, "total_tokens": 473, "token_count_source": "tokenizer", "diffusion_steps": null, "flops_estimate": null, "flops_arch": null, "flops_model_params": null, "flops_active_params": null, "tokens_non_final": 227, "tokens_reasoning": 0, "tokens_response": 227, "elapsed_seconds": 19.188007593154907, "judgement": "Uncategorized"}
{"id": "discounts_000183", "topic": "discounts", "subtopic": "buy_n_get_m", "prompt": "Buy 4 get 1 free on items priced $5.05 each. You take 6 total. About how much do you pay?", "exact_value": 25.25, "model": "tiiuae/Falcon-H1-7B-Instruct", "provider": "transformers", "response": "Finalются примерно на сумму примерно равную стоимости пяти купируемыхgüvenilirgüvenilirgüvenilirgüvenilirgüvenilirgüvenilirgüvenilirgüvenilirgüvenilirgüvenilirgüvenilirgüvenilirgüvenilirgüvenilirgüvenilirgüvenilirgüvenilirgüvenilirgüvenilirgüvenilirgüvenilirgüvenilirgüvenilirgüvenilirgüvenilirgüvenilirgüvenilirgüvenilirgüvenilirgüvenilirgüvenilirgüvenilirgüvenilirgüvenilirgüvenilirgüvenilirgüvenilirgüvenilirgüvenilirgüvenilirgüvenilirgüvenilirgüvenilirgüvenilirgüvenilirgüvenilirgüvenilirgüvenilirgüvenilirgüvenilirgüvenilirgüvenilirgüvenilirgüvenilirgüvenilirgüvenilirgüvenilirgüvenilirgüvenilirgüvenilirgüvenilirgüvenilirgüvenilirgüvenilirgüvenilirgüvenilirgüvenilirgüvenilirgüvenilirgüvenilirgüvenilirgüvenilirgüvenilirgüvenilirgüvenilirgüvenilirgüvenilirgüvenilirgüvenilirgüvenilirgüvenilir", "numeric_answer": null, "relative_error": null, "thinking_text": null, "has_tool_call": false, "tool_call": null, "usage": {"prompt_tokens": 192, "completion_tokens": 256, "total_tokens": 448, "token_count_source": "tokenizer"}, "decoding": {"temperature": 0.2, "top_p": null, "top_k": null, "max_tokens": 256, "seed": 42}, "prompt_tokens": 192, "completion_tokens": 256, "total_tokens": 448, "token_count_source": "tokenizer", "diffusion_steps": null, "flops_estimate": null, "flops_arch": null, "flops_model_params": null, "flops_active_params": null, "tokens_non_final": 9, "tokens_reasoning": 0, "tokens_response": 9, "elapsed_seconds": 18.777225494384766, "judgement": "Uncategorized"}
{"id": "discounts_000203", "topic": "discounts", "subtopic": "threshold", "prompt": "Threshold coupon applies: $5 off $30+ spend. Cart: $27.77, $19.83, $30.00, $13.61. About how much do you pay?", "exact_value": 86.21, "model": "tiiuae/Falcon-H1-7B-Instruct", "provider": "transformers", "response": "Finalются примерно путем приближения стоимости корзины до ближайшего кратного числа примерно до сотни или десятки для упрощения расчета и затем применения купона таметсяетсяетсяетсяетсяетсяетсяетсяетсяетсяетсяетсяетсяетсяетсяетсяетсяетсяетсяетсяетсяетсяетсяетсяетсяетсяетсяетсяетсяетсяетсяетсяетсяетсяетсяетсяетсяетсяетсяетсяетсяетсяетсяетсяетсяетсяетсяетсяетсяетсяетсяетсяетсяетсяетсяетсяетсяетсяетсяетсяетсяетсяетсяетсяетсяетсяетсяетсяетсяетсяетсяетсяетсяетсяетсяетсяетсяетсяетсяетсяетсяетсяетсяетсяетсяетсяетсяетсяетсяетсяетсяетсяетсяетсяетсяетсяетсяетсяетсяетсяетсяетсяетсяетсяетсяетсяетсяетсяетсяетсяетсяетсяетсяетсяетсяетсяетсяетсяетсяетсяетсяетсяетсяетсяетсяетсяетсяетсяетсяетсяетсяетсяетсяетсяетсяетсяетсяетсяетсяетсяетсяетсяетсяетсяетсяетсяетсяетсяетсяетсяетсяетсяетсяетсяетсяетсяетсяетсяетсяетсяетсяетсяетсяетсяетсяетсяетсяетсяетсяетсяетсяетсяетсяетсяетсяетсяетсяетсяетсяетсяетсяетсяетсяетсяетсяетсяетсяетсяетсяетсяетсяетсяетсяетсяетсяетсяетсяетсяетсяетсяетсяетсяетсяетсяетсяетсяетсяетсяетсяетсяетсяетсяетсяетсяетсяетсяетсяетсяетсяетсяется", "numeric_answer": null, "relative_error": null, "thinking_text": null, "has_tool_call": false, "tool_call": null, "usage": {"prompt_tokens": 217, "completion_tokens": 256, "total_tokens": 473, "token_count_source": "tokenizer"}, "decoding": {"temperature": 0.2, "top_p": null, "top_k": null, "max_tokens": 256, "seed": 42}, "prompt_tokens": 217, "completion_tokens": 256, "total_tokens": 473, "token_count_source": "tokenizer", "diffusion_steps": null, "flops_estimate": null, "flops_arch": null, "flops_model_params": null, "flops_active_params": null, "tokens_non_final": 23, "tokens_reasoning": 0, "tokens_response": 23, "elapsed_seconds": 18.547375679016113, "judgement": "Uncategorized"}
{"id": "discounts_000223", "topic": "discounts", "subtopic": "threshold", "prompt": "Threshold coupon applies: $5 off $40+ spend. Cart: $7.86, $25.35, $26.15, $22.93, $33.93. About how much do you pay?", "exact_value": 111.22, "model": "tiiuae/Falcon-H1-7B-Instruct", "provider": "transformers", "response": "Finalются примерно путем суммирования стоимости корзины и применения купона при условии достижения порога в ются примерно путем суммирования стоимости корзины и применения купона при условии достижения порога в ются примерно путем суммирования стоимости корзины и применения купона при условии достижения порога вются примерно путем суммирования стоимости корзины и применения купона при условии достижения порогаются примерно путем суммирования стоимости корзины и применения купона при условии достижения порогаются примерно путем суммирования стоимостиются примерно путем суммирования стоимостиются примерно путем суммирования стоимостиются примерно путем суммирования стоимостиются примерно путем суммирования стоимостиются примерно путем суммирования стоимостиются примерно путем суммирования стоимостиются примерно путем суммирования стоимостиются примерно путем суммирования стоимостиются примерно путем суммирования стоимостиются примерно путем суммирования стоимостиются примерно путем суммирования стоимостиются примерно путем суммирования стоимостиются примерно путем суммирования стоимостиются примерно путем суммирования стоимостиются примерно путем суммирования стоимостиются примерно путем суммирования стоимостиются примерно путем суммирования стоимостиются примерно путем суммирования стоимостиются примерно путем суммирования стоимостиются примерно путем суммирования стоимостиются примерно путем", "numeric_answer": null, "relative_error": null, "thinking_text": null, "has_tool_call": false, "tool_call": null, "usage": {"prompt_tokens": 224, "completion_tokens": 256, "total_tokens": 480, "token_count_source": "tokenizer"}, "decoding": {"temperature": 0.2, "top_p": null, "top_k": null, "max_tokens": 256, "seed": 42}, "prompt_tokens": 224, "completion_tokens": 256, "total_tokens": 480, "token_count_source": "tokenizer", "diffusion_steps": null, "flops_estimate": null, "flops_arch": null, "flops_model_params": null, "flops_active_params": null, "tokens_non_final": 152, "tokens_reasoning": 0, "tokens_response": 152, "elapsed_seconds": 18.68199634552002, "judgement": "Uncategorized"}
{"id": "discounts_000243", "topic": "discounts", "subtopic": "percent", "prompt": "Cart: $41.98, $22.60, $24.78, $44.56, $29.87. A 20% discount applies to everything. About how much do you pay?", "exact_value": 131.03, "model": "tiiuae/Falcon-H1-7B-Instruct", "provider": "transformers", "response": "Finalются примерно путем приближенного подсчета стоимости корзины после применения скидки примерно в 20 процентов примерно путем приближенного подсчета стоимости корзины после применения скидки примерно примерно примерно примерно примерно примерно примерно примерно примерно примерно примерно примерно примерно примерно примерно примерно примерно примерно примерно примерно примерно примерно примерно примерно примерно примерно примерно примерно примерно примерно примерно примерно примерно примерно примерно примерно примерно примерно примерно примерно примерно примерно примерно примерно примерно примерно примерно примерно примерно примерно примерно примерно примерно примерно примерно примерно примерно примерно примерно примерно примерно примерно примерно примерно примерно примерно примерно примерно примерно примерно примерно примерно примерно примерно примерно примерно примерно примерно примерно примерно примерно примерно примерно примерно примерно примерно примерно примерно примерно примерно примерно примерно примерно примерно примерно примерно примерно примерно примерно примерно примерно примерно примерно примерно примерно примерно примерно примерно примерно примерно примерно примерно примерно примерно примерно примерно примерно примерно примерно примерно примерно примерно примерно примерно примерно примерно примерно примерно примерно примерно примерно примерно примерно примерно примерно примерно примерно примерно примерно примерно примерно примерно примерно примерно примерно примерно примерно примерно примерно примерно примерно примерно примерно примерно примерно примерно примерно примерно примерно примерно примерно примерно примерно примерно примерно примерно примерно примерно примерно примерно примерно примерно примерно примерно примерно примерно примерно примерно примерно примерно примерно примерно примерно примерно примерно примерно примерно примерно примерно примерно примерно примерно примерно примерно примерно примерно примерно примерно примерно примерно примерно примерно примерно примерно примерно примерно примерно примерно примерно примерно примерно примерно примерно примерно", "numeric_answer": 20.0, "relative_error": 0.8473631992673434, "thinking_text": null, "has_tool_call": false, "tool_call": null, "usage": {"prompt_tokens": 220, "completion_tokens": 256, "total_tokens": 476, "token_count_source": "tokenizer"}, "decoding": {"temperature": 0.2, "top_p": null, "top_k": null, "max_tokens": 256, "seed": 42}, "prompt_tokens": 220, "completion_tokens": 256, "total_tokens": 476, "token_count_source": "tokenizer", "diffusion_steps": null, "flops_estimate": null, "flops_arch": null, "flops_model_params": null, "flops_active_params": null, "tokens_non_final": 237, "tokens_reasoning": 0, "tokens_response": 237, "elapsed_seconds": 18.50057077407837, "judgement": "Way off"}
{"id": "discounts_000263", "topic": "discounts", "subtopic": "stacked", "prompt": "Stacked deal: 20% off, then $10 coupon if you spend $50 or more. Cart: $24.93, $20.51, $23.47. About how much do you pay?", "exact_value": 45.13, "model": "tiiuae/Falcon-H1-7B-Instruct", "provider": "transformers", "response": "Finalются примерно путем приближенного подсчета стоимости корзины и применения скидок согласно условиям предложенияются примерно путем приближенного подсчета стоимости корзины и применения скидок согласно условиям предложенияются примерно путем приближенного подсчета стоимости корзины и применения скидок согласно условиям предложенияются примерно путем приближенного подсчета стоимости корзины и применения скидок согласно условиям предложенияются примерно путем приближенного подсчета стоимости корзины и применения скидок согласно условиям предложенияются примерно путем приближенного подсчета стоимости корзины и применения скидок согласно условиям предложенияются примерно путем приближенного подсчета стоимости корзины и применения скидок согласно условиям предложенияются примерно путем приближенного подсчета стоимости корзины и применения скидок согласно условиям предложенияются примерно путем приближенного подсчета стоимости корзины и применения скидок согласно условиям предложенияются примерно путем приближенного подсчета стоимости корзины и применения скидок согласно условиям предложенияются примерно путем приближенного подсчета стоимости корзины и применения скидок согласно условиям предложенияются примерно путем приближенного подсчета стоимости корзины", "numeric_answer": null, "relative_error": null, "thinking_text": null, "has_tool_call": false, "tool_call": null, "usage": {"prompt_tokens": 220, "completion_tokens": 256, "total_tokens": 476, "token_count_source": "tokenizer"}, "decoding": {"temperature": 0.2, "top_p": null, "top_k": null, "max_tokens": 256, "seed": 42}, "prompt_tokens": 220, "completion_tokens": 256, "total_tokens": 476, "token_count_source": "tokenizer", "diffusion_steps": null, "flops_estimate": null, "flops_arch": null, "flops_model_params": null, "flops_active_params": null, "tokens_non_final": 139, "tokens_reasoning": 0, "tokens_response": 139, "elapsed_seconds": 18.54942297935486, "judgement": "Uncategorized"}
{"id": "discounts_000283", "topic": "discounts", "subtopic": "threshold", "prompt": "Threshold coupon applies: $15 off $30+ spend. Cart: $27.33, $21.91, $39.19, $18.59. About how much do you pay?", "exact_value": 92.02, "model": "tiiuae/Falcon-H1-7B-Instruct", "provider": "transformers", "response": "Finalются примерно путем приближения стоимости корзины и применения купонаются примерно путем приближения стоимости корзины и применения купонаются примерно путем приближения стоимости корзины и применения купонаются примерно путем приближения стоимости корзины и применения купонаются примерно путем приближения стоимости корзины и применения купонаются примерно путем приближения стоимости корзины и применения купонаются примерно путем приближения стоимости корзины и применения купонаываются примерно путем приближения стоимости корзины и применения купонаываются примерно путем приближения стоимости корзины и применения купонаываются примерно путем приближения стоимости корзины и применения купонаываются примерно путем приближения стоимости корзины и применения купонаываются примерно путем приближения стоимости корзины и применения купонаываются примерно путем приближения стоимости корзины и применения купонаываются примерно путем приближения стоимости корзины и применения купонаываются примерно путем приближения стоимости корзины и применения купонаываются примерно путем приближения стоимости корзины и применения купонаываются примерно путем приближения стоимости корзины и применения купонаываются примерно путем приближения стоимости корзины и применения купонаываются примерно путем", "numeric_answer": null, "relative_error": null, "thinking_text": null, "has_tool_call": false, "tool_call": null, "usage": {"prompt_tokens": 218, "completion_tokens": 256, "total_tokens": 474, "token_count_source": "tokenizer"}, "decoding": {"temperature": 0.2, "top_p": null, "top_k": null, "max_tokens": 256, "seed": 42}, "prompt_tokens": 218, "completion_tokens": 256, "total_tokens": 474, "token_count_source": "tokenizer", "diffusion_steps": null, "flops_estimate": null, "flops_arch": null, "flops_model_params": null, "flops_active_params": null, "tokens_non_final": 147, "tokens_reasoning": 0, "tokens_response": 147, "elapsed_seconds": 18.646047353744507, "judgement": "Uncategorized"}
{"id": "discounts_000303", "topic": "discounts", "subtopic": "threshold", "prompt": "Threshold coupon applies: $10 off $40+ spend. Cart: $36.04, $15.68, $34.87. About how much do you pay?", "exact_value": 76.59, "model": "tiiuae/Falcon-H1-7B-Instruct", "provider": "transformers", "response": "Finalются примерно к nulla", "numeric_answer": null, "relative_error": null, "thinking_text": null, "has_tool_call": false, "tool_call": null, "usage": {"prompt_tokens": 210, "completion_tokens": 6, "total_tokens": 216, "token_count_source": "tokenizer"}, "decoding": {"temperature": 0.2, "top_p": null, "top_k": null, "max_tokens": 256, "seed": 42}, "prompt_tokens": 210, "completion_tokens": 6, "total_tokens": 216, "token_count_source": "tokenizer", "diffusion_steps": null, "flops_estimate": null, "flops_arch": null, "flops_model_params": null, "flops_active_params": null, "tokens_non_final": 4, "tokens_reasoning": 0, "tokens_response": 4, "elapsed_seconds": 0.4824199676513672, "judgement": "Uncategorized"}
{"id": "discounts_000323", "topic": "discounts", "subtopic": "stacked", "prompt": "Stacked deal: 20% off, then $5 coupon if you spend $50 or more. Cart: $37.30, $35.35, $7.26, $28.69, $36.32, $11.49. About how much do you pay?", "exact_value": 120.13, "model": "tiiuae/Falcon-H1-7B-Instruct", "provider": "transformers", "response": "Finalются примерно путем приближенного расчета стоимости корзины после применения скидки и купона согласно следующему плануührtwicklungуют примерно путем приближенного расчета стоимости корзины после применения скидки и купона согласно следующему плануются примерно путем приближенного расчета стоимости корзины после применения скидки и купона согласно следующему плануются примерно путем приближенного расчета стоимости корзины после применения скидки и купона согласно следующему плануются примерно путем приближенного расчета стоимости корзины после применения скидки и купона согласно следующему плануются примерно путем приближенного расчета стоимости корзины после применения скидки и купона согласно следующему плануются примерно путем приближенного расчета стоимости корзины после применения скидки и купона согласно следующему плануются примерно путем приближенного расчета стоимости корзины после применения скидки и купона согласно следующему плануются примерно путем приближенного расчета стоимости корзины после применения скидки и купона согласно следующему плануются примерно путем приближенного расчета стоимости корзины после применения скидки и купона согласно следующему плануются примерно путем", "numeric_answer": null, "relative_error": null, "thinking_text": null, "has_tool_call": false, "tool_call": null, "usage": {"prompt_tokens": 242, "completion_tokens": 256, "total_tokens": 498, "token_count_source": "tokenizer"}, "decoding": {"temperature": 0.2, "top_p": null, "top_k": null, "max_tokens": 256, "seed": 42}, "prompt_tokens": 242, "completion_tokens": 256, "total_tokens": 498, "token_count_source": "tokenizer", "diffusion_steps": null, "flops_estimate": null, "flops_arch": null, "flops_model_params": null, "flops_active_params": null, "tokens_non_final": 143, "tokens_reasoning": 0, "tokens_response": 143, "elapsed_seconds": 18.720930337905884, "judgement": "Uncategorized"}
{"id": "discounts_000343", "topic": "discounts", "subtopic": "threshold", "prompt": "Threshold coupon applies: $5 off $30+ spend. Cart: $26.24, $32.30, $4.60, $26.47, $26.89. About how much do you pay?", "exact_value": 111.5, "model": "tiiuae/Falcon-H1-7B-Instruct", "provider": "transformers", "response": "Finalются примерно путем приближения стоимости корзины и применения купона тамютсяютсяютсяютсяютсяютсяютсяютсяютсяютсяютсяютсяютсяютсяютсяютсяютсяютсяютсяютсяютсяютсяютсяютсяютсяютсяютсяютсяютсяютсяютсяютсяютсяютсяютсяютсяютсяютсяютсяютсяютсяютсяютсяютсяютсяютсяютсяютсяютсяютсяютсяютсяютсяютсяютсяютсяютсяютсяютсяютсяютсяютсяютсяютсяютсяютсяютсяютсяютсяютсяютсяютсяютсяютсяютсяютсяютсяютсяютсяютсяютсяютсяютсяютсяютсяютсяютсяютсяютсяютсяютсяютсяютсяютсяютсяютсяютсяютсяютсяютсяютсяютсяютсяютсяютсяютсяютсяютсяютсяютсяютсяютсяютсяютсяютсяютсяютсяютсяютсяютсяютсяютсяютсяютсяютсяютсяютсяютсяютсяютсяютсяютсяютсяютсяютсяютсяютсяютсяютсяютсяютсяютсяютсяютсяютсяютсяютсяютсяютсяютсяютсяютсяютсяютсяютсяютсяютсяютсяютсяютсяютсяютсяютсяютсяютсяютсяютсяютсяютсяютсяютсяютсяютсяютсяютсяютсяютсяютсяютсяютсяютсяютсяютсяютсяютсяютсяютсяютсяютсяютсяютсяютсяютсяютсяютсяютсяютсяютсяютсяютсяютсяютсяютсяютсяютсяютсяютсяютсяютсяютсяютсяютсяютсяютсяютсяютсяютсяютсяютсяютсяютсяютсяютсяютсяютсяютсяютсяютсяютсяютсяютсяютсяютсяютсяютсяютсяютсяютсяютсяются", "numeric_answer": null, "relative_error": null, "thinking_text": null, "has_tool_call": false, "tool_call": null, "usage": {"prompt_tokens": 224, "completion_tokens": 256, "total_tokens": 480, "token_count_source": "tokenizer"}, "decoding": {"temperature": 0.2, "top_p": null, "top_k": null, "max_tokens": 256, "seed": 42}, "prompt_tokens": 224, "completion_tokens": 256, "total_tokens": 480, "token_count_source": "tokenizer", "diffusion_steps": null, "flops_estimate": null, "flops_arch": null, "flops_model_params": null, "flops_active_params": null, "tokens_non_final": 10, "tokens_reasoning": 0, "tokens_response": 10, "elapsed_seconds": 18.771372079849243, "judgement": "Uncategorized"}
{"id": "discounts_000363", "topic": "discounts", "subtopic": "threshold", "prompt": "Threshold coupon applies: $10 off $25+ spend. Cart: $8.84, $27.18, $39.97. About how much do you pay?", "exact_value": 65.99, "model": "tiiuae/Falcon-H1-7B-Instruct", "provider": "transformers", "response": "Finalются примерно примерно примерно примерно примерно примерно примерно примерно примерно примерно примерно примерно примерно примерно примерно примерно примерно примерно примерно примерно примерно примерно примерно примерно примерно примерно примерно примерно примерно примерно примерно примерно примерно примерно примерно примерно примерно примерно примерно примерно примерно примерно примерно примерно примерно примерно примерно примерно примерно примерно примерно примерно примерно примерно примерно примерно примерно примерно примерно примерно примерно примерно примерно примерно примерно примерно примерно примерно примерно примерно примерно примерно примерно примерно примерно примерно примерно примерно примерно примерно примерно примерно примерно примерно примерно примерно примерно примерно примерно примерно примерно примерно примерно примерно примерно примерно примерно примерно примерно примерно примерно примерно примерно примерно примерно примерно примерно примерно примерно примерно примерно примерно примерно примерно примерно примерно примерно примерно примерно примерно примерно примерно примерно примерно примерно примерно примерно примерно примерно примерно примерно примерно примерно примерно примерно примерно примерно примерно примерно примерно примерно примерно примерно примерно примерно примерно примерно примерно примерно примерно примерно примерно примерно примерно примерно примерно примерно примерно примерно примерно примерно примерно примерно примерно примерно примерно примерно примерно примерно примерно примерно примерно примерно примерно примерно примерно примерно примерно примерно примерно примерно примерно примерно примерно примерно примерно примерно примерно примерно примерно примерно примерно примерно примерно примерно примерно примерно примерно примерно примерно примерно примерно примерно примерно примерно примерно примерно примерно примерно примерно примерно примерно примерно примерно примерно примерно примерно примерно примерно примерно примерно примерно примерно примерно примерно примерно примерно примерно примерно примерно примерно примерно примерно примерно примерно примерно примерно примерно примерно примерно примерно примерно примерно примерно примерно примерно примерно примерно примерно примерно примерно примерно примерно примерно", "numeric_answer": null, "relative_error": null, "thinking_text": null, "has_tool_call": false, "tool_call": null, "usage": {"prompt_tokens": 209, "completion_tokens": 256, "total_tokens": 465, "token_count_source": "tokenizer"}, "decoding": {"temperature": 0.2, "top_p": null, "top_k": null, "max_tokens": 256, "seed": 42}, "prompt_tokens": 209, "completion_tokens": 256, "total_tokens": 465, "token_count_source": "tokenizer", "diffusion_steps": null, "flops_estimate": null, "flops_arch": null, "flops_model_params": null, "flops_active_params": null, "tokens_non_final": 255, "tokens_reasoning": 0, "tokens_response": 255, "elapsed_seconds": 18.805317163467407, "judgement": "Uncategorized"}
{"id": "discounts_000383", "topic": "discounts", "subtopic": "stacked", "prompt": "Stacked deal: 15% off, then $5 coupon if you spend $40 or more. Cart: $32.36, $39.44, $31.86. About how much do you pay?", "exact_value": 83.11, "model": "tiiuae/Falcon-H1-7B-Instruct", "provider": "transformers", "response": "Finalются примерно путем приближенного расчета стоимости корзины после применения скидки и купонаются примерно путем приближенного расчета стоимости корзины после применения скидки и купонаются примерно путем приближенного расчета стоимости корзины после применения скидки и купонаются примерно путем приближенного расчета стоимости корзины после применения скидки и купонаются примерно путем приближенного расчета стоимости корзины после применения скидки и купонаются примерно путем приближенного расчета стоимости корзины после применения скидки и купонаются примерно путем приближенного расчета стоимости корзины после применения скидки и купонаются примерно путем приближенного расчета стоимости корзины после применения скидки и купонаются примерно путем приближенного расчета стоимости корзины после применения скидки и купонаются примерно путем приближенного расчета стоимости корзины после применения скидки и купонаются примерно путем приближенного расчета стоимости корзины после применения скидки и купонаются примерно путем приближенного расчета стоимости корзины после применения скидки и купонаются примерно путем приближенного расчета стоимости корзины после применения с", "numeric_answer": null, "relative_error": null, "thinking_text": null, "has_tool_call": false, "tool_call": null, "usage": {"prompt_tokens": 219, "completion_tokens": 256, "total_tokens": 475, "token_count_source": "tokenizer"}, "decoding": {"temperature": 0.2, "top_p": null, "top_k": null, "max_tokens": 256, "seed": 42}, "prompt_tokens": 219, "completion_tokens": 256, "total_tokens": 475, "token_count_source": "tokenizer", "diffusion_steps": null, "flops_estimate": null, "flops_arch": null, "flops_model_params": null, "flops_active_params": null, "tokens_non_final": 142, "tokens_reasoning": 0, "tokens_response": 142, "elapsed_seconds": 18.810937643051147, "judgement": "Uncategorized"}
{"id": "discounts_000403", "topic": "discounts", "subtopic": "buy_n_get_m", "prompt": "Buy 4 get 3 free on items priced $7.01 each. You take 7 total. About how much do you pay?", "exact_value": 28.04, "model": "tiiuae/Falcon-H1-7B-Instruct", "provider": "transformers", "response": "Finalются примерно на сумму примерно равную стоимости примерно 4 приобретенныхgüальныхимостью примерно равной стоимости примерно примерно примерно примерно примерно примерно примерно примерно примерно примерно примерно примерно примерно примерно примерно примерно примерно примерно примерно примерно примерно примерно примерно примерно примерно примерно примерно примерно примерно примерно примерно примерно примерно примерно примерно примерно примерно примерно примерно примерно примерно примерно примерно примерно примерно примерно примерно примерно примерно примерно примерно примерно примерно примерно примерно примерно примерно примерно примерно примерно примерно примерно примерно примерно примерно примерно примерно примерно примерно примерно примерно примерно примерно примерно примерно примерно примерно примерно примерно примерно примерно примерно примерно примерно примерно примерно примерно примерно примерно примерно примерно примерно примерно примерно примерно примерно примерно примерно примерно примерно примерно примерно примерно примерно примерно примерно примерно примерно примерно примерно примерно примерно примерно примерно примерно примерно примерно примерно примерно примерно примерно примерно примерно примерно примерно примерно примерно примерно примерно примерно примерно примерно примерно примерно примерно примерно примерно примерно примерно примерно примерно примерно примерно примерно примерно примерно примерно примерно примерно примерно примерно примерно примерно примерно примерно примерно примерно примерно примерно примерно примерно примерно примерно примерно примерно примерно примерно примерно примерно примерно примерно примерно примерно примерно примерно примерно примерно примерно примерно примерно примерно примерно примерно примерно примерно примерно примерно примерно примерно примерно примерно примерно примерно примерно примерно примерно примерно примерно примерно примерно примерно примерно примерно примерно примерно примерно примерно примерно примерно примерно примерно примерно примерно примерно примерно примерно примерно примерно примерно примерно примерно примерно примерно примерно примерно примерно примерно примерно примерно примерно примерно примерно примерно примерно примерно", "numeric_answer": 4.0, "relative_error": 0.8573466476462197, "thinking_text": null, "has_tool_call": false, "tool_call": null, "usage": {"prompt_tokens": 192, "completion_tokens": 256, "total_tokens": 448, "token_count_source": "tokenizer"}, "decoding": {"temperature": 0.2, "top_p": null, "top_k": null, "max_tokens": 256, "seed": 42}, "prompt_tokens": 192, "completion_tokens": 256, "total_tokens": 448, "token_count_source": "tokenizer", "diffusion_steps": null, "flops_estimate": null, "flops_arch": null, "flops_model_params": null, "flops_active_params": null, "tokens_non_final": 248, "tokens_reasoning": 0, "tokens_response": 248, "elapsed_seconds": 18.75200366973877, "judgement": "Way off"}
{"id": "discounts_000423", "topic": "discounts", "subtopic": "threshold", "prompt": "Threshold coupon applies: $15 off $50+ spend. Cart: $37.39, $36.57. About how much do you pay?", "exact_value": 58.96, "model": "tiiuae/Falcon-H1-7B-Instruct", "provider": "transformers", "response": "Finalются примерно примерно примерно примерно примерно примерно примерно примерно примерно примерно примерно примерно примерно примерно примерно примерно примерно примерно примерно примерно примерно примерно примерно примерно примерно примерно примерно примерно примерно примерно примерно примерно примерно примерно примерно примерно примерно примерно примерно примерно примерно примерно примерно примерно примерно примерно примерно примерно примерно примерно примерно примерно примерно примерно примерно примерно примерно примерно примерно примерно примерно примерно примерно примерно примерно примерно примерно примерно примерно примерно примерно примерно примерно примерно примерно примерно примерно примерно примерно примерно примерно примерно примерно примерно примерно примерно примерно примерно примерно примерно примерно примерно примерно примерно примерно примерно примерно примерно примерно примерно примерно примерно примерно примерно примерно примерно примерно примерно примерно примерно примерно примерно примерно примерно примерно примерно примерно примерно примерно примерно примерно примерно примерно примерно примерно примерно примерно примерно примерно примерно примерно примерно примерно примерно примерно примерно примерно примерно примерно примерно примерно примерно примерно примерно примерно примерно примерно примерно примерно примерно примерно примерно примерно примерно примерно примерно примерно примерно примерно примерно примерно примерно примерно примерно примерно примерно примерно примерно примерно примерно примерно примерно примерно примерно примерно примерно примерно примерно примерно примерно примерно примерно примерно примерно примерно примерно примерно примерно примерно примерно примерно примерно примерно примерно примерно примерно примерно примерно примерно примерно примерно примерно примерно примерно примерно примерно примерно примерно примерно примерно примерно примерно примерно примерно примерно примерно примерно примерно примерно примерно примерно примерно примерно примерно примерно примерно примерно примерно примерно примерно примерно примерно примерно примерно примерно примерно примерно примерно примерно примерно примерно примерно примерно примерно примерно примерно примерно примерно примерно примерно примерно примерно примерно примерно", "numeric_answer": null, "relative_error": null, "thinking_text": null, "has_tool_call": false, "tool_call": null, "usage": {"prompt_tokens": 202, "completion_tokens": 256, "total_tokens": 458, "token_count_source": "tokenizer"}, "decoding": {"temperature": 0.2, "top_p": null, "top_k": null, "max_tokens": 256, "seed": 42}, "prompt_tokens": 202, "completion_tokens": 256, "total_tokens": 458, "token_count_source": "tokenizer", "diffusion_steps": null, "flops_estimate": null, "flops_arch": null, "flops_model_params": null, "flops_active_params": null, "tokens_non_final": 255, "tokens_reasoning": 0, "tokens_response": 255, "elapsed_seconds": 18.978875398635864, "judgement": "Uncategorized"}
{"id": "discounts_000443", "topic": "discounts", "subtopic": "threshold", "prompt": "Threshold coupon applies: $10 off $40+ spend. Cart: $11.05, $31.68, $27.63, $4.93, $26.15. About how much do you pay?", "exact_value": 91.44, "model": "tiiuae/Falcon-H1-7B-Instruct", "provider": "transformers", "response": "Finalются примерно путем суммирования стоимости корзины и применения купона при условии достижения порога в ются примерно путем суммирования стоимости корзины и применения купона при условии достижения порога в примерно путем суммирования стоимости корзины и применения купона при условии достижения порогаются примерно путем суммирования стоимости корзины и применения купона при условии достижения порогаются примерно путем суммирования стоимости корзины и применения купона при условии достижения порогаются примерно путем суммирования стоимости корзины и применения купона при условии достижения порогаются примерно путем суммирования стоимости корзины и применения купона при условии достижения порогаются примерно путем суммирования стоимости корзины и применения купона при условии достижения порогаются примерно путем суммирования стоимости корзины и применения купона при условии достижения порогаются примерно путем суммирования стоимости корзины и применения купона при условии достижения порогаются примерно путем суммирования стоимости корзины и применения купона при условии достижения порогаются примерно путем суммирования стоимости корзины и применения купона при условии достижения порогаются примерно путем суммирования стоимости корзины и применения куп", "numeric_answer": null, "relative_error": null, "thinking_text": null, "has_tool_call": false, "tool_call": null, "usage": {"prompt_tokens": 225, "completion_tokens": 256, "total_tokens": 481, "token_count_source": "tokenizer"}, "decoding": {"temperature": 0.2, "top_p": null, "top_k": null, "max_tokens": 256, "seed": 42}, "prompt_tokens": 225, "completion_tokens": 256, "total_tokens": 481, "token_count_source": "tokenizer", "diffusion_steps": null, "flops_estimate": null, "flops_arch": null, "flops_model_params": null, "flops_active_params": null, "tokens_non_final": 156, "tokens_reasoning": 0, "tokens_response": 156, "elapsed_seconds": 18.802255153656006, "judgement": "Uncategorized"}
{"id": "discounts_000463", "topic": "discounts", "subtopic": "threshold", "prompt": "Threshold coupon applies: $5 off $30+ spend. Cart: $7.17, $14.56, $7.86, $33.78. About how much do you pay?", "exact_value": 58.37, "model": "tiiuae/Falcon-H1-7B-Instruct", "provider": "transformers", "response": "Finalются примерно путем суммирования стоимости корзины и применения купона тамютсяетсяетсяетсяетсяетсяетсяетсяетсяетсяетсяетсяетсяетсяетсяетсяетсяетсяетсяетсяетсяетсяетсяетсяетсяетсяетсяетсяетсяетсяетсяетсяетсяетсяетсяетсяетсяетсяетсяетсяетсяетсяетсяетсяетсяетсяетсяетсяетсяетсяетсяетсяетсяетсяетсяетсяетсяетсяетсяетсяетсяетсяетсяетсяетсяетсяетсяетсяетсяетсяетсяетсяетсяетсяетсяетсяетсяетсяетсяетсяетсяетсяетсяетсяетсяетсяетсяетсяетсяетсяетсяетсяетсяетсяетсяетсяетсяетсяетсяетсяетсяетсяетсяетсяетсяетсяетсяетсяетсяетсяетсяетсяетсяетсяетсяетсяетсяетсяетсяетсяетсяетсяетсяетсяетсяетсяетсяетсяетсяетсяетсяетсяетсяетсяетсяетсяетсяетсяетсяетсяетсяетсяетсяетсяетсяетсяетсяетсяетсяетсяетсяетсяетсяетсяетсяетсяетсяетсяетсяетсяетсяетсяетсяетсяетсяетсяетсяетсяетсяетсяетсяетсяетсяетсяетсяетсяетсяетсяетсяетсяетсяетсяетсяетсяетсяетсяетсяетсяетсяетсяетсяетсяетсяетсяетсяетсяетсяетсяетсяетсяетсяетсяетсяетсяетсяетсяетсяетсяетсяетсяетсяетсяетсяетсяетсяетсяетсяетсяетсяетсяетсяетсяетсяетсяетсяетсяетсяетсяетсяетсяетсяетсяетсяетсяетсяетсяетсяетсяетсяется", "numeric_answer": null, "relative_error": null, "thinking_text": null, "has_tool_call": false, "tool_call": null, "usage": {"prompt_tokens": 215, "completion_tokens": 256, "total_tokens": 471, "token_count_source": "tokenizer"}, "decoding": {"temperature": 0.2, "top_p": null, "top_k": null, "max_tokens": 256, "seed": 42}, "prompt_tokens": 215, "completion_tokens": 256, "total_tokens": 471, "token_count_source": "tokenizer", "diffusion_steps": null, "flops_estimate": null, "flops_arch": null, "flops_model_params": null, "flops_active_params": null, "tokens_non_final": 10, "tokens_reasoning": 0, "tokens_response": 10, "elapsed_seconds": 19.034236431121826, "judgement": "Uncategorized"}
{"id": "discounts_000483", "topic": "discounts", "subtopic": "buy_n_get_m", "prompt": "Buy 3 get 3 free on items priced $2.85 each. You take 7 total. About how much do you pay?", "exact_value": 11.4, "model": "tiiuae/Falcon-H1-7B-Instruct", "provider": "transformers", "response": "Finalются примерно на сумму примерно равную стоимости примерно половины взятых вами предметов после применения акцииются примерно примерно примерно примерно примерно примерно примерно примерно примерно примерно примерно примерно примерно примерно примерно примерно примерно примерно примерно примерно примерно примерно примерно примерно примерно примерно примерно примерно примерно примерно примерно примерно примерно примерно примерно примерно примерно примерно примерно примерно примерно примерно примерно примерно примерно примерно примерно примерно примерно примерно примерно примерно примерно примерно примерно примерно примерно примерно примерно примерно примерно примерно примерно примерно примерно примерно примерно примерно примерно примерно примерно примерно примерно примерно примерно примерно примерно примерно примерно примерно примерно примерно примерно примерно примерно примерно примерно примерно примерно примерно примерно примерно примерно примерно примерно примерно примерно примерно примерно примерно примерно примерно примерно примерно примерно примерно примерно примерно примерно примерно примерно примерно примерно примерно примерно примерно примерно примерно примерно примерно примерно примерно примерно примерно примерно примерно примерно примерно примерно примерно примерно примерно примерно примерно примерно примерно примерно примерно примерно примерно примерно примерно примерно примерно примерно примерно примерно примерно примерно примерно примерно примерно примерно примерно примерно примерно примерно примерно примерно примерно примерно примерно примерно примерно примерно примерно примерно примерно примерно примерно примерно примерно примерно примерно примерно примерно примерно примерно примерно примерно примерно примерно примерно примерно примерно примерно примерно примерно примерно примерно примерно примерно примерно примерно примерно примерно примерно примерно примерно примерно примерно примерно примерно примерно примерно примерно примерно примерно примерно примерно примерно примерно примерно примерно примерно примерно примерно примерно примерно примерно примерно примерно примерно примерно примерно примерно примерно примерно примерно примерно примерно примерно примерно примерно примерно", "numeric_answer": null, "relative_error": null, "thinking_text": null, "has_tool_call": false, "tool_call": null, "usage": {"prompt_tokens": 192, "completion_tokens": 256, "total_tokens": 448, "token_count_source": "tokenizer"}, "decoding": {"temperature": 0.2, "top_p": null, "top_k": null, "max_tokens": 256, "seed": 42}, "prompt_tokens": 192, "completion_tokens": 256, "total_tokens": 448, "token_count_source": "tokenizer", "diffusion_steps": null, "flops_estimate": null, "flops_arch": null, "flops_model_params": null, "flops_active_params": null, "tokens_non_final": 250, "tokens_reasoning": 0, "tokens_response": 250, "elapsed_seconds": 18.707460165023804, "judgement": "Uncategorized"}
{"id": "discounts_000503", "topic": "discounts", "subtopic": "stacked", "prompt": "Stacked deal: 20% off, then $5 coupon if you spend $30 or more. Cart: $29.58, $10.92, $29.18, $33.24, $8.11, $38.19. About how much do you pay?", "exact_value": 114.38, "model": "tiiuae/Falcon-H1-7B-Instruct", "provider": "transformers", "response": "Finalются примерно путем приближения стоимости продуктов до ближайших удобных чисел и применения скидок согласно условиям предложенияются примерно путем приближения стоимости продуктов до ближайших удобных чисел и применения скидок согласно условиям предложенияются примерно путем приближения стоимости продуктов до ближайших удобных чисел и применения скидок согласно условиям предложенияются примерно путем приближения стоимости продуктов до ближайших удобных чисел и применения скидок согласно условиям предложенияются примерно путем приближения стоимости продуктов до ближайших удобных чисел и применения скидок согласно условиям предложенияются примерно путем приближения стоимости продуктов до ближайших удобных чисел и применения скидок согласно условиям предложенияются примерно путем приближения стоимости продуктов до ближайших удобных чисел и применения скидок согласно условиям предложенияются примерно путем приближения стоимости продуктов до ближайших удобных чисел и применения скидок согласно условиям предложенияются примерно путем приближения стоимости продуктов до ближайших удобных чисел и применения скидок согласно условиям предложенияются примерно путем приближения стоимости продуктов до ближайших удобных чисел и применения скидок согласно условиям предложенияются примерно путем приближения стоимости продуктов до ближайших удобных чисел", "numeric_answer": null, "relative_error": null, "thinking_text": null, "has_tool_call": false, "tool_call": null, "usage": {"prompt_tokens": 242, "completion_tokens": 256, "total_tokens": 498, "token_count_source": "tokenizer"}, "decoding": {"temperature": 0.2, "top_p": null, "top_k": null, "max_tokens": 256, "seed": 42}, "prompt_tokens": 242, "completion_tokens": 256, "total_tokens": 498, "token_count_source": "tokenizer", "diffusion_steps": null, "flops_estimate": null, "flops_arch": null, "flops_model_params": null, "flops_active_params": null, "tokens_non_final": 160, "tokens_reasoning": 0, "tokens_response": 160, "elapsed_seconds": 19.019086360931396, "judgement": "Uncategorized"}
{"id": "discounts_000523", "topic": "discounts", "subtopic": "bogo", "prompt": "BOGO sale (buy one, get one free; free item is the cheaper one in each pair). Items: $21.23, $17.95, $15.39, $10.11, $8.23, $4.52. About how much do you pay?", "exact_value": 44.85, "model": "tiiuae/Falcon-H1-7B-Instruct", "provider": "transformers", "response": "Finalются примерно путем приближения стоимости каждого пары путем округления до ближайшего целого числа и затем применения условий акции ются примерно путем приближения стоимости каждого пары путем округления до ближайшего целого числа и затем применения условий акцииются примерно путем приближения стоимости каждого пары путем округления до ближайшего целого числа и затем применения условий акцииются примерно путем приближения стоимости каждого пары путем округления до ближайшего целого числа и затем применения условий акцииются примерно путем приближения стоимости каждого пары путем округления до ближайшего целого числа и затем применения условий акцииются примерно путем приближения стоимости каждого пары путем округления до ближайшего целого числа и затем применения условий акцииются примерно путем приближения стоимости каждого пары путем округления до ближайшего целого числа и затем применения условий акцииются примерно путем приближения стоимости каждого пары путем округления до ближайшего целого числа и затем применения условий акцииются примерно путем приближения стоимости каждого пары путем округления до ближайшего целого числа и затем применения условий акцииются примерно путем приближения стоимости каждого пары путем округления до ближайшего целого числа и затем применения условий акцииются примерно путем приближения стоимости каждого пары путем округления до", "numeric_answer": null, "relative_error": null, "thinking_text": null, "has_tool_call": false, "tool_call": null, "usage": {"prompt_tokens": 238, "completion_tokens": 256, "total_tokens": 494, "token_count_source": "tokenizer"}, "decoding": {"temperature": 0.2, "top_p": null, "top_k": null, "max_tokens": 256, "seed": 42}, "prompt_tokens": 238, "completion_tokens": 256, "total_tokens": 494, "token_count_source": "tokenizer", "diffusion_steps": null, "flops_estimate": null, "flops_arch": null, "flops_model_params": null, "flops_active_params": null, "tokens_non_final": 181, "tokens_reasoning": 0, "tokens_response": 181, "elapsed_seconds": 18.7762234210968, "judgement": "Uncategorized"}
{"id": "discounts_000543", "topic": "discounts", "subtopic": "percent", "prompt": "Cart: $30.85, $43.81, $8.07. A 20% discount applies to everything. About how much do you pay?", "exact_value": 66.18, "model": "tiiuae/Falcon-H1-7B-Instruct", "provider": "transformers", "response": "Finalются примерно путем приближенного вычисления стоимости корзины после скидки примерно наются путем приближенного вычисления стоимости корзины после скидки примерно примерно примерно примерно примерно примерно примерно примерно примерно примерно примерно примерно примерно примерно примерно примерно примерно примерно примерно примерно примерно примерно примерно примерно примерно примерно примерно примерно примерно примерно примерно примерно примерно примерно примерно примерно примерно примерно примерно примерно примерно примерно примерно примерно примерно примерно примерно примерно примерно примерно примерно примерно примерно примерно примерно примерно примерно примерно примерно примерно примерно примерно примерно примерно примерно примерно примерно примерно примерно примерно примерно примерно примерно примерно примерно примерно примерно примерно примерно примерно примерно примерно примерно примерно примерно примерно примерно примерно примерно примерно примерно примерно примерно примерно примерно примерно примерно примерно примерно примерно примерно примерно примерно примерно примерно примерно примерно примерно примерно примерно примерно примерно примерно примерно примерно примерно примерно примерно примерно примерно примерно примерно примерно примерно примерно примерно примерно примерно примерно примерно примерно примерно примерно примерно примерно примерно примерно примерно примерно примерно примерно примерно примерно примерно примерно примерно примерно примерно примерно примерно примерно примерно примерно примерно примерно примерно примерно примерно примерно примерно примерно примерно примерно примерно примерно примерно примерно примерно примерно примерно примерно примерно примерно примерно примерно примерно примерно примерно примерно примерно примерно примерно примерно примерно примерно примерно примерно примерно примерно примерно примерно примерно примерно примерно примерно примерно примерно примерно примерно примерно примерно примерно примерно примерно примерно примерно примерно примерно примерно примерно примерно примерно примерно примерно примерно примерно примерно примерно примерно примерно", "numeric_answer": null, "relative_error": null, "thinking_text": null, "has_tool_call": false, "tool_call": null, "usage": {"prompt_tokens": 203, "completion_tokens": 256, "total_tokens": 459, "token_count_source": "tokenizer"}, "decoding": {"temperature": 0.2, "top_p": null, "top_k": null, "max_tokens": 256, "seed": 42}, "prompt_tokens": 203, "completion_tokens": 256, "total_tokens": 459, "token_count_source": "tokenizer", "diffusion_steps": null, "flops_estimate": null, "flops_arch": null, "flops_model_params": null, "flops_active_params": null, "tokens_non_final": 238, "tokens_reasoning": 0, "tokens_response": 238, "elapsed_seconds": 18.696547269821167, "judgement": "Uncategorized"}
{"id": "discounts_000563", "topic": "discounts", "subtopic": "threshold", "prompt": "Threshold coupon applies: $5 off $30+ spend. Cart: $4.94, $20.81, $22.55. About how much do you pay?", "exact_value": 43.3, "model": "tiiuae/Falcon-H1-7B-Instruct", "provider": "transformers", "response": "Finalются примерно на сумму примерно примерно примерно примерно примерно примерно примерно примерно примерно примерно примерно примерно примерно примерно примерно примерно примерно примерно примерно примерно примерно примерно примерно примерно примерно примерно примерно примерно примерно примерно примерно примерно примерно примерно примерно примерно примерно примерно примерно примерно примерно примерно примерно примерно примерно примерно примерно примерно примерно примерно примерно примерно примерно примерно примерно примерно примерно примерно примерно примерно примерно примерно примерно примерно примерно примерно примерно примерно примерно примерно примерно примерно примерно примерно примерно примерно примерно примерно примерно примерно примерно примерно примерно примерно примерно примерно примерно примерно примерно примерно примерно примерно примерно примерно примерно примерно примерно примерно примерно примерно примерно примерно примерно примерно примерно примерно примерно примерно примерно примерно примерно примерно примерно примерно примерно примерно примерно примерно примерно примерно примерно примерно примерно примерно примерно примерно примерно примерно примерно примерно примерно примерно примерно примерно примерно примерно примерно примерно примерно примерно примерно примерно примерно примерно примерно примерно примерно примерно примерно примерно примерно примерно примерно примерно примерно примерно примерно примерно примерно примерно примерно примерно примерно примерно примерно примерно примерно примерно примерно примерно примерно примерно примерно примерно примерно примерно примерно примерно примерно примерно примерно примерно примерно примерно примерно примерно примерно примерно примерно примерно примерно примерно примерно примерно примерно примерно примерно примерно примерно примерно примерно примерно примерно примерно примерно примерно примерно примерно примерно примерно примерно примерно примерно примерно примерно примерно примерно примерно примерно примерно примерно примерно примерно примерно примерно примерно примерно примерно примерно примерно примерно примерно примерно примерно примерно примерно примерно примерно примерно примерно примерно примерно примерно примерно примерно примерно примерно примерно примерно примерно примерно", "numeric_answer": null, "relative_error": null, "thinking_text": null, "has_tool_call": false, "tool_call": null, "usage": {"prompt_tokens": 208, "completion_tokens": 256, "total_tokens": 464, "token_count_source": "tokenizer"}, "decoding": {"temperature": 0.2, "top_p": null, "top_k": null, "max_tokens": 256, "seed": 42}, "prompt_tokens": 208, "completion_tokens": 256, "total_tokens": 464, "token_count_source": "tokenizer", "diffusion_steps": null, "flops_estimate": null, "flops_arch": null, "flops_model_params": null, "flops_active_params": null, "tokens_non_final": 255, "tokens_reasoning": 0, "tokens_response": 255, "elapsed_seconds": 19.03850555419922, "judgement": "Uncategorized"}
{"id": "discounts_000583", "topic": "discounts", "subtopic": "buy_n_get_m", "prompt": "Buy 5 get 3 free on items priced $4.97 each. You take 16 total. About how much do you pay?", "exact_value": 49.7, "model": "tiiuae/Falcon-H1-7B-Instruct", "provider": "transformers", "response": "Finalются примерно на сумму примерно равную стоимости примерно утся примерно примерно примерно примерно примерно примерно примерно примерно примерно примерно примерно примерно примерно примерно примерно примерно примерно примерно примерно примерно примерно примерно примерно примерно примерно примерно примерно примерно примерно примерно примерно примерно примерно примерно примерно примерно примерно примерно примерно примерно примерно примерно примерно примерно примерно примерно примерно примерно примерно примерно примерно примерно примерно примерно примерно примерно примерно примерно примерно примерно примерно примерно примерно примерно примерно примерно примерно примерно примерно примерно примерно примерно примерно примерно примерно примерно примерно примерно примерно примерно примерно примерно примерно примерно примерно примерно примерно примерно примерно примерно примерно примерно примерно примерно примерно примерно примерно примерно примерно примерно примерно примерно примерно примерно примерно примерно примерно примерно примерно примерно примерно примерно примерно примерно примерно примерно примерно примерно примерно примерно примерно примерно примерно примерно примерно примерно примерно примерно примерно примерно примерно примерно примерно примерно примерно примерно примерно примерно примерно примерно примерно примерно примерно примерно примерно примерно примерно примерно примерно примерно примерно примерно примерно примерно примерно примерно примерно примерно примерно примерно примерно примерно примерно примерно примерно примерно примерно примерно примерно примерно примерно примерно примерно примерно примерно примерно примерно примерно примерно примерно примерно примерно примерно примерно примерно примерно примерно примерно примерно примерно примерно примерно примерно примерно примерно примерно примерно примерно примерно примерно примерно примерно примерно примерно примерно примерно примерно примерно примерно примерно примерно примерно примерно примерно примерно примерно примерно примерно примерно примерно примерно примерно примерно примерно примерно примерно примерно примерно примерно примерно примерно примерно примерно примерно примерно примерно примерно примерно примерно примерно примерно примерно примерно примерно", "numeric_answer": null, "relative_error": null, "thinking_text": null, "has_tool_call": false, "tool_call": null, "usage": {"prompt_tokens": 193, "completion_tokens": 256, "total_tokens": 449, "token_count_source": "tokenizer"}, "decoding": {"temperature": 0.2, "top_p": null, "top_k": null, "max_tokens": 256, "seed": 42}, "prompt_tokens": 193, "completion_tokens": 256, "total_tokens": 449, "token_count_source": "tokenizer", "diffusion_steps": null, "flops_estimate": null, "flops_arch": null, "flops_model_params": null, "flops_active_params": null, "tokens_non_final": 253, "tokens_reasoning": 0, "tokens_response": 253, "elapsed_seconds": 18.837302684783936, "judgement": "Uncategorized"}
{"id": "discounts_000603", "topic": "discounts", "subtopic": "bogo", "prompt": "BOGO sale (buy one, get one free; free item is the cheaper one in each pair). Items: $18.16, $13.58, $11.14, $8.88, $4.45. About how much do you pay?", "exact_value": 33.75, "model": "tiiuae/Falcon-H1-7B-Instruct", "provider": "transformers", "response": "Finalются примерно путем приближения стоимости каждого пары путем выбывания наиболее дорогой позиции и округления полученной суммы до ближайшего кратного числа примерно примерно примерно примерно примерно примерно примерно примерно примерно примерно примерно примерно примерно примерно примерно примерно примерно примерно примерно примерно примерно примерно примерно примерно примерно примерно примерно примерно примерно примерно примерно примерно примерно примерно примерно примерно примерно примерно примерно примерно примерно примерно примерно примерно примерно примерно примерно примерно примерно примерно примерно примерно примерно примерно примерно примерно примерно примерно примерно примерно примерно примерно примерно примерно примерно примерно примерно примерно примерно примерно примерно примерно примерно примерно примерно примерно примерно примерно примерно примерно примерно примерно примерно примерно примерно примерно примерно примерно примерно примерно примерно примерно примерно примерно примерно примерно примерно примерно примерно примерно примерно примерно примерно примерно примерно примерно примерно примерно примерно примерно примерно примерно примерно примерно примерно примерно примерно примерно примерно примерно примерно примерно примерно примерно примерно примерно примерно примерно примерно примерно примерно примерно примерно примерно примерно примерно примерно примерно примерно примерно примерно примерно примерно примерно примерно примерно примерно примерно примерно примерно примерно примерно примерно примерно примерно примерно примерно примерно примерно примерно примерно примерно примерно примерно примерно примерно примерно примерно примерно примерно примерно примерно примерно примерно примерно примерно примерно примерно примерно примерно примерно примерно примерно примерно примерно примерно примерно примерно примерно примерно примерно примерно примерно примерно примерно примерно примерно примерно примерно примерно примерно примерно примерно примерно примерно примерно примерно примерно примерно примерно примерно примерно примерно примерно примерно примерно примерно примерно примерно примерно примерно примерно примерно примерно примерно примерно", "numeric_answer": null, "relative_error": null, "thinking_text": null, "has_tool_call": false, "tool_call": null, "usage": {"prompt_tokens": 230, "completion_tokens": 256, "total_tokens": 486, "token_count_source": "tokenizer"}, "decoding": {"temperature": 0.2, "top_p": null, "top_k": null, "max_tokens": 256, "seed": 42}, "prompt_tokens": 230, "completion_tokens": 256, "total_tokens": 486, "token_count_source": "tokenizer", "diffusion_steps": null, "flops_estimate": null, "flops_arch": null, "flops_model_params": null, "flops_active_params": null, "tokens_non_final": 246, "tokens_reasoning": 0, "tokens_response": 246, "elapsed_seconds": 18.839985609054565, "judgement": "Uncategorized"}
{"id": "discounts_000623", "topic": "discounts", "subtopic": "bogo", "prompt": "BOGO sale (buy one, get one free; free item is the cheaper one in each pair). Items: $21.85, $18.63, $17.86, $11.60, $9.53. About how much do you pay?", "exact_value": 49.24, "model": "tiiuae/Falcon-H1-7B-Instruct", "provider": "transformers", "response": "Finalются примерно путем приближения стоимости каждого пары путем выбывания наиболее дорогой позиции и округления стоимости до удобных для восприятия значений согласно правилам примерно примерно примерно примерно примерно примерно примерно примерно примерно примерно примерно примерно примерно примерно примерно примерно примерно примерно примерно примерно примерно примерно примерно примерно примерно примерно примерно примерно примерно примерно примерно примерно примерно примерно примерно примерно примерно примерно примерно примерно примерно примерно примерно примерно примерно примерно примерно примерно примерно примерно примерно примерно примерно примерно примерно примерно примерно примерно примерно примерно примерно примерно примерно примерно примерно примерно примерно примерно примерно примерно примерно примерно примерно примерно примерно примерно примерно примерно примерно примерно примерно примерно примерно примерно примерно примерно примерно примерно примерно примерно примерно примерно примерно примерно примерно примерно примерно примерно примерно примерно примерно примерно примерно примерно примерно примерно примерно примерно примерно примерно примерно примерно примерно примерно примерно примерно примерно примерно примерно примерно примерно примерно примерно примерно примерно примерно примерно примерно примерно примерно примерно примерно примерно примерно примерно примерно примерно примерно примерно примерно примерно примерно примерно примерно примерно примерно примерно примерно примерно примерно примерно примерно примерно примерно примерно примерно примерно примерно примерно примерно примерно примерно примерно примерно примерно примерно примерно примерно примерно примерно примерно примерно примерно примерно примерно примерно примерно примерно примерно примерно примерно примерно примерно примерно примерно примерно примерно примерно примерно примерно примерно примерно примерно примерно примерно примерно примерно примерно примерно примерно примерно примерно примерно примерно примерно примерно примерно примерно примерно примерно примерно примерно примерно примерно примерно примерно примерно примерно примерно примерно примерно примерно примерно", "numeric_answer": null, "relative_error": null, "thinking_text": null, "has_tool_call": false, "tool_call": null, "usage": {"prompt_tokens": 231, "completion_tokens": 256, "total_tokens": 487, "token_count_source": "tokenizer"}, "decoding": {"temperature": 0.2, "top_p": null, "top_k": null, "max_tokens": 256, "seed": 42}, "prompt_tokens": 231, "completion_tokens": 256, "total_tokens": 487, "token_count_source": "tokenizer", "diffusion_steps": null, "flops_estimate": null, "flops_arch": null, "flops_model_params": null, "flops_active_params": null, "tokens_non_final": 245, "tokens_reasoning": 0, "tokens_response": 245, "elapsed_seconds": 18.596901893615723, "judgement": "Uncategorized"}
{"id": "discounts_000643", "topic": "discounts", "subtopic": "buy_n_get_m", "prompt": "Buy 5 get 1 free on items priced $4.62 each. You take 12 total. About how much do you pay?", "exact_value": 46.2, "model": "tiiuae/Falcon-H1-7B-Instruct", "provider": "transformers", "response": "Finalются примерно на сумму примерно равную стоимости примерно 4urança примерно примерно примерно примерно примерно примерно примерно примерно примерно примерно примерно примерно примерно примерно примерно примерно примерно примерно примерно примерно примерно примерно примерно примерно примерно примерно примерно примерно примерно примерно примерно примерно примерно примерно примерно примерно примерно примерно примерно примерно примерно примерно примерно примерно примерно примерно примерно примерно примерно примерно примерно примерно примерно примерно примерно примерно примерно примерно примерно примерно примерно примерно примерно примерно примерно примерно примерно примерно примерно примерно примерно примерно примерно примерно примерно примерно примерно примерно примерно примерно примерно примерно примерно примерно примерно примерно примерно примерно примерно примерно примерно примерно примерно примерно примерно примерно примерно примерно примерно примерно примерно примерно примерно примерно примерно примерно примерно примерно примерно примерно примерно примерно примерно примерно примерно примерно примерно примерно примерно примерно примерно примерно примерно примерно примерно примерно примерно примерно примерно примерно примерно примерно примерно примерно примерно примерно примерно примерно примерно примерно примерно примерно примерно примерно примерно примерно примерно примерно примерно примерно примерно примерно примерно примерно примерно примерно примерно примерно примерно примерно примерно примерно примерно примерно примерно примерно примерно примерно примерно примерно примерно примерно примерно примерно примерно примерно примерно примерно примерно примерно примерно примерно примерно примерно примерно примерно примерно примерно примерно примерно примерно примерно примерно примерно примерно примерно примерно примерно примерно примерно примерно примерно примерно примерно примерно примерно примерно примерно примерно примерно примерно примерно примерно примерно примерно примерно примерно примерно примерно примерно примерно примерно примерно примерно примерно примерно примерно примерно примерно примерно примерно примерно примерно примерно примерно примерно примерно примерно примерно примерно примерно примерно примерно", "numeric_answer": 4.0, "relative_error": 0.9134199134199135, "thinking_text": null, "has_tool_call": false, "tool_call": null, "usage": {"prompt_tokens": 193, "completion_tokens": 256, "total_tokens": 449, "token_count_source": "tokenizer"}, "decoding": {"temperature": 0.2, "top_p": null, "top_k": null, "max_tokens": 256, "seed": 42}, "prompt_tokens": 193, "completion_tokens": 256, "total_tokens": 449, "token_count_source": "tokenizer", "diffusion_steps": null, "flops_estimate": null, "flops_arch": null, "flops_model_params": null, "flops_active_params": null, "tokens_non_final": 252, "tokens_reasoning": 0, "tokens_response": 252, "elapsed_seconds": 18.812264442443848, "judgement": "Way off"}
{"id": "discounts_000663", "topic": "discounts", "subtopic": "stacked", "prompt": "Stacked deal: 15% off, then $5 coupon if you spend $50 or more. Cart: $16.58, $23.77, $10.19. About how much do you pay?", "exact_value": 42.96, "model": "tiiuae/Falcon-H1-7B-Instruct", "provider": "transformers", "response": "Finalются примерно путем приближенного расчета стоимости корзины после применения скидки и купонаются примерно путем приближенного расчета стоимости корзины после применения скидки и купонаются примерно путем приближенного расчета стоимости корзины после применения скидки и купонаются примерно путем приближенного расчета стоимости корзины после применения скидки и купонаются примерно путем приближенного расчета стоимости корзины после применения скидки и купонаются примерно путем приближенного расчета стоимости корзины после применения скидки и купонаются примерно путем приближенного расчета стоимости корзины после применения скидки и купонаются примерно путем приближенного расчета стоимости корзины после применения скидки и купонаются примерно путем приближенного расчета стоимости корзины после применения скидки и купонаются примерно путем приближенного расчета стоимости корзины после применения скидки и купонаываются примерно путем приближенного расчета стоимости корзины после применения скидки и купонаываются примерно путем приближенного расчета стоимости корзины после применения скидки и купонаываются примерно путем приближенного расчета стоимости корзины после примененияются", "numeric_answer": null, "relative_error": null, "thinking_text": null, "has_tool_call": false, "tool_call": null, "usage": {"prompt_tokens": 219, "completion_tokens": 256, "total_tokens": 475, "token_count_source": "tokenizer"}, "decoding": {"temperature": 0.2, "top_p": null, "top_k": null, "max_tokens": 256, "seed": 42}, "prompt_tokens": 219, "completion_tokens": 256, "total_tokens": 475, "token_count_source": "tokenizer", "diffusion_steps": null, "flops_estimate": null, "flops_arch": null, "flops_model_params": null, "flops_active_params": null, "tokens_non_final": 141, "tokens_reasoning": 0, "tokens_response": 141, "elapsed_seconds": 19.04342031478882, "judgement": "Uncategorized"}
{"id": "discounts_000683", "topic": "discounts", "subtopic": "percent", "prompt": "Cart: $27.44, $47.42, $41.38, $11.58, $35.37. A 25% discount applies to everything. About how much do you pay?", "exact_value": 122.39, "model": "tiiuae/Falcon-H1-7B-Instruct", "provider": "transformers", "response": "Finalются примерно путем приближенного расчета стоимости корзины после применения скидки примерно на ются примерно путем приближенного расчета стоимости корзины после применения скидки примерно на ются примерно путем приближенного расчета стоимости корзины после применения скидки примерно наются примерно путем приближенного расчета стоимости корзины после применения скидки примерно наются примерно путем приближенного расчета стоимости корзины после применения скидки примерноются путем приближенного расчета стоимости корзины после примененияются путем приближенного расчета стоимостиются путем приближенного расчетаываются путем приближенного расчетаываются путем приближенного расчетаются путем приближенного расчетаываются путем приближенного расчетаются путем приближенного расчетаываются путем приближенного расчетаются путем приближенного расчетаываются путем приближенного расчетаются путем приближенного расчетаываются путем приближенного расчетаются путем приближенного расчетаываются путем приближенного расчетаются путем приближенного расчетаываются путем приближенного расчетаются путем приближенного расчетаываются путем приближенного расчетаются путем приближенного расчетаываются путем приближенного расчетаются путем приближенного", "numeric_answer": null, "relative_error": null, "thinking_text": null, "has_tool_call": false, "tool_call": null, "usage": {"prompt_tokens": 220, "completion_tokens": 256, "total_tokens": 476, "token_count_source": "tokenizer"}, "decoding": {"temperature": 0.2, "top_p": null, "top_k": null, "max_tokens": 256, "seed": 42}, "prompt_tokens": 220, "completion_tokens": 256, "total_tokens": 476, "token_count_source": "tokenizer", "diffusion_steps": null, "flops_estimate": null, "flops_arch": null, "flops_model_params": null, "flops_active_params": null, "tokens_non_final": 127, "tokens_reasoning": 0, "tokens_response": 127, "elapsed_seconds": 19.11253333091736, "judgement": "Uncategorized"}
{"id": "discounts_000703", "topic": "discounts", "subtopic": "percent", "prompt": "Cart: $19.91, $32.12, $19.55, $20.11, $21.65. A 15% discount applies to everything. About how much do you pay?", "exact_value": 96.34, "model": "tiiuae/Falcon-H1-7B-Instruct", "provider": "transformers", "response": "Finalются примерно путем приближенного подсчета стоимости корзины после применения скидки примерно на ются примерно путем приближенного подсчета стоимости корзины после применения скидки примерно в размере примерно процентов примерно процентов примерно процентов примерно процентов примерно процентов примерно процентов примерно процентов примерно процентов примерно процентов примерно процентов примерно процентов примерно процентов примерно процентов примерно процентов примерно процентов примерно процентов примерно процентов примерно процентов примерно процентов примерно процентов примерно процентов примерно процентов примерно процентов примерно процентов примерно процентов примерно процентов примерно процентов примерно процентов примерно процентов примерно процентов примерно процентов примерно процентов примерно процентов примерно процентов примерно процентов примерно процентов примерно процентов примерно процентов примерно процентов примерно процентов примерно процентов примерно процентов примерно процентов примерно процентов примерно процентов примерно процентов примерно процентов примерно процентов примерно процентов примерно процентов примерно процентов примерно процентов примерно процентов примерно процентов примерно процентов примерно процентов примерно процентов примерно процентов примерно процентов примерно процентов примерно процентов примерно процентов примерно процентов примерно процентов примерно процентов примерно процентов примерно процентов примерно процентов примерно процентов примерно процентов примерно процентов примерно процентов примерно процентов примерно процентов примерно процентов примерно процентов примерно процентов примерно процентов примерно процентов примерно процентов примерно процентов примерно процентов примерно процентов примерно процентов примерно процентов примерно процентов примерно процентов примерно процентов примерно процентов примерно процентов примерно процентов примерно процентов примерно процентов примерно процентов примерно процентов примерно процентов примерно процентов примерно процентов примерно процентов примерно процентов примерно процентов примерно процентов примерно процентов примерно процентов примерно процентов примерно процентов примерно", "numeric_answer": null, "relative_error": null, "thinking_text": null, "has_tool_call": false, "tool_call": null, "usage": {"prompt_tokens": 220, "completion_tokens": 256, "total_tokens": 476, "token_count_source": "tokenizer"}, "decoding": {"temperature": 0.2, "top_p": null, "top_k": null, "max_tokens": 256, "seed": 42}, "prompt_tokens": 220, "completion_tokens": 256, "total_tokens": 476, "token_count_source": "tokenizer", "diffusion_steps": null, "flops_estimate": null, "flops_arch": null, "flops_model_params": null, "flops_active_params": null, "tokens_non_final": 238, "tokens_reasoning": 0, "tokens_response": 238, "elapsed_seconds": 18.811392068862915, "judgement": "Uncategorized"}
{"id": "discounts_000723", "topic": "discounts", "subtopic": "percent", "prompt": "Cart: $48.29, $29.75, $30.14, $33.26, $21.69. A 25% discount applies to everything. About how much do you pay?", "exact_value": 122.35, "model": "tiiuae/Falcon-H1-7B-Instruct", "provider": "transformers", "response": "Finalются примерно путем приближенного подсчета стоимости корзины после применения скидки примерно на ются примерно путем приближенного подсчета стоимости корзины после применения скидки примерно наются примерно путем приближенного подсчета стоимости корзины после применения скидки примерноются путем приближенного подсчета стоимости корзины после применения скидываются путем приближенного подсчета стоимости корзины после примененияются путем приближенного подсчета стоимости корзины после примененияются путем приближенного подсчета стоимостиются путем приближенногоются путем приближенногоются путем приближенногоются путем приближенногоются путем приближенногоются путем приближенногоются путем приближенногоются путем приближенногоются путем приближенногоются путем приближенногоются путем приближенногоются путем приближенногоются путем приближенногоются путем приближенногоются путем приближенногоются путем приближенногоются путем приближенногоются путем приближенногоются путем приближенногоются путем приближенногоются путем приближенногоются путем приближенногоются путем приближенногоются путем приближенногоются путем приближенногоются путем приближенногоются путем приближенногоются путем приближенногоются путем", "numeric_answer": null, "relative_error": null, "thinking_text": null, "has_tool_call": false, "tool_call": null, "usage": {"prompt_tokens": 220, "completion_tokens": 256, "total_tokens": 476, "token_count_source": "tokenizer"}, "decoding": {"temperature": 0.2, "top_p": null, "top_k": null, "max_tokens": 256, "seed": 42}, "prompt_tokens": 220, "completion_tokens": 256, "total_tokens": 476, "token_count_source": "tokenizer", "diffusion_steps": null, "flops_estimate": null, "flops_arch": null, "flops_model_params": null, "flops_active_params": null, "tokens_non_final": 117, "tokens_reasoning": 0, "tokens_response": 117, "elapsed_seconds": 18.73807692527771, "judgement": "Uncategorized"}
{"id": "discounts_000743", "topic": "discounts", "subtopic": "bogo", "prompt": "BOGO sale (buy one, get one free; free item is the cheaper one in each pair). Items: $22.88, $9.78. About how much do you pay?", "exact_value": 22.88, "model": "tiiuae/Falcon-H1-7B-Instruct", "provider": "transformers", "response": "Finalются примерно на сумму примерно равную стоимости более дорогой позиции после округления до ближайшего числа примерно равного стоимости более дорогой позиции после округления до ближайшего числа примерно равного стоимости более дорогой позиции примерно до примерно примерно примерно примерно примерно примерно примерно примерно примерно примерно примерно примерно примерно примерно примерно примерно примерно примерно примерно примерно примерно примерно примерно примерно примерно примерно примерно примерно примерно примерно примерно примерно примерно примерно примерно примерно примерно примерно примерно примерно примерно примерно примерно примерно примерно примерно примерно примерно примерно примерно примерно примерно примерно примерно примерно примерно примерно примерно примерно примерно примерно примерно примерно примерно примерно примерно примерно примерно примерно примерно примерно примерно примерно примерно примерно примерно примерно примерно примерно примерно примерно примерно примерно примерно примерно примерно примерно примерно примерно примерно примерно примерно примерно примерно примерно примерно примерно примерно примерно примерно примерно примерно примерно примерно примерно примерно примерно примерно примерно примерно примерно примерно примерно примерно примерно примерно примерно примерно примерно примерно примерно примерно примерно примерно примерно примерно примерно примерно примерно примерно примерно примерно примерно примерно примерно примерно примерно примерно примерно примерно примерно примерно примерно примерно примерно примерно примерно примерно примерно примерно примерно примерно примерно примерно примерно примерно примерно примерно примерно примерно примерно примерно примерно примерно примерно примерно примерно примерно примерно примерно примерно примерно примерно примерно примерно примерно примерно примерно примерно примерно примерно примерно примерно примерно примерно примерно примерно примерно примерно примерно примерно примерно примерно примерно примерно примерно примерно примерно примерно примерно примерно примерно примерно примерно примерно примерно примерно примерно примерно примерно примерно", "numeric_answer": null, "relative_error": null, "thinking_text": null, "has_tool_call": false, "tool_call": null, "usage": {"prompt_tokens": 207, "completion_tokens": 256, "total_tokens": 463, "token_count_source": "tokenizer"}, "decoding": {"temperature": 0.2, "top_p": null, "top_k": null, "max_tokens": 256, "seed": 42}, "prompt_tokens": 207, "completion_tokens": 256, "total_tokens": 463, "token_count_source": "tokenizer", "diffusion_steps": null, "flops_estimate": null, "flops_arch": null, "flops_model_params": null, "flops_active_params": null, "tokens_non_final": 245, "tokens_reasoning": 0, "tokens_response": 245, "elapsed_seconds": 18.675116539001465, "judgement": "Uncategorized"}
{"id": "discounts_000763", "topic": "discounts", "subtopic": "bogo", "prompt": "BOGO sale (buy one, get one free; free item is the cheaper one in each pair). Items: $11.36, $1.82. About how much do you pay?", "exact_value": 11.36, "model": "tiiuae/Falcon-H1-7B-Instruct", "provider": "transformers", "response": "Finalются примерно на сумму примерно равную стоимости более дорогого товара после округления до ближайшего числа примерно примерно примерно примерно примерно примерно примерно примерно примерно примерно примерно примерно примерно примерно примерно примерно примерно примерно примерно примерно примерно примерно примерно примерно примерно примерно примерно примерно примерно примерно примерно примерно примерно примерно примерно примерно примерно примерно примерно примерно примерно примерно примерно примерно примерно примерно примерно примерно примерно примерно примерно примерно примерно примерно примерно примерно примерно примерно примерно примерно примерно примерно примерно примерно примерно примерно примерно примерно примерно примерно примерно примерно примерно примерно примерно примерно примерно примерно примерно примерно примерно примерно примерно примерно примерно примерно примерно примерно примерно примерно примерно примерно примерно примерно примерно примерно примерно примерно примерно примерно примерно примерно примерно примерно примерно примерно примерно примерно примерно примерно примерно примерно примерно примерно примерно примерно примерно примерно примерно примерно примерно примерно примерно примерно примерно примерно примерно примерно примерно примерно примерно примерно примерно примерно примерно примерно примерно примерно примерно примерно примерно примерно примерно примерно примерно примерно примерно примерно примерно примерно примерно примерно примерно примерно примерно примерно примерно примерно примерно примерно примерно примерно примерно примерно примерно примерно примерно примерно примерно примерно примерно примерно примерно примерно примерно примерно примерно примерно примерно примерно примерно примерно примерно примерно примерно примерно примерно примерно примерно примерно примерно примерно примерно примерно примерно примерно примерно примерно примерно примерно примерно примерно примерно примерно примерно примерно примерно примерно примерно примерно примерно примерно примерно примерно примерно примерно примерно примерно примерно примерно примерно примерно примерно примерно примерно примерно примерно примерно примерно примерно примерно примерно примерно примерно примерно", "numeric_answer": null, "relative_error": null, "thinking_text": null, "has_tool_call": false, "tool_call": null, "usage": {"prompt_tokens": 207, "completion_tokens": 256, "total_tokens": 463, "token_count_source": "tokenizer"}, "decoding": {"temperature": 0.2, "top_p": null, "top_k": null, "max_tokens": 256, "seed": 42}, "prompt_tokens": 207, "completion_tokens": 256, "total_tokens": 463, "token_count_source": "tokenizer", "diffusion_steps": null, "flops_estimate": null, "flops_arch": null, "flops_model_params": null, "flops_active_params": null, "tokens_non_final": 250, "tokens_reasoning": 0, "tokens_response": 250, "elapsed_seconds": 18.907123804092407, "judgement": "Uncategorized"}
{"id": "discounts_000783", "topic": "discounts", "subtopic": "stacked", "prompt": "Stacked deal: 15% off, then $10 coupon if you spend $30 or more. Cart: $37.23, $37.65, $36.92, $14.32, $6.23. About how much do you pay?", "exact_value": 102.5, "model": "tiiuae/Falcon-H1-7B-Instruct", "provider": "transformers", "response": "Finalются примерно путем приближения стоимости корзины и применения скидок примерно такальноальноальноальноальноальноальноальноальноальноальноальноальноальноальноальноальноальноальноальноальноальноальноальноальноальноальноальноальноальноальноальноальноальноальноальноальноальноальноальноальноальноальноальноальноальноальноальноальноальноальноальноальноальноальноальноальноальноальноальноальноальноальноальноальноальноальноальноальноальноальноальноальноальноальноальноальноальноальноальноальноальноальноальноальноальноальноальноальноальноальноальноальноальноальноальноальноальноальноальноальноальноальноальноальноальноальноальноальноальноальноальноальноальноальноальноальноальноальноальноальноальноальноальноальноальноальноальноальноальноальноальноальноальноальноальноальноальноальноальноальноальноальноальноальноальноальноальноальноальноальноальноальноальноальноальноальноальноальноальноальноальноальноальноальноальноальноальноальноальноальноальноальноальноальноальноальноальноальноальноальноальноальноальноальноальноальноальноальноальноальноальноальноальноальноальноальноальноальноальноальноальноальноальноальноальноальноальноальноальноальноальноальноальноальноальноальноальноальноальноальноальноальноальноальноальноальноальноальноальноальноальноальноальноальноальноальноально", "numeric_answer": null, "relative_error": null, "thinking_text": null, "has_tool_call": false, "tool_call": null, "usage": {"prompt_tokens": 235, "completion_tokens": 256, "total_tokens": 491, "token_count_source": "tokenizer"}, "decoding": {"temperature": 0.2, "top_p": null, "top_k": null, "max_tokens": 256, "seed": 42}, "prompt_tokens": 235, "completion_tokens": 256, "total_tokens": 491, "token_count_source": "tokenizer", "diffusion_steps": null, "flops_estimate": null, "flops_arch": null, "flops_model_params": null, "flops_active_params": null, "tokens_non_final": 11, "tokens_reasoning": 0, "tokens_response": 11, "elapsed_seconds": 18.837543964385986, "judgement": "Uncategorized"}
{"id": "discounts_000803", "topic": "discounts", "subtopic": "bogo", "prompt": "BOGO sale (buy one, get one free; free item is the cheaper one in each pair). Items: $23.07, $19.42, $17.76, $16.24, $13.92, $4.39. About how much do you pay?", "exact_value": 54.75, "model": "tiiuae/Falcon-H1-7B-Instruct", "provider": "transformers", "response": "Finalются примерно путем приближения стоимости каждого пары путем выбывания наиболее дорогой позиции и округления суммы до ближайшего кратного числа примерно примерно примерно примерно примерно примерно примерно примерно примерно примерно примерно примерно примерно примерно примерно примерно примерно примерно примерно примерно примерно примерно примерно примерно примерно примерно примерно примерно примерно примерно примерно примерно примерно примерно примерно примерно примерно примерно примерно примерно примерно примерно примерно примерно примерно примерно примерно примерно примерно примерно примерно примерно примерно примерно примерно примерно примерно примерно примерно примерно примерно примерно примерно примерно примерно примерно примерно примерно примерно примерно примерно примерно примерно примерно примерно примерно примерно примерно примерно примерно примерно примерно примерно примерно примерно примерно примерно примерно примерно примерно примерно примерно примерно примерно примерно примерно примерно примерно примерно примерно примерно примерно примерно примерно примерно примерно примерно примерно примерно примерно примерно примерно примерно примерно примерно примерно примерно примерно примерно примерно примерно примерно примерно примерно примерно примерно примерно примерно примерно примерно примерно примерно примерно примерно примерно примерно примерно примерно примерно примерно примерно примерно примерно примерно примерно примерно примерно примерно примерно примерно примерно примерно примерно примерно примерно примерно примерно примерно примерно примерно примерно примерно примерно примерно примерно примерно примерно примерно примерно примерно примерно примерно примерно примерно примерно примерно примерно примерно примерно примерно примерно примерно примерно примерно примерно примерно примерно примерно примерно примерно примерно примерно примерно примерно примерно примерно примерно примерно примерно примерно примерно примерно примерно примерно примерно примерно примерно примерно примерно примерно примерно примерно примерно примерно примерно примерно примерно примерно примерно примерно примерно примерно примерно примерно примерно примерно примерно примерно", "numeric_answer": null, "relative_error": null, "thinking_text": null, "has_tool_call": false, "tool_call": null, "usage": {"prompt_tokens": 239, "completion_tokens": 256, "total_tokens": 495, "token_count_source": "tokenizer"}, "decoding": {"temperature": 0.2, "top_p": null, "top_k": null, "max_tokens": 256, "seed": 42}, "prompt_tokens": 239, "completion_tokens": 256, "total_tokens": 495, "token_count_source": "tokenizer", "diffusion_steps": null, "flops_estimate": null, "flops_arch": null, "flops_model_params": null, "flops_active_params": null, "tokens_non_final": 247, "tokens_reasoning": 0, "tokens_response": 247, "elapsed_seconds": 18.527953624725342, "judgement": "Uncategorized"}
{"id": "discounts_000823", "topic": "discounts", "subtopic": "stacked", "prompt": "Stacked deal: 20% off, then $10 coupon if you spend $30 or more. Cart: $8.48, $35.86, $5.64, $31.66, $9.45. About how much do you pay?", "exact_value": 62.87, "model": "tiiuae/Falcon-H1-7B-Instruct", "provider": "transformers", "response": "Finalются примерно путем приближенного расчета стоимости корзины после применения скидки и купонаются примерно путем приближенного расчета стоимости корзины после применения скидки и купонаются примерно путем приближенного расчета стоимости корзины после применения скидки и купонаются примерно путем приближенного расчета стоимости корзины после применения скидки и купонаются примерно путем приближенного расчета стоимости корзины после применения скидки и купонаются примерно путем приближенного расчета стоимости корзины после применения скидки и купонаются примерно путем приближенного расчета стоимости корзины после применения скидки и купонаются примерно путем приближенного расчета стоимости корзины после применения скидки и купонаются примерно путем приближенного расчета стоимости корзины после применения скидки и купонаются примерно путем приближенного расчета стоимости корзины после применения скидки и купонаываются примерно путем приближенного расчета стоимости корзины после применения скидки и купонаываются примерно путем приближенного расчета стоимости корзины после применения скидки и купонаываются примерно путем приближенного расчета стоимости корзины после применения с", "numeric_answer": null, "relative_error": null, "thinking_text": null, "has_tool_call": false, "tool_call": null, "usage": {"prompt_tokens": 233, "completion_tokens": 256, "total_tokens": 489, "token_count_source": "tokenizer"}, "decoding": {"temperature": 0.2, "top_p": null, "top_k": null, "max_tokens": 256, "seed": 42}, "prompt_tokens": 233, "completion_tokens": 256, "total_tokens": 489, "token_count_source": "tokenizer", "diffusion_steps": null, "flops_estimate": null, "flops_arch": null, "flops_model_params": null, "flops_active_params": null, "tokens_non_final": 142, "tokens_reasoning": 0, "tokens_response": 142, "elapsed_seconds": 18.567744493484497, "judgement": "Uncategorized"}
{"id": "discounts_000843", "topic": "discounts", "subtopic": "buy_n_get_m", "prompt": "Buy 4 get 2 free on items priced $5.03 each. You take 9 total. About how much do you pay?", "exact_value": 35.21, "model": "tiiuae/Falcon-H1-7B-Instruct", "provider": "transformers", "response": "Finalются примерно на сумму примерно равную стоимости примерно 7 купируемыхgüvenlichlichkeitlichlichlichlichlichlichlichlichlichlichlichlichlichlichlichlichlichlichlichlichlichlichlichlichlichlichlichlichlichlichlichlichlichlichlichlichlichlichlichlichlichlichlichlichlichlichlichlichlichlichlichlichlichlichlichlichlichlichlichlichlichlichlichlichlichlichlichlichlichlichlichlichlichlichlichlichlichlichlichlichlichlichlichlichlichlichlichlichlichlichlichlichlichlichlichlichlichlichlichlichlichlichlichlichlichlichlichlichlichlichlichlichlichlichlichlichlichlichlichlichlichlichlichlichlichlichlichlichlichlichlichlichlichlichlichlichlichlichlichlichlichlichlichlichlichlichlichlichlichlichlichlichlichlichlichlichlichlichlichlichlichlichlichlichlichlichlichlichlichlichlichlichlichlichlichlichlichlichlichlichlichlichlichlichlichlichlichlichlichlichlichlichlichlichlichlichlichlichlichlichlichlichlichlichlichlichlichlichlichlichlichlichlichlichlichlichlichlichlichlichlichlichlichlichlichlichlichlichlichlichlichlichlichlichlichlich", "numeric_answer": 7.0, "relative_error": 0.8011928429423459, "thinking_text": null, "has_tool_call": false, "tool_call": null, "usage": {"prompt_tokens": 192, "completion_tokens": 256, "total_tokens": 448, "token_count_source": "tokenizer"}, "decoding": {"temperature": 0.2, "top_p": null, "top_k": null, "max_tokens": 256, "seed": 42}, "prompt_tokens": 192, "completion_tokens": 256, "total_tokens": 448, "token_count_source": "tokenizer", "diffusion_steps": null, "flops_estimate": null, "flops_arch": null, "flops_model_params": null, "flops_active_params": null, "tokens_non_final": 10, "tokens_reasoning": 0, "tokens_response": 10, "elapsed_seconds": 18.65351939201355, "judgement": "Way off"}
{"id": "discounts_000863", "topic": "discounts", "subtopic": "threshold", "prompt": "Threshold coupon applies: $10 off $25+ spend. Cart: $34.92, $8.51, $12.79. About how much do you pay?", "exact_value": 46.22, "model": "tiiuae/Falcon-H1-7B-Instruct", "provider": "transformers", "response": "Finalются примерно к nulla", "numeric_answer": null, "relative_error": null, "thinking_text": null, "has_tool_call": false, "tool_call": null, "usage": {"prompt_tokens": 209, "completion_tokens": 6, "total_tokens": 215, "token_count_source": "tokenizer"}, "decoding": {"temperature": 0.2, "top_p": null, "top_k": null, "max_tokens": 256, "seed": 42}, "prompt_tokens": 209, "completion_tokens": 6, "total_tokens": 215, "token_count_source": "tokenizer", "diffusion_steps": null, "flops_estimate": null, "flops_arch": null, "flops_model_params": null, "flops_active_params": null, "tokens_non_final": 4, "tokens_reasoning": 0, "tokens_response": 4, "elapsed_seconds": 0.48746275901794434, "judgement": "Uncategorized"}
{"id": "discounts_000883", "topic": "discounts", "subtopic": "percent", "prompt": "Cart: $39.81, $20.15, $41.33, $23.55, $23.05. A 25% discount applies to everything. About how much do you pay?", "exact_value": 110.92, "model": "tiiuae/Falcon-H1-7B-Instruct", "provider": "transformers", "response": "Finalются примерно путем приближенного подсчета стоимости корзины после применения скидки примерно на ются примерно путем приближенного подсчета стоимости корзины после применения скидки примерно наются примерно путем приближенного подсчета стоимости корзины после применения скидки примерноются путем приближенного подсчета стоимости корзины после примененияются путем приближенного подсчета стоимости корзины после примененияются путем приближенного подсчета стоимостиются путем приближенногоются путем приближенногоются путем приближенногоются путем приближенногоются путем приближенногоются путем приближенногоются путем приближенногоются путем приближенногоются путем приближенногоются путем приближенногоются путем приближенногоются путем приближенногоются путем приближенногоются путем приближенногоются путем приближенногоются путем приближенногоются путем приближенногоются путем приближенногоются путем приближенногоются путем приближенногоются путем приближенногоются путем приближенногоются путем приближенногоются путем приближенногоются путем приближенногоются путем приближенногоются путем приближенногоются путем приближенногоются путем приближенногоются путем приближенногоются путем приближенногоются путем приб", "numeric_answer": null, "relative_error": null, "thinking_text": null, "has_tool_call": false, "tool_call": null, "usage": {"prompt_tokens": 220, "completion_tokens": 256, "total_tokens": 476, "token_count_source": "tokenizer"}, "decoding": {"temperature": 0.2, "top_p": null, "top_k": null, "max_tokens": 256, "seed": 42}, "prompt_tokens": 220, "completion_tokens": 256, "total_tokens": 476, "token_count_source": "tokenizer", "diffusion_steps": null, "flops_estimate": null, "flops_arch": null, "flops_model_params": null, "flops_active_params": null, "tokens_non_final": 116, "tokens_reasoning": 0, "tokens_response": 116, "elapsed_seconds": 18.681809902191162, "judgement": "Uncategorized"}
{"id": "discounts_000903", "topic": "discounts", "subtopic": "percent", "prompt": "Cart: $12.50, $16.62, $17.19. A 10% discount applies to everything. About how much do you pay?", "exact_value": 41.68, "model": "tiiuae/Falcon-H1-7B-Instruct", "provider": "transformers", "response": "Finalются примерно путем приближенного подсчета стоимости корзины после применения скидки примерно в ются примерно путем приближенного подсчета стоимости корзины после применения скидки примерно вются примерно путем приближенного подсчета стоимости корзины после применения скидки примерноются примерно путем приближенного подсчета стоимости корзины после примененияются примерно путем приближенного подсчета стоимости корзины после примененияются примерно путем приближенного подсчета стоимости корзины после примененияются примерно путем приближенного подсчета стоимостиются примерно путем приближенногоются примерно путем приближенногоются примерно путем приближенногоются примерно путем приближенногоются примерно путем приближенногоются примерно путем приближенногоются примерно путем приближенногоются примерно путем приближенногоются примерно путем приближенногоются примерно путем приближенногоются примерно путем приближенногоются примерно путем приближенногоются примерно путем приближенногоются примерно путем приближенногоются примерно путем приближенногоются примерно путем приближенногоются примерно путем приближенногоются примерно путем приближенногоются примерно путем приближенногоются примерно путем приближенногоются примерно путем приближенногоются примерно путем приближенногоются примерно путем приближенногоются примерно", "numeric_answer": null, "relative_error": null, "thinking_text": null, "has_tool_call": false, "tool_call": null, "usage": {"prompt_tokens": 204, "completion_tokens": 256, "total_tokens": 460, "token_count_source": "tokenizer"}, "decoding": {"temperature": 0.2, "top_p": null, "top_k": null, "max_tokens": 256, "seed": 42}, "prompt_tokens": 204, "completion_tokens": 256, "total_tokens": 460, "token_count_source": "tokenizer", "diffusion_steps": null, "flops_estimate": null, "flops_arch": null, "flops_model_params": null, "flops_active_params": null, "tokens_non_final": 133, "tokens_reasoning": 0, "tokens_response": 133, "elapsed_seconds": 18.641924619674683, "judgement": "Uncategorized"}
{"id": "discounts_000923", "topic": "discounts", "subtopic": "bogo", "prompt": "BOGO sale (buy one, get one free; free item is the cheaper one in each pair). Items: $10.61, $2.49. About how much do you pay?", "exact_value": 10.61, "model": "tiiuae/Falcon-H1-7B-Instruct", "provider": "transformers", "response": "Finalются примерно на сумму примерно равную стоимости более дорогого товара после применения акции примерно равно стоимости более дорогого товара примерно равно примерно примерно примерно примерно примерно примерно примерно примерно примерно примерно примерно примерно примерно примерно примерно примерно примерно примерно примерно примерно примерно примерно примерно примерно примерно примерно примерно примерно примерно примерно примерно примерно примерно примерно примерно примерно примерно примерно примерно примерно примерно примерно примерно примерно примерно примерно примерно примерно примерно примерно примерно примерно примерно примерно примерно примерно примерно примерно примерно примерно примерно примерно примерно примерно примерно примерно примерно примерно примерно примерно примерно примерно примерно примерно примерно примерно примерно примерно примерно примерно примерно примерно примерно примерно примерно примерно примерно примерно примерно примерно примерно примерно примерно примерно примерно примерно примерно примерно примерно примерно примерно примерно примерно примерно примерно примерно примерно примерно примерно примерно примерно примерно примерно примерно примерно примерно примерно примерно примерно примерно примерно примерно примерно примерно примерно примерно примерно примерно примерно примерно примерно примерно примерно примерно примерно примерно примерно примерно примерно примерно примерно примерно примерно примерно примерно примерно примерно примерно примерно примерно примерно примерно примерно примерно примерно примерно примерно примерно примерно примерно примерно примерно примерно примерно примерно примерно примерно примерно примерно примерно примерно примерно примерно примерно примерно примерно примерно примерно примерно примерно примерно примерно примерно примерно примерно примерно примерно примерно примерно примерно примерно примерно примерно примерно примерно примерно примерно примерно примерно примерно примерно примерно примерно примерно примерно примерно примерно примерно примерно примерно примерно примерно примерно примерно примерно примерно примерно примерно примерно примерно примерно примерно примерно примерно примерно примерно примерно примерно примерно", "numeric_answer": null, "relative_error": null, "thinking_text": null, "has_tool_call": false, "tool_call": null, "usage": {"prompt_tokens": 207, "completion_tokens": 256, "total_tokens": 463, "token_count_source": "tokenizer"}, "decoding": {"temperature": 0.2, "top_p": null, "top_k": null, "max_tokens": 256, "seed": 42}, "prompt_tokens": 207, "completion_tokens": 256, "total_tokens": 463, "token_count_source": "tokenizer", "diffusion_steps": null, "flops_estimate": null, "flops_arch": null, "flops_model_params": null, "flops_active_params": null, "tokens_non_final": 250, "tokens_reasoning": 0, "tokens_response": 250, "elapsed_seconds": 18.61180543899536, "judgement": "Uncategorized"}
{"id": "discounts_000943", "topic": "discounts", "subtopic": "stacked", "prompt": "Stacked deal: 20% off, then $5 coupon if you spend $50 or more. Cart: $22.54, $15.03, $37.69. About how much do you pay?", "exact_value": 55.21, "model": "tiiuae/Falcon-H1-7B-Instruct", "provider": "transformers", "response": "Finalются примерно путем приближенного расчета стоимости корзины после применения скидки и купонаются примерно путем приближенного расчета стоимости корзины после применения скидки и купонаются примерно путем приближенного расчета стоимости корзины после применения скидки и купонаются примерно путем приближенного расчета стоимости корзины после применения скидки и купонаются примерно путем приближенного расчета стоимости корзины после применения скидки и купонаются примерно путем приближенного расчета стоимости корзины после применения скидки и купонаются примерно путем приближенного расчета стоимости корзины после применения скидки и купонаются примерно путем приближенного расчета стоимости корзины после применения скидки и купонаются примерно путем приближенного расчета стоимости корзины после применения скидки и купонаются примерно путем приближенного расчета стоимости корзины после применения скидки и купонаются примерно путем приближенного расчета стоимости корзины после применения скидки и купонаются примерно путем приближенного расчета стоимости корзины после применения скидки и купонаются примерно путем приближенного расчета стоимости корзины после применения с", "numeric_answer": null, "relative_error": null, "thinking_text": null, "has_tool_call": false, "tool_call": null, "usage": {"prompt_tokens": 219, "completion_tokens": 256, "total_tokens": 475, "token_count_source": "tokenizer"}, "decoding": {"temperature": 0.2, "top_p": null, "top_k": null, "max_tokens": 256, "seed": 42}, "prompt_tokens": 219, "completion_tokens": 256, "total_tokens": 475, "token_count_source": "tokenizer", "diffusion_steps": null, "flops_estimate": null, "flops_arch": null, "flops_model_params": null, "flops_active_params": null, "tokens_non_final": 142, "tokens_reasoning": 0, "tokens_response": 142, "elapsed_seconds": 18.718813180923462, "judgement": "Uncategorized"}
{"id": "discounts_000963", "topic": "discounts", "subtopic": "bogo", "prompt": "BOGO sale (buy one, get one free; free item is the cheaper one in each pair). Items: $23.00, $20.02, $17.46, $6.49, $2.60. About how much do you pay?", "exact_value": 43.06, "model": "tiiuae/Falcon-H1-7B-Instruct", "provider": "transformers", "response": "Finalются примерно путем приближения стоимости каждого пары путем взятия более дорогой позиции после применения акции BOются примерно путем приближения стоимости каждого пары путем взятия болееальной позиции после применения акцииются примерно путем приближения стоимости каждого пары путем взятия болееальной позиции после применения акцииются примерно путем приближения стоимости каждого пары путем взятия болееальной позиции после применения акцииются примерно путем приближения стоимости каждого пары путем взятия болееальной позиции после применения акцииются примерно путем приближения стоимости каждого пары путем взятия болееальной позиции после применения акцииются примерно путем приближения стоимости каждого пары путем взятия болееальной позиции после применения акцииются примерно путем приближения стоимости каждого пары путем взятия болееальной позиции после применения акцииются примерно путем приближения стоимости каждого пары путем взятия болееальной позиции после применения акцииются примерно путем приближения стоимости каждого пары путем взятия болееальной позиции после применения акцииются примерно путем приближения стоимости каждого пары путем взятия болееальной позиции после применения акцииются примерно путем приближения стоимости каждого пары путем взятия болееальной позиции после применения акцииются примерно путем приближения стоимости каждого пары путем взятия болееальной позиции после применения акцииются примерно путем приближения", "numeric_answer": null, "relative_error": null, "thinking_text": null, "has_tool_call": false, "tool_call": null, "usage": {"prompt_tokens": 230, "completion_tokens": 256, "total_tokens": 486, "token_count_source": "tokenizer"}, "decoding": {"temperature": 0.2, "top_p": null, "top_k": null, "max_tokens": 256, "seed": 42}, "prompt_tokens": 230, "completion_tokens": 256, "total_tokens": 486, "token_count_source": "tokenizer", "diffusion_steps": null, "flops_estimate": null, "flops_arch": null, "flops_model_params": null, "flops_active_params": null, "tokens_non_final": 175, "tokens_reasoning": 0, "tokens_response": 175, "elapsed_seconds": 18.75331401824951, "judgement": "Uncategorized"}
{"id": "discounts_000983", "topic": "discounts", "subtopic": "bogo", "prompt": "BOGO sale (buy one, get one free; free item is the cheaper one in each pair). Items: $17.50, $15.22, $8.66. About how much do you pay?", "exact_value": 26.16, "model": "tiiuae/Falcon-H1-7B-Instruct", "provider": "transformers", "response": "Finalются примерно путем приближения стоимости каждого товара и применения условий акции ются примерно путем приближения стоимости каждого товара и применения условий акцииются примерно путем приближения стоимости каждого товара и применения условий акцииются примерно путем приближения стоимости каждого товара и применения условий акцииются примерно путем приближения стоимости каждого товара и применения условий акцииются примерно путем приближения стоимости каждого товара и применения условий акцииются примерно путем приближения стоимости каждого товара и применения условий акцииются примерно путем приближения стоимости каждого товара и применения условий акцииываются примерно путем приближения стоимости каждого товара и применения условий акцииываются примерно путем приближения стоимости каждого товара и применения условий акцииываются примерно путем приближения стоимости каждого товара и применения условий акцииываются примерно путем приближения стоимости каждого товара и применения условий акцииываются примерно путем приближения стоимости каждого товара и применения условий акцииываются примерно путем приближения стоимости каждого товара и применения условий акцииываются примерно путем приближения стоимости каждого товара и применения условий акцииываются примерно путем приближения стоимости каждого товара и применения условий акцииываются примерно путем приближения стоимости каждого товара и применения условий акцииываются примерно путем приближения стоимости каждого товара и применения условий акцииываются примерно", "numeric_answer": null, "relative_error": null, "thinking_text": null, "has_tool_call": false, "tool_call": null, "usage": {"prompt_tokens": 215, "completion_tokens": 256, "total_tokens": 471, "token_count_source": "tokenizer"}, "decoding": {"temperature": 0.2, "top_p": null, "top_k": null, "max_tokens": 256, "seed": 42}, "prompt_tokens": 215, "completion_tokens": 256, "total_tokens": 471, "token_count_source": "tokenizer", "diffusion_steps": null, "flops_estimate": null, "flops_arch": null, "flops_model_params": null, "flops_active_params": null, "tokens_non_final": 183, "tokens_reasoning": 0, "tokens_response": 183, "elapsed_seconds": 18.734182596206665, "judgement": "Uncategorized"}
{"id": "discounts_001003", "topic": "discounts", "subtopic": "bogo", "prompt": "BOGO sale (buy one, get one free; free item is the cheaper one in each pair). Items: $22.78, $21.06, $17.56, $9.49, $3.73, $1.89. About how much do you pay?", "exact_value": 44.07, "model": "tiiuae/Falcon-H1-7B-Instruct", "provider": "transformers", "response": "Finalются примерно путем приближения стоимости каждого пары путем выбывания наиболее дорогой позиции в каждой паре и последующего сложения стоимости примерно половины оставшихся позиций после применения акции BOGOются примерно путем приближения стоимости каждого пары путем выбывания наиболее дорогой позицииются примерно путем приближения стоимости каждого пары путем прибыванияются примерно путем прибыванияются примерно путем прибыванияются примерно путем прибыванияются примерно путем прибыванияются примерно путем прибыванияются примерно путем прибыванияются примерно путем прибыванияются примерно путем прибыванияются примерно путем прибыванияются примерно путем прибыванияются примерно путем прибыванияются примерно путем прибыванияются примерно путем прибыванияются примерно путем прибыванияются примерно путем прибыванияются примерно путем прибыванияются примерно путем прибыванияются примерно путем прибыванияются примерно путем прибыванияются примерно путем прибыванияются примерно путем прибыванияются примерно путем прибыванияются примерно путем прибыванияются примерно путем прибыванияются примерно путем прибыванияются примерно путем прибыванияются примерно путем прибыванияются примерно путем прибыванияются примерно путем прибыванияются примерно путем прибыванияются примерно путем прибыванияются примерно путем прибыванияются примерно путем прибыванияются примерно путем прибыванияются примерно путем прибыванияются примерно путем прибыванияются примерно путем прибыванияются", "numeric_answer": null, "relative_error": null, "thinking_text": null, "has_tool_call": false, "tool_call": null, "usage": {"prompt_tokens": 237, "completion_tokens": 256, "total_tokens": 493, "token_count_source": "tokenizer"}, "decoding": {"temperature": 0.2, "top_p": null, "top_k": null, "max_tokens": 256, "seed": 42}, "prompt_tokens": 237, "completion_tokens": 256, "total_tokens": 493, "token_count_source": "tokenizer", "diffusion_steps": null, "flops_estimate": null, "flops_arch": null, "flops_model_params": null, "flops_active_params": null, "tokens_non_final": 157, "tokens_reasoning": 0, "tokens_response": 157, "elapsed_seconds": 18.751917362213135, "judgement": "Uncategorized"}
{"id": "discounts_001023", "topic": "discounts", "subtopic": "buy_n_get_m", "prompt": "Buy 4 get 1 free on items priced $2.87 each. You take 8 total. About how much do you pay?", "exact_value": 20.09, "model": "tiiuae/Falcon-H1-7B-Instruct", "provider": "transformers", "response": "Finalются примерно на сумму примерно равную стоимости примерно 7 предметов примерно по примерно примерно примерно примерно примерно примерно примерно примерно примерно примерно примерно примерно примерно примерно примерно примерно примерно примерно примерно примерно примерно примерно примерно примерно примерно примерно примерно примерно примерно примерно примерно примерно примерно примерно примерно примерно примерно примерно примерно примерно примерно примерно примерно примерно примерно примерно примерно примерно примерно примерно примерно примерно примерно примерно примерно примерно примерно примерно примерно примерно примерно примерно примерно примерно примерно примерно примерно примерно примерно примерно примерно примерно примерно примерно примерно примерно примерно примерно примерно примерно примерно примерно примерно примерно примерно примерно примерно примерно примерно примерно примерно примерно примерно примерно примерно примерно примерно примерно примерно примерно примерно примерно примерно примерно примерно примерно примерно примерно примерно примерно примерно примерно примерно примерно примерно примерно примерно примерно примерно примерно примерно примерно примерно примерно примерно примерно примерно примерно примерно примерно примерно примерно примерно примерно примерно примерно примерно примерно примерно примерно примерно примерно примерно примерно примерно примерно примерно примерно примерно примерно примерно примерно примерно примерно примерно примерно примерно примерно примерно примерно примерно примерно примерно примерно примерно примерно примерно примерно примерно примерно примерно примерно примерно примерно примерно примерно примерно примерно примерно примерно примерно примерно примерно примерно примерно примерно примерно примерно примерно примерно примерно примерно примерно примерно примерно примерно примерно примерно примерно примерно примерно примерно примерно примерно примерно примерно примерно примерно примерно примерно примерно примерно примерно примерно примерно примерно примерно примерно примерно примерно примерно примерно примерно примерно примерно примерно примерно примерно примерно примерно примерно примерно примерно примерно примерно примерно примерно примерно примерно примерно", "numeric_answer": 7.0, "relative_error": 0.6515679442508711, "thinking_text": null, "has_tool_call": false, "tool_call": null, "usage": {"prompt_tokens": 192, "completion_tokens": 256, "total_tokens": 448, "token_count_source": "tokenizer"}, "decoding": {"temperature": 0.2, "top_p": null, "top_k": null, "max_tokens": 256, "seed": 42}, "prompt_tokens": 192, "completion_tokens": 256, "total_tokens": 448, "token_count_source": "tokenizer", "diffusion_steps": null, "flops_estimate": null, "flops_arch": null, "flops_model_params": null, "flops_active_params": null, "tokens_non_final": 252, "tokens_reasoning": 0, "tokens_response": 252, "elapsed_seconds": 18.607173204421997, "judgement": "Way off"}
{"id": "discounts_001043", "topic": "discounts", "subtopic": "threshold", "prompt": "Threshold coupon applies: $5 off $25+ spend. Cart: $35.97, $4.76, $38.83, $33.01. About how much do you pay?", "exact_value": 107.57, "model": "tiiuae/Falcon-H1-7B-Instruct", "provider": "transformers", "response": "Finalются примерно путем приближения стоимости товаров до ближайших удобных для подсчета значений и применения скидочного купона согласно условиямются примерно путем приближения стоимости товаров до ближайших удобных для подсчета значений и применения скидочного купона согласно условиямются примерно путем приближения стоимости товаров до ближайших удобных для подсчета значений и применения скидочного купона согласно условиямются примерно путем приближения стоимости товаров до ближайших удобных для подсчета значений и применения скидочного купона согласно условиямются примерно путем приближения стоимости товаров до ближайших удобных для подсчета значений и применения скидочного купона согласно условиямются примерно путем приближения стоимости товаров до ближайших удобных для подсчета значений и применения скидочного купона согласно условиямются примерно путем приближения стоимости товаров до ближайших удобных для подсчета значений и применения скидочного купона согласно условиямются примерно путем приближения стоимости товаров до ближайших удобных для подсчета значений и применения скидочного купона согласно условиямются примерно путем приближения стоимости товаров до ближайших удобных для подсчета значений и применения скид", "numeric_answer": null, "relative_error": null, "thinking_text": null, "has_tool_call": false, "tool_call": null, "usage": {"prompt_tokens": 216, "completion_tokens": 256, "total_tokens": 472, "token_count_source": "tokenizer"}, "decoding": {"temperature": 0.2, "top_p": null, "top_k": null, "max_tokens": 256, "seed": 42}, "prompt_tokens": 216, "completion_tokens": 256, "total_tokens": 472, "token_count_source": "tokenizer", "diffusion_steps": null, "flops_estimate": null, "flops_arch": null, "flops_model_params": null, "flops_active_params": null, "tokens_non_final": 151, "tokens_reasoning": 0, "tokens_response": 151, "elapsed_seconds": 18.559641361236572, "judgement": "Uncategorized"}
{"id": "discounts_001063", "topic": "discounts", "subtopic": "stacked", "prompt": "Stacked deal: 10% off, then $5 coupon if you spend $30 or more. Cart: $3.36, $20.19, $25.37. About how much do you pay?", "exact_value": 39.03, "model": "tiiuae/Falcon-H1-7B-Instruct", "provider": "transformers", "response": "Finalются примерно путем приближения стоимости товаров до ближайших удобных чисел и применения условий акции примерно такальноально примерно примерно примерно примерно примерно примерно примерно примерно примерно примерно примерно примерно примерно примерно примерно примерно примерно примерно примерно примерно примерно примерно примерно примерно примерно примерно примерно примерно примерно примерно примерно примерно примерно примерно примерно примерно примерно примерно примерно примерно примерно примерно примерно примерно примерно примерно примерно примерно примерно примерно примерно примерно примерно примерно примерно примерно примерно примерно примерно примерно примерно примерно примерно примерно примерно примерно примерно примерно примерно примерно примерно примерно примерно примерно примерно примерно примерно примерно примерно примерно примерно примерно примерно примерно примерно примерно примерно примерно примерно примерно примерно примерно примерно примерно примерно примерно примерно примерно примерно примерно примерно примерно примерно примерно примерно примерно примерно примерно примерно примерно примерно примерно примерно примерно примерно примерно примерно примерно примерно примерно примерно примерно примерно примерно примерно примерно примерно примерно примерно примерно примерно примерно примерно примерно примерно примерно примерно примерно примерно примерно примерно примерно примерно примерно примерно примерно примерно примерно примерно примерно примерно примерно примерно примерно примерно примерно примерно примерно примерно примерно примерно примерно примерно примерно примерно примерно примерно примерно примерно примерно примерно примерно примерно примерно примерно примерно примерно примерно примерно примерно примерно примерно примерно примерно примерно примерно примерно примерно примерно примерно примерно примерно примерно примерно примерно примерно примерно примерно примерно примерно примерно примерно примерно примерно примерно примерно примерно примерно примерно примерно примерно примерно примерно примерно примерно примерно примерно примерно примерно примерно примерно примерно примерно примерно примерно примерно примерно примерно примерно примерно примерно примерно", "numeric_answer": null, "relative_error": null, "thinking_text": null, "has_tool_call": false, "tool_call": null, "usage": {"prompt_tokens": 218, "completion_tokens": 256, "total_tokens": 474, "token_count_source": "tokenizer"}, "decoding": {"temperature": 0.2, "top_p": null, "top_k": null, "max_tokens": 256, "seed": 42}, "prompt_tokens": 218, "completion_tokens": 256, "total_tokens": 474, "token_count_source": "tokenizer", "diffusion_steps": null, "flops_estimate": null, "flops_arch": null, "flops_model_params": null, "flops_active_params": null, "tokens_non_final": 248, "tokens_reasoning": 0, "tokens_response": 248, "elapsed_seconds": 18.699549913406372, "judgement": "Uncategorized"}
{"id": "discounts_001083", "topic": "discounts", "subtopic": "stacked", "prompt": "Stacked deal: 10% off, then $10 coupon if you spend $40 or more. Cart: $21.15, $25.92, $23.98. About how much do you pay?", "exact_value": 53.95, "model": "tiiuae/Falcon-H1-7B-Instruct", "provider": "transformers", "response": "Finalются примерно путем приближенного подсчета стоимости корзины и применения скидок согласно условиям предложенияются примерно путем приближенного подсчета стоимости корзины и применения скидок согласно условиям предложенияются примерно путем приближенного подсчета стоимости корзины и применения скидок согласно условиям предложенияются примерно путем приближенного подсчета стоимости корзины и применения скидок согласно условиям предложенияются примерно путем приближенного подсчета стоимости корзины и применения скидок согласно условиям предложенияются примерно путем приближенного подсчета стоимости корзины и применения скидок согласно условиям предложенияются примерно путем приближенного подсчета стоимости корзины и применения скидок согласно условиям предложенияются примерно путем приближенного подсчета стоимости корзины и применения скидок согласно условиям предложенияются примерно путем приближенного подсчета стоимости корзины и применения скидок согласно условиям предложенияются примерно путем приближенного подсчета стоимости корзины и применения скидок согласно условиям предложенияются примерно путем приближенного подсчета стоимости корзины и применения скидок согласно условиям предложенияются примерно путем приближенного подсчета стоимости корзины", "numeric_answer": null, "relative_error": null, "thinking_text": null, "has_tool_call": false, "tool_call": null, "usage": {"prompt_tokens": 220, "completion_tokens": 256, "total_tokens": 476, "token_count_source": "tokenizer"}, "decoding": {"temperature": 0.2, "top_p": null, "top_k": null, "max_tokens": 256, "seed": 42}, "prompt_tokens": 220, "completion_tokens": 256, "total_tokens": 476, "token_count_source": "tokenizer", "diffusion_steps": null, "flops_estimate": null, "flops_arch": null, "flops_model_params": null, "flops_active_params": null, "tokens_non_final": 139, "tokens_reasoning": 0, "tokens_response": 139, "elapsed_seconds": 18.781415462493896, "judgement": "Uncategorized"}
{"id": "discounts_001103", "topic": "discounts", "subtopic": "threshold", "prompt": "Threshold coupon applies: $10 off $40+ spend. Cart: $20.06, $17.49. About how much do you pay?", "exact_value": 37.55, "model": "tiiuae/Falcon-H1-7B-Instruct", "provider": "transformers", "response": "Finalются примерно примерно примерно примерно примерно примерно примерно примерно примерно примерно примерно примерно примерно примерно примерно примерно примерно примерно примерно примерно примерно примерно примерно примерно примерно примерно примерно примерно примерно примерно примерно примерно примерно примерно примерно примерно примерно примерно примерно примерно примерно примерно примерно примерно примерно примерно примерно примерно примерно примерно примерно примерно примерно примерно примерно примерно примерно примерно примерно примерно примерно примерно примерно примерно примерно примерно примерно примерно примерно примерно примерно примерно примерно примерно примерно примерно примерно примерно примерно примерно примерно примерно примерно примерно примерно примерно примерно примерно примерно примерно примерно примерно примерно примерно примерно примерно примерно примерно примерно примерно примерно примерно примерно примерно примерно примерно примерно примерно примерно примерно примерно примерно примерно примерно примерно примерно примерно примерно примерно примерно примерно примерно примерно примерно примерно примерно примерно примерно примерно примерно примерно примерно примерно примерно примерно примерно примерно примерно примерно примерно примерно примерно примерно примерно примерно примерно примерно примерно примерно примерно примерно примерно примерно примерно примерно примерно примерно примерно примерно примерно примерно примерно примерно примерно примерно примерно примерно примерно примерно примерно примерно примерно примерно примерно примерно примерно примерно примерно примерно примерно примерно примерно примерно примерно примерно примерно примерно примерно примерно примерно примерно примерно примерно примерно примерно примерно примерно примерно примерно примерно примерно примерно примерно примерно примерно примерно примерно примерно примерно примерно примерно примерно примерно примерно примерно примерно примерно примерно примерно примерно примерно примерно примерно примерно примерно примерно примерно примерно примерно примерно примерно примерно примерно примерно примерно примерно примерно примерно примерно примерно примерно примерно примерно примерно примерно примерно примерно примерно примерно примерно примерно примерно примерно примерно", "numeric_answer": null, "relative_error": null, "thinking_text": null, "has_tool_call": false, "tool_call": null, "usage": {"prompt_tokens": 202, "completion_tokens": 256, "total_tokens": 458, "token_count_source": "tokenizer"}, "decoding": {"temperature": 0.2, "top_p": null, "top_k": null, "max_tokens": 256, "seed": 42}, "prompt_tokens": 202, "completion_tokens": 256, "total_tokens": 458, "token_count_source": "tokenizer", "diffusion_steps": null, "flops_estimate": null, "flops_arch": null, "flops_model_params": null, "flops_active_params": null, "tokens_non_final": 255, "tokens_reasoning": 0, "tokens_response": 255, "elapsed_seconds": 18.584882020950317, "judgement": "Uncategorized"}
{"id": "discounts_001123", "topic": "discounts", "subtopic": "threshold", "prompt": "Threshold coupon applies: $15 off $50+ spend. Cart: $18.18, $39.52, $22.33. About how much do you pay?", "exact_value": 65.03, "model": "tiiuae/Falcon-H1-7B-Instruct", "provider": "transformers", "response": "Finalются примерно путем приближения стоимости корзины и применения купона тамютсяется примерно путем приближения стоимости корзины и применения купона тамютсяется примерно путем приближения стоимости корзины и применения купона тамютсяется примерно путем приближения стоимости корзины и применения купона тамываютсяются примерно путем приближения стоимости корзины и применения купона тамываютсяются примерно путем приближения стоимости корзины и применения купона тамываютсяются примерно путем приближения стоимости корзины и применения купона тамываютсяются примерно путем приближения стоимости корзины и применения купона тамываютсяются примерно путем приближения стоимости корзины и применения купона тамываютсяются примерно путем приближения стоимости корзины и применения купона тамываютсяются примерно путем приближения стоимости корзины и применения купона тамываютсяются примерно путем приближения стоимости корзины и применения купона тамываютсяются примерно путем приближения стоимости корзины и применения купонаются примерно путем приближения стоимости корзины и применения купонаются примерно путем приближения стоимости корзины и применения купонаются примерно путем приближения стоимости корзины и применения купонаются примерно путем приближения стоимости", "numeric_answer": null, "relative_error": null, "thinking_text": null, "has_tool_call": false, "tool_call": null, "usage": {"prompt_tokens": 210, "completion_tokens": 256, "total_tokens": 466, "token_count_source": "tokenizer"}, "decoding": {"temperature": 0.2, "top_p": null, "top_k": null, "max_tokens": 256, "seed": 42}, "prompt_tokens": 210, "completion_tokens": 256, "total_tokens": 466, "token_count_source": "tokenizer", "diffusion_steps": null, "flops_estimate": null, "flops_arch": null, "flops_model_params": null, "flops_active_params": null, "tokens_non_final": 145, "tokens_reasoning": 0, "tokens_response": 145, "elapsed_seconds": 18.689141511917114, "judgement": "Uncategorized"}
{"id": "discounts_001143", "topic": "discounts", "subtopic": "threshold", "prompt": "Threshold coupon applies: $5 off $25+ spend. Cart: $6.88, $33.06. About how much do you pay?", "exact_value": 34.94, "model": "tiiuae/Falcon-H1-7B-Instruct", "provider": "transformers", "response": "Finalются примерно путем приближения стоимости корзины до ближайших круглых чисел и применения купона тамются применимоютсяываютсяютсяютсяываютсяютсяываютсяютсяываютсяываютсяываютсяываютсяываютсяываютсяываютсяываютсяываютсяываютсяютсяываютсяываютсяываютсяываютсяываютсяываютсяываютсяываютсяываютсяываютсяываютсяываютсяываютсяываютсяываютсяываютсяываютсяываютсяываютсяываютсяываютсяываютсяываютсяываютсяываютсяываютсяываютсяываютсяываютсяываютсяываютсяываютсяываютсяываютсяываютсяываютсяываютсяываютсяываютсяываютсяываютсяываютсяываютсяываютсяываютсяываютсяываютсяываютсяываютсяываютсяываютсяываютсяываютсяываютсяываютсяываютсяываютсяываютсяываютсяываютсяываютсяываютсяываютсяываютсяываютсяываютсяываютсяываютсяываютсяываютсяываютсяываютсяываютсяываютсяываютсяываютсяываютсяываютсяываютсяываютсяываютсяываютсяываютсяываютсяываютсяываютсяываютсяываютсяываютсяываютсяываютсяываютсяываютсяываютсяываютсяываютсяываютсяываютсяываютсяываютсяываютсяываютсяываютсяываютсяываютсяываютсяываютсяываютсяываютсяываютсяываютсяываютсяываютсяываютсяываютсяываютсяываютсяываютсяываютсяываютсяываютсяываютсяываютсяываютсяываютсяываютсяываютсяываютсяываютсяываютсяываютсяываютсяываютсяываютсяываютсяываютсяываютсяываютсяываютсяываютсяываютсяываютсяываютсяываютсяываютсяываютсяываютсяываютсяываютсяываютсяываютсяываютсяываютсяываютсяываютсяываютсяываютсяываютсяываютсяываютсяываютсяываютсяываютсяываютсяываютсяываютсяываютсяываютсяываютсяываютсяываютсяываютсяываютсяываютсяываютсяываютсяываютсяываютсяываютсяываютсяываютсяываютсяываютсяываютсяываютсяываютсяываютсяываютсяываютсяываютсяываютсяываютсяываютсяываютсяываютсяываютсяываютсяываютсяываютсяываютсяываютсяываютсяываютсяываютсяываютсяываютсяываютсяываютсяываются", "numeric_answer": null, "relative_error": null, "thinking_text": null, "has_tool_call": false, "tool_call": null, "usage": {"prompt_tokens": 200, "completion_tokens": 256, "total_tokens": 456, "token_count_source": "tokenizer"}, "decoding": {"temperature": 0.2, "top_p": null, "top_k": null, "max_tokens": 256, "seed": 42}, "prompt_tokens": 200, "completion_tokens": 256, "total_tokens": 456, "token_count_source": "tokenizer", "diffusion_steps": null, "flops_estimate": null, "flops_arch": null, "flops_model_params": null, "flops_active_params": null, "tokens_non_final": 15, "tokens_reasoning": 0, "tokens_response": 15, "elapsed_seconds": 18.742663383483887, "judgement": "Uncategorized"}
{"id": "discounts_001163", "topic": "discounts", "subtopic": "buy_n_get_m", "prompt": "Buy 5 get 3 free on items priced $1.79 each. You take 12 total. About how much do you pay?", "exact_value": 16.11, "model": "tiiuae/Falcon-H1-7B-Instruct", "provider": "transformers", "response": "Finalются примерно на сумму примерно равную стоимости примерно 5 купируемых продуктовываются примерно примерно примерно примерно примерно примерно примерно примерно примерно примерно примерно примерно примерно примерно примерно примерно примерно примерно примерно примерно примерно примерно примерно примерно примерно примерно примерно примерно примерно примерно примерно примерно примерно примерно примерно примерно примерно примерно примерно примерно примерно примерно примерно примерно примерно примерно примерно примерно примерно примерно примерно примерно примерно примерно примерно примерно примерно примерно примерно примерно примерно примерно примерно примерно примерно примерно примерно примерно примерно примерно примерно примерно примерно примерно примерно примерно примерно примерно примерно примерно примерно примерно примерно примерно примерно примерно примерно примерно примерно примерно примерно примерно примерно примерно примерно примерно примерно примерно примерно примерно примерно примерно примерно примерно примерно примерно примерно примерно примерно примерно примерно примерно примерно примерно примерно примерно примерно примерно примерно примерно примерно примерно примерно примерно примерно примерно примерно примерно примерно примерно примерно примерно примерно примерно примерно примерно примерно примерно примерно примерно примерно примерно примерно примерно примерно примерно примерно примерно примерно примерно примерно примерно примерно примерно примерно примерно примерно примерно примерно примерно примерно примерно примерно примерно примерно примерно примерно примерно примерно примерно примерно примерно примерно примерно примерно примерно примерно примерно примерно примерно примерно примерно примерно примерно примерно примерно примерно примерно примерно примерно примерно примерно примерно примерно примерно примерно примерно примерно примерно примерно примерно примерно примерно примерно примерно примерно примерно примерно примерно примерно примерно примерно примерно примерно примерно примерно примерно примерно примерно примерно примерно примерно примерно примерно примерно примерно примерно примерно примерно примерно примерно примерно примерно примерно примерно примерно примерно примерно примерно", "numeric_answer": 5.0, "relative_error": 0.6896337678460583, "thinking_text": null, "has_tool_call": false, "tool_call": null, "usage": {"prompt_tokens": 193, "completion_tokens": 256, "total_tokens": 449, "token_count_source": "tokenizer"}, "decoding": {"temperature": 0.2, "top_p": null, "top_k": null, "max_tokens": 256, "seed": 42}, "prompt_tokens": 193, "completion_tokens": 256, "total_tokens": 449, "token_count_source": "tokenizer", "diffusion_steps": null, "flops_estimate": null, "flops_arch": null, "flops_model_params": null, "flops_active_params": null, "tokens_non_final": 250, "tokens_reasoning": 0, "tokens_response": 250, "elapsed_seconds": 18.744236946105957, "judgement": "Way off"}
{"id": "discounts_001183", "topic": "discounts", "subtopic": "threshold", "prompt": "Threshold coupon applies: $10 off $40+ spend. Cart: $17.79, $9.82, $10.21. About how much do you pay?", "exact_value": 37.82, "model": "tiiuae/Falcon-H1-7B-Instruct", "provider": "transformers", "response": "Finalются примерно примерно примерно примерно примерно примерно примерно примерно примерно примерно примерно примерно примерно примерно примерно примерно примерно примерно примерно примерно примерно примерно примерно примерно примерно примерно примерно примерно примерно примерно примерно примерно примерно примерно примерно примерно примерно примерно примерно примерно примерно примерно примерно примерно примерно примерно примерно примерно примерно примерно примерно примерно примерно примерно примерно примерно примерно примерно примерно примерно примерно примерно примерно примерно примерно примерно примерно примерно примерно примерно примерно примерно примерно примерно примерно примерно примерно примерно примерно примерно примерно примерно примерно примерно примерно примерно примерно примерно примерно примерно примерно примерно примерно примерно примерно примерно примерно примерно примерно примерно примерно примерно примерно примерно примерно примерно примерно примерно примерно примерно примерно примерно примерно примерно примерно примерно примерно примерно примерно примерно примерно примерно примерно примерно примерно примерно примерно примерно примерно примерно примерно примерно примерно примерно примерно примерно примерно примерно примерно примерно примерно примерно примерно примерно примерно примерно примерно примерно примерно примерно примерно примерно примерно примерно примерно примерно примерно примерно примерно примерно примерно примерно примерно примерно примерно примерно примерно примерно примерно примерно примерно примерно примерно примерно примерно примерно примерно примерно примерно примерно примерно примерно примерно примерно примерно примерно примерно примерно примерно примерно примерно примерно примерно примерно примерно примерно примерно примерно примерно примерно примерно примерно примерно примерно примерно примерно примерно примерно примерно примерно примерно примерно примерно примерно примерно примерно примерно примерно примерно примерно примерно примерно примерно примерно примерно примерно примерно примерно примерно примерно примерно примерно примерно примерно примерно примерно примерно примерно примерно примерно примерно примерно примерно примерно примерно примерно примерно примерно примерно примерно примерно примерно примерно примерно", "numeric_answer": null, "relative_error": null, "thinking_text": null, "has_tool_call": false, "tool_call": null, "usage": {"prompt_tokens": 209, "completion_tokens": 256, "total_tokens": 465, "token_count_source": "tokenizer"}, "decoding": {"temperature": 0.2, "top_p": null, "top_k": null, "max_tokens": 256, "seed": 42}, "prompt_tokens": 209, "completion_tokens": 256, "total_tokens": 465, "token_count_source": "tokenizer", "diffusion_steps": null, "flops_estimate": null, "flops_arch": null, "flops_model_params": null, "flops_active_params": null, "tokens_non_final": 255, "tokens_reasoning": 0, "tokens_response": 255, "elapsed_seconds": 18.726893424987793, "judgement": "Uncategorized"}
{"id": "discounts_001203", "topic": "discounts", "subtopic": "threshold", "prompt": "Threshold coupon applies: $10 off $25+ spend. Cart: $21.83, $6.78, $19.19, $4.90. About how much do you pay?", "exact_value": 42.7, "model": "tiiuae/Falcon-H1-7B-Instruct", "provider": "transformers", "response": "Finalются примерно путем приближения стоимости корзины и применения купонаются примерно путем приближения стоимости корзины и применения купонаются примерно путем приближения стоимости корзины и применения купонаются примерно путем приближения стоимости корзины и применения купонаются примерно путем приближения стоимости корзины и применения купонаются примерно путем приближения стоимости корзины и применения купонаываются примерно путем приближения стоимости корзины и применения купонаываются примерно путем приближения стоимости корзины и применения купонаываются примерно путем приближения стоимости корзины и применения купонаываются примерно путем приближения стоимости корзины и применения купонаываются примерно путем приближения стоимости корзины и применения купонаываются примерно путем приближения стоимости корзины и применения купонаываются примерно путем приближения стоимости корзины и применения купонаываются примерно путем приближения стоимости корзины и применения купонаываются примерно путем приближения стоимости корзины и применения купонаываются примерно путем приближения стоимости корзины и применения купонаываются примерно путем приближения стоимости корзины и применения купонаываются примерно путем приближения стоимости корзины и применения купонаываются примерно путем", "numeric_answer": null, "relative_error": null, "thinking_text": null, "has_tool_call": false, "tool_call": null, "usage": {"prompt_tokens": 216, "completion_tokens": 256, "total_tokens": 472, "token_count_source": "tokenizer"}, "decoding": {"temperature": 0.2, "top_p": null, "top_k": null, "max_tokens": 256, "seed": 42}, "prompt_tokens": 216, "completion_tokens": 256, "total_tokens": 472, "token_count_source": "tokenizer", "diffusion_steps": null, "flops_estimate": null, "flops_arch": null, "flops_model_params": null, "flops_active_params": null, "tokens_non_final": 147, "tokens_reasoning": 0, "tokens_response": 147, "elapsed_seconds": 18.660510540008545, "judgement": "Uncategorized"}
{"id": "discounts_001223", "topic": "discounts", "subtopic": "bogo", "prompt": "BOGO sale (buy one, get one free; free item is the cheaper one in each pair). Items: $9.89, $5.43, $1.64. About how much do you pay?", "exact_value": 11.53, "model": "tiiuae/Falcon-H1-7B-Instruct", "provider": "transformers", "response": "Finalются примерно на сумму примерно равную стоимости примерно примерно примерно примерно примерно примерно примерно примерно примерно примерно примерно примерно примерно примерно примерно примерно примерно примерно примерно примерно примерно примерно примерно примерно примерно примерно примерно примерно примерно примерно примерно примерно примерно примерно примерно примерно примерно примерно примерно примерно примерно примерно примерно примерно примерно примерно примерно примерно примерно примерно примерно примерно примерно примерно примерно примерно примерно примерно примерно примерно примерно примерно примерно примерно примерно примерно примерно примерно примерно примерно примерно примерно примерно примерно примерно примерно примерно примерно примерно примерно примерно примерно примерно примерно примерно примерно примерно примерно примерно примерно примерно примерно примерно примерно примерно примерно примерно примерно примерно примерно примерно примерно примерно примерно примерно примерно примерно примерно примерно примерно примерно примерно примерно примерно примерно примерно примерно примерно примерно примерно примерно примерно примерно примерно примерно примерно примерно примерно примерно примерно примерно примерно примерно примерно примерно примерно примерно примерно примерно примерно примерно примерно примерно примерно примерно примерно примерно примерно примерно примерно примерно примерно примерно примерно примерно примерно примерно примерно примерно примерно примерно примерно примерно примерно примерно примерно примерно примерно примерно примерно примерно примерно примерно примерно примерно примерно примерно примерно примерно примерно примерно примерно примерно примерно примерно примерно примерно примерно примерно примерно примерно примерно примерно примерно примерно примерно примерно примерно примерно примерно примерно примерно примерно примерно примерно примерно примерно примерно примерно примерно примерно примерно примерно примерно примерно примерно примерно примерно примерно примерно примерно примерно примерно примерно примерно примерно примерно примерно примерно примерно примерно примерно примерно примерно примерно примерно примерно примерно примерно примерно примерно примерно примерно примерно примерно примерно примерно", "numeric_answer": null, "relative_error": null, "thinking_text": null, "has_tool_call": false, "tool_call": null, "usage": {"prompt_tokens": 213, "completion_tokens": 256, "total_tokens": 469, "token_count_source": "tokenizer"}, "decoding": {"temperature": 0.2, "top_p": null, "top_k": null, "max_tokens": 256, "seed": 42}, "prompt_tokens": 213, "completion_tokens": 256, "total_tokens": 469, "token_count_source": "tokenizer", "diffusion_steps": null, "flops_estimate": null, "flops_arch": null, "flops_model_params": null, "flops_active_params": null, "tokens_non_final": 254, "tokens_reasoning": 0, "tokens_response": 254, "elapsed_seconds": 18.52329969406128, "judgement": "Uncategorized"}
{"id": "discounts_001243", "topic": "discounts", "subtopic": "bogo", "prompt": "BOGO sale (buy one, get one free; free item is the cheaper one in each pair). Items: $13.65, $11.87. About how much do you pay?", "exact_value": 13.65, "model": "tiiuae/Falcon-H1-7B-Instruct", "provider": "transformers", "response": "Finalются примерно на сумму примерно равную стоимости более дорогого товара после округления до ближайшего числа примерно равного стоимости более дешевого товараываются примерно примерно примерно примерно примерно примерно примерно примерно примерно примерно примерно примерно примерно примерно примерно примерно примерно примерно примерно примерно примерно примерно примерно примерно примерно примерно примерно примерно примерно примерно примерно примерно примерно примерно примерно примерно примерно примерно примерно примерно примерно примерно примерно примерно примерно примерно примерно примерно примерно примерно примерно примерно примерно примерно примерно примерно примерно примерно примерно примерно примерно примерно примерно примерно примерно примерно примерно примерно примерно примерно примерно примерно примерно примерно примерно примерно примерно примерно примерно примерно примерно примерно примерно примерно примерно примерно примерно примерно примерно примерно примерно примерно примерно примерно примерно примерно примерно примерно примерно примерно примерно примерно примерно примерно примерно примерно примерно примерно примерно примерно примерно примерно примерно примерно примерно примерно примерно примерно примерно примерно примерно примерно примерно примерно примерно примерно примерно примерно примерно примерно примерно примерно примерно примерно примерно примерно примерно примерно примерно примерно примерно примерно примерно примерно примерно примерно примерно примерно примерно примерно примерно примерно примерно примерно примерно примерно примерно примерно примерно примерно примерно примерно примерно примерно примерно примерно примерно примерно примерно примерно примерно примерно примерно примерно примерно примерно примерно примерно примерно примерно примерно примерно примерно примерно примерно примерно примерно примерно примерно примерно примерно примерно примерно примерно примерно примерно примерно примерно примерно примерно примерно примерно примерно примерно примерно примерно примерно примерно примерно примерно примерно примерно примерно примерно примерно примерно примерно примерно примерно примерно примерно примерно примерно примерно примерно", "numeric_answer": null, "relative_error": null, "thinking_text": null, "has_tool_call": false, "tool_call": null, "usage": {"prompt_tokens": 208, "completion_tokens": 256, "total_tokens": 464, "token_count_source": "tokenizer"}, "decoding": {"temperature": 0.2, "top_p": null, "top_k": null, "max_tokens": 256, "seed": 42}, "prompt_tokens": 208, "completion_tokens": 256, "total_tokens": 464, "token_count_source": "tokenizer", "diffusion_steps": null, "flops_estimate": null, "flops_arch": null, "flops_model_params": null, "flops_active_params": null, "tokens_non_final": 246, "tokens_reasoning": 0, "tokens_response": 246, "elapsed_seconds": 18.47220230102539, "judgement": "Uncategorized"}
{"id": "discounts_001263", "topic": "discounts", "subtopic": "stacked", "prompt": "Stacked deal: 20% off, then $10 coupon if you spend $30 or more. Cart: $7.97, $14.01, $20.15, $6.20. About how much do you pay?", "exact_value": 28.66, "model": "tiiuae/Falcon-H1-7B-Instruct", "provider": "transformers", "response": "Finalются примерно путем приближенной арификации условий акции к содержимому корзины и последующего расчета стоимости после применения скидки и купонаются примерно путем приближенной арификации условий акции к содержимому корзины и последующего расчета стоимости после применения скидки и купонаются примерно путем приближенной арификации условий акции к содержимому корзины и последующего расчета стоимости после применения скидки и купонаются примерно путем приближенной арификации условий акции к содержимому корзины и последующего расчета стоимости после применения скидки и купонаются примерно путем приближенной арификации условий акции к содержимому корзины и последующего расчета стоимости после применения скидки и купонаются примерно путем приближенной арификации условий акции к содержимому корзины и последующего расчета стоимости после применения скидки и купонаываются примерно путем приближенной арификации условий акции к содержимому корзины и последующего расчета стоимости после применения скидки и купонаываются примерно путем приближенной арификации условий акции к содержимому корзины и последующего расчета стоимости после применения скидки и куп", "numeric_answer": null, "relative_error": null, "thinking_text": null, "has_tool_call": false, "tool_call": null, "usage": {"prompt_tokens": 226, "completion_tokens": 256, "total_tokens": 482, "token_count_source": "tokenizer"}, "decoding": {"temperature": 0.2, "top_p": null, "top_k": null, "max_tokens": 256, "seed": 42}, "prompt_tokens": 226, "completion_tokens": 256, "total_tokens": 482, "token_count_source": "tokenizer", "diffusion_steps": null, "flops_estimate": null, "flops_arch": null, "flops_model_params": null, "flops_active_params": null, "tokens_non_final": 145, "tokens_reasoning": 0, "tokens_response": 145, "elapsed_seconds": 18.36932873725891, "judgement": "Uncategorized"}
{"id": "discounts_001283", "topic": "discounts", "subtopic": "bogo", "prompt": "BOGO sale (buy one, get one free; free item is the cheaper one in each pair). Items: $23.99, $18.08, $15.49, $11.69, $2.98, $1.77. About how much do you pay?", "exact_value": 42.46, "model": "tiiuae/Falcon-H1-7B-Instruct", "provider": "transformers", "response": "Finalются примерно путем приближения стоимости каждого пары путем взятия меньшей стоимости и суммирования их примерно до ближайшего кратного числа примерно примерно примерно примерно примерно примерно примерно примерно примерно примерно примерно примерно примерно примерно примерно примерно примерно примерно примерно примерно примерно примерно примерно примерно примерно примерно примерно примерно примерно примерно примерно примерно примерно примерно примерно примерно примерно примерно примерно примерно примерно примерно примерно примерно примерно примерно примерно примерно примерно примерно примерно примерно примерно примерно примерно примерно примерно примерно примерно примерно примерно примерно примерно примерно примерно примерно примерно примерно примерно примерно примерно примерно примерно примерно примерно примерно примерно примерно примерно примерно примерно примерно примерно примерно примерно примерно примерно примерно примерно примерно примерно примерно примерно примерно примерно примерно примерно примерно примерно примерно примерно примерно примерно примерно примерно примерно примерно примерно примерно примерно примерно примерно примерно примерно примерно примерно примерно примерно примерно примерно примерно примерно примерно примерно примерно примерно примерно примерно примерно примерно примерно примерно примерно примерно примерно примерно примерно примерно примерно примерно примерно примерно примерно примерно примерно примерно примерно примерно примерно примерно примерно примерно примерно примерно примерно примерно примерно примерно примерно примерно примерно примерно примерно примерно примерно примерно примерно примерно примерно примерно примерно примерно примерно примерно примерно примерно примерно примерно примерно примерно примерно примерно примерно примерно примерно примерно примерно примерно примерно примерно примерно примерно примерно примерно примерно примерно примерно примерно примерно примерно примерно примерно примерно примерно примерно примерно примерно примерно примерно примерно примерно примерно примерно примерно примерно примерно примерно примерно примерно примерно примерно примерно примерно примерно примерно примерно примерно", "numeric_answer": null, "relative_error": null, "thinking_text": null, "has_tool_call": false, "tool_call": null, "usage": {"prompt_tokens": 238, "completion_tokens": 256, "total_tokens": 494, "token_count_source": "tokenizer"}, "decoding": {"temperature": 0.2, "top_p": null, "top_k": null, "max_tokens": 256, "seed": 42}, "prompt_tokens": 238, "completion_tokens": 256, "total_tokens": 494, "token_count_source": "tokenizer", "diffusion_steps": null, "flops_estimate": null, "flops_arch": null, "flops_model_params": null, "flops_active_params": null, "tokens_non_final": 246, "tokens_reasoning": 0, "tokens_response": 246, "elapsed_seconds": 18.33532953262329, "judgement": "Uncategorized"}
{"id": "discounts_001303", "topic": "discounts", "subtopic": "buy_n_get_m", "prompt": "Buy 3 get 1 free on items priced $5.20 each. You take 7 total. About how much do you pay?", "exact_value": 31.2, "model": "tiiuae/Falcon-H1-7B-Instruct", "provider": "transformers", "response": "Finalются примерно на примерно на примерно примерно примерно примерно примерно примерно примерно примерно примерно примерно примерно примерно примерно примерно примерно примерно примерно примерно примерно примерно примерно примерно примерно примерно примерно примерно примерно примерно примерно примерно примерно примерно примерно примерно примерно примерно примерно примерно примерно примерно примерно примерно примерно примерно примерно примерно примерно примерно примерно примерно примерно примерно примерно примерно примерно примерно примерно примерно примерно примерно примерно примерно примерно примерно примерно примерно примерно примерно примерно примерно примерно примерно примерно примерно примерно примерно примерно примерно примерно примерно примерно примерно примерно примерно примерно примерно примерно примерно примерно примерно примерно примерно примерно примерно примерно примерно примерно примерно примерно примерно примерно примерно примерно примерно примерно примерно примерно примерно примерно примерно примерно примерно примерно примерно примерно примерно примерно примерно примерно примерно примерно примерно примерно примерно примерно примерно примерно примерно примерно примерно примерно примерно примерно примерно примерно примерно примерно примерно примерно примерно примерно примерно примерно примерно примерно примерно примерно примерно примерно примерно примерно примерно примерно примерно примерно примерно примерно примерно примерно примерно примерно примерно примерно примерно примерно примерно примерно примерно примерно примерно примерно примерно примерно примерно примерно примерно примерно примерно примерно примерно примерно примерно примерно примерно примерно примерно примерно примерно примерно примерно примерно примерно примерно примерно примерно примерно примерно примерно примерно примерно примерно примерно примерно примерно примерно примерно примерно примерно примерно примерно примерно примерно примерно примерно примерно примерно примерно примерно примерно примерно примерно примерно примерно примерно примерно примерно примерно примерно примерно примерно примерно примерно примерно примерно примерно примерно примерно примерно примерно примерно примерно примерно примерно примерно примерно примерно примерно примерно примерно примерно", "numeric_answer": null, "relative_error": null, "thinking_text": null, "has_tool_call": false, "tool_call": null, "usage": {"prompt_tokens": 192, "completion_tokens": 256, "total_tokens": 448, "token_count_source": "tokenizer"}, "decoding": {"temperature": 0.2, "top_p": null, "top_k": null, "max_tokens": 256, "seed": 42}, "prompt_tokens": 192, "completion_tokens": 256, "total_tokens": 448, "token_count_source": "tokenizer", "diffusion_steps": null, "flops_estimate": null, "flops_arch": null, "flops_model_params": null, "flops_active_params": null, "tokens_non_final": 255, "tokens_reasoning": 0, "tokens_response": 255, "elapsed_seconds": 18.348735332489014, "judgement": "Uncategorized"}
{"id": "discounts_001323", "topic": "discounts", "subtopic": "buy_n_get_m", "prompt": "Buy 5 get 2 free on items priced $6.90 each. You take 7 total. About how much do you pay?", "exact_value": 34.5, "model": "tiiuae/Falcon-H1-7B-Instruct", "provider": "transformers", "response": "Finalются примерно на сумму примерно равную цене примерно 5urança за примерно примерно примерно примерно примерно примерно примерно примерно примерно примерно примерно примерно примерно примерно примерно примерно примерно примерно примерно примерно примерно примерно примерно примерно примерно примерно примерно примерно примерно примерно примерно примерно примерно примерно примерно примерно примерно примерно примерно примерно примерно примерно примерно примерно примерно примерно примерно примерно примерно примерно примерно примерно примерно примерно примерно примерно примерно примерно примерно примерно примерно примерно примерно примерно примерно примерно примерно примерно примерно примерно примерно примерно примерно примерно примерно примерно примерно примерно примерно примерно примерно примерно примерно примерно примерно примерно примерно примерно примерно примерно примерно примерно примерно примерно примерно примерно примерно примерно примерно примерно примерно примерно примерно примерно примерно примерно примерно примерно примерно примерно примерно примерно примерно примерно примерно примерно примерно примерно примерно примерно примерно примерно примерно примерно примерно примерно примерно примерно примерно примерно примерно примерно примерно примерно примерно примерно примерно примерно примерно примерно примерно примерно примерно примерно примерно примерно примерно примерно примерно примерно примерно примерно примерно примерно примерно примерно примерно примерно примерно примерно примерно примерно примерно примерно примерно примерно примерно примерно примерно примерно примерно примерно примерно примерно примерно примерно примерно примерно примерно примерно примерно примерно примерно примерно примерно примерно примерно примерно примерно примерно примерно примерно примерно примерно примерно примерно примерно примерно примерно примерно примерно примерно примерно примерно примерно примерно примерно примерно примерно примерно примерно примерно примерно примерно примерно примерно примерно примерно примерно примерно примерно примерно примерно примерно примерно примерно примерно примерно примерно примерно примерно примерно примерно примерно примерно примерно примерно примерно примерно примерно примерно примерно", "numeric_answer": 5.0, "relative_error": 0.855072463768116, "thinking_text": null, "has_tool_call": false, "tool_call": null, "usage": {"prompt_tokens": 192, "completion_tokens": 256, "total_tokens": 448, "token_count_source": "tokenizer"}, "decoding": {"temperature": 0.2, "top_p": null, "top_k": null, "max_tokens": 256, "seed": 42}, "prompt_tokens": 192, "completion_tokens": 256, "total_tokens": 448, "token_count_source": "tokenizer", "diffusion_steps": null, "flops_estimate": null, "flops_arch": null, "flops_model_params": null, "flops_active_params": null, "tokens_non_final": 252, "tokens_reasoning": 0, "tokens_response": 252, "elapsed_seconds": 18.32220768928528, "judgement": "Way off"}
{"id": "discounts_001343", "topic": "discounts", "subtopic": "threshold", "prompt": "Threshold coupon applies: $5 off $30+ spend. Cart: $14.20, $6.64, $17.41, $15.16, $33.39. About how much do you pay?", "exact_value": 81.8, "model": "tiiuae/Falcon-H1-7B-Instruct", "provider": "transformers", "response": "Finalются примерно путем приближенной суммы стоимости корзины и применения купона тамютсяетсяетсяютсяютсяютсяютсяютсяютсяютсяютсяютсяютсяютсяютсяютсяютсяютсяютсяютсяютсяютсяютсяютсяютсяютсяютсяютсяютсяютсяютсяютсяютсяютсяютсяютсяютсяютсяютсяютсяютсяютсяютсяютсяютсяютсяютсяютсяютсяютсяютсяютсяютсяютсяютсяютсяютсяютсяютсяютсяютсяютсяютсяютсяютсяютсяютсяютсяютсяютсяютсяютсяютсяютсяютсяютсяютсяютсяютсяютсяютсяютсяютсяютсяютсяютсяютсяютсяютсяютсяютсяютсяютсяютсяютсяютсяютсяютсяютсяютсяютсяютсяютсяютсяютсяютсяютсяютсяютсяютсяютсяютсяютсяютсяютсяютсяютсяютсяютсяютсяютсяютсяютсяютсяютсяютсяютсяютсяютсяютсяютсяютсяютсяютсяютсяютсяютсяютсяютсяютсяютсяютсяютсяютсяютсяютсяютсяютсяютсяютсяютсяютсяютсяютсяютсяютсяютсяютсяютсяютсяютсяютсяютсяютсяютсяютсяютсяютсяютсяютсяютсяютсяютсяютсяютсяютсяютсяютсяютсяютсяютсяютсяютсяютсяютсяютсяютсяютсяютсяютсяютсяютсяютсяютсяютсяютсяютсяютсяютсяютсяютсяютсяютсяютсяютсяютсяютсяютсяютсяютсяютсяютсяютсяютсяютсяютсяютсяютсяютсяютсяютсяютсяютсяютсяютсяютсяютсяютсяютсяютсяютсяютсяютсяютсяютсяютсяютсяютсяются", "numeric_answer": null, "relative_error": null, "thinking_text": null, "has_tool_call": false, "tool_call": null, "usage": {"prompt_tokens": 224, "completion_tokens": 256, "total_tokens": 480, "token_count_source": "tokenizer"}, "decoding": {"temperature": 0.2, "top_p": null, "top_k": null, "max_tokens": 256, "seed": 42}, "prompt_tokens": 224, "completion_tokens": 256, "total_tokens": 480, "token_count_source": "tokenizer", "diffusion_steps": null, "flops_estimate": null, "flops_arch": null, "flops_model_params": null, "flops_active_params": null, "tokens_non_final": 11, "tokens_reasoning": 0, "tokens_response": 11, "elapsed_seconds": 18.317490100860596, "judgement": "Uncategorized"}
{"id": "discounts_001363", "topic": "discounts", "subtopic": "percent", "prompt": "Cart: $17.94, $48.32, $33.85. A 25% discount applies to everything. About how much do you pay?", "exact_value": 75.08, "model": "tiiuae/Falcon-H1-7B-Instruct", "provider": "transformers", "response": "Finalются примерно путем приближенного расчета стоимости корзины после скидки примерно на ются примерно путем приближенного расчета стоимости корзины после скидки примерно на ются примерно путем приближенного расчета стоимости корзины после скидки примерно наются примерно путем приближенного расчета стоимости корзины после скидки примерно наются примерно путем приближенного расчета стоимости корзины после скидки примерно наются примерно путем приближенного расчета стоимости корзины после скидки примерно наются примерно путем приближенного расчета стоимости корзины послеются примерно путем приближенного расчета стоимости корзины послеются примерно путем приближенного расчета стоимости корзины послеются примерно путем приближенного расчета стоимости корзины послеются примерно путем приближенного расчета стоимости корзины послеются примерно путем приближенного расчета стоимостиются примерно путем приближенного расчета стоимостиются примерно путем приближенного расчета стоимостиются примерно путем приближенного расчета стоимостиются примерно путем приближенного расчета стоимостиются примерно путем приближенного расчета стоимостиются примерно путем приближенного расчета стоимостиются примерно путем приближенного расчета стоимостиются примерно путем приближенного расчета", "numeric_answer": null, "relative_error": null, "thinking_text": null, "has_tool_call": false, "tool_call": null, "usage": {"prompt_tokens": 204, "completion_tokens": 256, "total_tokens": 460, "token_count_source": "tokenizer"}, "decoding": {"temperature": 0.2, "top_p": null, "top_k": null, "max_tokens": 256, "seed": 42}, "prompt_tokens": 204, "completion_tokens": 256, "total_tokens": 460, "token_count_source": "tokenizer", "diffusion_steps": null, "flops_estimate": null, "flops_arch": null, "flops_model_params": null, "flops_active_params": null, "tokens_non_final": 142, "tokens_reasoning": 0, "tokens_response": 142, "elapsed_seconds": 18.383405447006226, "judgement": "Uncategorized"}
{"id": "discounts_001383", "topic": "discounts", "subtopic": "buy_n_get_m", "prompt": "Buy 5 get 2 free on items priced $2.51 each. You take 8 total. About how much do you pay?", "exact_value": 15.06, "model": "tiiuae/Falcon-H1-7B-Instruct", "provider": "transformers", "response": "Finalются примерно путем приближения стоимости и количества товаров согласно указанным правиламются примерно путем приближения стоимости и количества согласно указанным правиламются примерно путем приближения стоимости и количества согласно указанным правиламются примерно путем приближения стоимости и количества согласно указанным правиламются примерно путем приближения стоимости и количества согласно указанным правиламются примерно путем приближения стоимости и количества согласно указанным правиламются примерно путем приближения стоимости и количества согласно указанным правиламются примерно путем приближения стоимости и количества согласно указанным правиламются примерно путем приближения стоимости и количества согласно указанным правиламются примерно путем приближения стоимости и количества согласно указанным правиламются примерно путем приближения стоимости и количества согласно указанным правиламются примерно путем приближения стоимости и количества согласно указанным правиламются примерно путем приближения стоимости и количества согласно указанным правиламются примерно путем приближения стоимости и количества согласно указанным правиламются примерно путем приближения стоимости и количества согласно указанным правиламются примерно путем приближения стоимости и количества согласно указанным правиламются примерно путем приближения стоимости и количества согласно указанным правиламются примерно путем приближения стоимости и количества согласно указанным правиламются примерно", "numeric_answer": null, "relative_error": null, "thinking_text": null, "has_tool_call": false, "tool_call": null, "usage": {"prompt_tokens": 192, "completion_tokens": 256, "total_tokens": 448, "token_count_source": "tokenizer"}, "decoding": {"temperature": 0.2, "top_p": null, "top_k": null, "max_tokens": 256, "seed": 42}, "prompt_tokens": 192, "completion_tokens": 256, "total_tokens": 448, "token_count_source": "tokenizer", "diffusion_steps": null, "flops_estimate": null, "flops_arch": null, "flops_model_params": null, "flops_active_params": null, "tokens_non_final": 165, "tokens_reasoning": 0, "tokens_response": 165, "elapsed_seconds": 18.35714101791382, "judgement": "Uncategorized"}
{"id": "discounts_001403", "topic": "discounts", "subtopic": "percent", "prompt": "Cart: $49.45, $5.75. A 15% discount applies to everything. About how much do you pay?", "exact_value": 46.92, "model": "tiiuae/Falcon-H1-7B-Instruct", "provider": "transformers", "response": "Finalются примерно путем приближенного подсчета стоимости после скидки примерно наются путем приближенного подсчета стоимости после скидки примерноются путем приближенного подсчета стоимости после скидки примерноются путем приближенного подсчета стоимости после скидки примерноются путем приближенного подсчета стоимости после скидки примерноются путем приближенного подсчета стоимости послеются путем приближенного подсчета стоимости послеются путем приближенногоются путем приближенногоются путем приближенногоются путем приближенногоются путем приближенногоются путем приближенногоются путем приближенногоются путем приближенногоются путем приближенногоются путем приближенногоются путем приближенногоются путем приближенногоются путем приближенногоются путем приближенногоются путем приближенногоются путем приближенногоются путем приближенногоются путем приближенногоются путем приближенногоются путем приближенногоются путем приближенногоются путем приближенногоются путем приближенногоются путем приближенногоются путем приближенногоются путем приближенногоются путем приближенногоются путем приближенногоются путем приближенногоются путем приближенногоются путем приближенногоются путем приближенногоются путем приб", "numeric_answer": null, "relative_error": null, "thinking_text": null, "has_tool_call": false, "tool_call": null, "usage": {"prompt_tokens": 195, "completion_tokens": 256, "total_tokens": 451, "token_count_source": "tokenizer"}, "decoding": {"temperature": 0.2, "top_p": null, "top_k": null, "max_tokens": 256, "seed": 42}, "prompt_tokens": 195, "completion_tokens": 256, "total_tokens": 451, "token_count_source": "tokenizer", "diffusion_steps": null, "flops_estimate": null, "flops_arch": null, "flops_model_params": null, "flops_active_params": null, "tokens_non_final": 114, "tokens_reasoning": 0, "tokens_response": 114, "elapsed_seconds": 18.333705186843872, "judgement": "Uncategorized"}
{"id": "discounts_001423", "topic": "discounts", "subtopic": "stacked", "prompt": "Stacked deal: 15% off, then $5 coupon if you spend $30 or more. Cart: $19.07, $30.50, $14.10, $29.57, $24.48, $18.89. About how much do you pay?", "exact_value": 111.12, "model": "tiiuae/Falcon-H1-7B-Instruct", "provider": "transformers", "response": "Finalются примерно путем приближенной вычисления стоимости корзины после применения скидки и купона согласно условиям сделкиются примерно путем приближенной вычисфикации стоимости корзины после применения скидки и купона согласно условиям сделкиются примерно путем приближенной вычисфикации стоимости корзины после применения скидки и купона согласно условиям сделкиются примерно путем приближенной вычисфикации стоимости корзины после применения скидки и купона согласно условиям сделкиются примерно путем приближенной вычисфикации стоимости корзины после применения скидки и купона согласно условиям сделкиются примерно путем приближенной вычисфикации стоимости корзины после применения скидки и купона согласно условиям сделкиются примерно путем приближенной вычисфикации стоимости корзины после применения скидки и купона согласно условиям сделкиются примерно путем приближенной вычисфикации стоимости корзины после применения скидки и купона согласно условиям сделкиются примерно путем приближенной вычисфикации стоимости корзины после применения скидки и купона согласно условиям сделкиются примерно путем приближенной вычисфикации стоимости корзины после применения скидки и купона согласно условиям сделкиются примерно путем приближ", "numeric_answer": null, "relative_error": null, "thinking_text": null, "has_tool_call": false, "tool_call": null, "usage": {"prompt_tokens": 243, "completion_tokens": 256, "total_tokens": 499, "token_count_source": "tokenizer"}, "decoding": {"temperature": 0.2, "top_p": null, "top_k": null, "max_tokens": 256, "seed": 42}, "prompt_tokens": 243, "completion_tokens": 256, "total_tokens": 499, "token_count_source": "tokenizer", "diffusion_steps": null, "flops_estimate": null, "flops_arch": null, "flops_model_params": null, "flops_active_params": null, "tokens_non_final": 144, "tokens_reasoning": 0, "tokens_response": 144, "elapsed_seconds": 18.36187243461609, "judgement": "Uncategorized"}
{"id": "discounts_001443", "topic": "discounts", "subtopic": "threshold", "prompt": "Threshold coupon applies: $5 off $40+ spend. Cart: $30.27, $5.01, $32.89, $4.11. About how much do you pay?", "exact_value": 67.28, "model": "tiiuae/Falcon-H1-7B-Instruct", "provider": "transformers", "response": "Finalются примерно примерно примерно примерно примерно примерно примерно примерно примерно примерно примерно примерно примерно примерно примерно примерно примерно примерно примерно примерно примерно примерно примерно примерно примерно примерно примерно примерно примерно примерно примерно примерно примерно примерно примерно примерно примерно примерно примерно примерно примерно примерно примерно примерно примерно примерно примерно примерно примерно примерно примерно примерно примерно примерно примерно примерно примерно примерно примерно примерно примерно примерно примерно примерно примерно примерно примерно примерно примерно примерно примерно примерно примерно примерно примерно примерно примерно примерно примерно примерно примерно примерно примерно примерно примерно примерно примерно примерно примерно примерно примерно примерно примерно примерно примерно примерно примерно примерно примерно примерно примерно примерно примерно примерно примерно примерно примерно примерно примерно примерно примерно примерно примерно примерно примерно примерно примерно примерно примерно примерно примерно примерно примерно примерно примерно примерно примерно примерно примерно примерно примерно примерно примерно примерно примерно примерно примерно примерно примерно примерно примерно примерно примерно примерно примерно примерно примерно примерно примерно примерно примерно примерно примерно примерно примерно примерно примерно примерно примерно примерно примерно примерно примерно примерно примерно примерно примерно примерно примерно примерно примерно примерно примерно примерно примерно примерно примерно примерно примерно примерно примерно примерно примерно примерно примерно примерно примерно примерно примерно примерно примерно примерно примерно примерно примерно примерно примерно примерно примерно примерно примерно примерно примерно примерно примерно примерно примерно примерно примерно примерно примерно примерно примерно примерно примерно примерно примерно примерно примерно примерно примерно примерно примерно примерно примерно примерно примерно примерно примерно примерно примерно примерно примерно примерно примерно примерно примерно примерно примерно примерно примерно примерно примерно примерно примерно примерно примерно примерно примерно примерно примерно примерно примерно примерно", "numeric_answer": null, "relative_error": null, "thinking_text": null, "has_tool_call": false, "tool_call": null, "usage": {"prompt_tokens": 215, "completion_tokens": 256, "total_tokens": 471, "token_count_source": "tokenizer"}, "decoding": {"temperature": 0.2, "top_p": null, "top_k": null, "max_tokens": 256, "seed": 42}, "prompt_tokens": 215, "completion_tokens": 256, "total_tokens": 471, "token_count_source": "tokenizer", "diffusion_steps": null, "flops_estimate": null, "flops_arch": null, "flops_model_params": null, "flops_active_params": null, "tokens_non_final": 255, "tokens_reasoning": 0, "tokens_response": 255, "elapsed_seconds": 18.446642637252808, "judgement": "Uncategorized"}
{"id": "discounts_001463", "topic": "discounts", "subtopic": "stacked", "prompt": "Stacked deal: 20% off, then $10 coupon if you spend $50 or more. Cart: $17.21, $5.84, $30.05. About how much do you pay?", "exact_value": 42.48, "model": "tiiuae/Falcon-H1-7B-Instruct", "provider": "transformers", "response": "Finalются примерно путем приближенного расчета стоимости корзины после применения скидки и купонаются примерно путем приближенного расчета стоимости корзины после применения скидки и купонаются примерно путем приближенного расчета стоимости корзины после применения скидки и купонаются примерно путем приближенного расчета стоимости корзины после применения скидки и купонаются примерно путем приближенного расчета стоимости корзины после применения скидки и купонаются примерно путем приближенного расчета стоимости корзины после применения скидки и купонаются примерно путем приближенного расчета стоимости корзины после применения скидки и купонаются примерно путем приближенного расчета стоимости корзины после применения скидки и купонаются примерно путем приближенного расчета стоимости корзины после применения скидки и купонаются примерно путем приближенного расчета стоимости корзины после применения скидки и купонаются примерно путем приближенного расчета стоимости корзины после применения скидки и купонаются примерно путем приближенного расчета стоимости корзины после применения скидки и купонаются примерно путем приближенного расчета стоимости корзины после применения с", "numeric_answer": null, "relative_error": null, "thinking_text": null, "has_tool_call": false, "tool_call": null, "usage": {"prompt_tokens": 219, "completion_tokens": 256, "total_tokens": 475, "token_count_source": "tokenizer"}, "decoding": {"temperature": 0.2, "top_p": null, "top_k": null, "max_tokens": 256, "seed": 42}, "prompt_tokens": 219, "completion_tokens": 256, "total_tokens": 475, "token_count_source": "tokenizer", "diffusion_steps": null, "flops_estimate": null, "flops_arch": null, "flops_model_params": null, "flops_active_params": null, "tokens_non_final": 142, "tokens_reasoning": 0, "tokens_response": 142, "elapsed_seconds": 18.398011922836304, "judgement": "Uncategorized"}
{"id": "discounts_001483", "topic": "discounts", "subtopic": "stacked", "prompt": "Stacked deal: 20% off, then $5 coupon if you spend $40 or more. Cart: $7.98, $13.08, $39.62, $23.53, $7.04, $16.41. About how much do you pay?", "exact_value": 81.13, "model": "tiiuae/Falcon-H1-7B-Instruct", "provider": "transformers", "response": "Finalются примерно путем приближения стоимости товаров до ближайших удобных чисел и применения скидок согласно условиям предложенияются примерно путем приближения стоимости товаров до ближайших удобных чисел и применения скидок согласно условиям предложенияются примерно путем приближения стоимости товаров до ближайших удобных чисел и применения скидок согласно условиям предложенияются примерно путем приближения стоимости товаров до ближайших удобных чисел и применения скидок согласно условиям предложенияются примерно путем приближения стоимости товаров до ближайших удобных чисел и применения скидок согласно условиям предложенияются примерно путем приближения стоимости товаров до ближайших удобных чисел и применения скидок согласно условиям предложенияются примерно путем приближения стоимости товаров до ближайших удобных чисел и применения скидок согласно условиям предложенияются примерно путем приближения стоимости товаров до ближайших удобных чисел и применения скидок согласно условиям предложенияются примерно путем приближения стоимости товаров до ближайших удобных чисел и применения скидок согласно условиям предложенияются примерно путем приближения стоимости товаров до ближайших удобных чисел и применения скидок согласно условиям предложенияются примерно путем приближения стоимости товаров до ближайших удобных чисел", "numeric_answer": null, "relative_error": null, "thinking_text": null, "has_tool_call": false, "tool_call": null, "usage": {"prompt_tokens": 241, "completion_tokens": 256, "total_tokens": 497, "token_count_source": "tokenizer"}, "decoding": {"temperature": 0.2, "top_p": null, "top_k": null, "max_tokens": 256, "seed": 42}, "prompt_tokens": 241, "completion_tokens": 256, "total_tokens": 497, "token_count_source": "tokenizer", "diffusion_steps": null, "flops_estimate": null, "flops_arch": null, "flops_model_params": null, "flops_active_params": null, "tokens_non_final": 160, "tokens_reasoning": 0, "tokens_response": 160, "elapsed_seconds": 18.45538091659546, "judgement": "Uncategorized"}
{"id": "discounts_001503", "topic": "discounts", "subtopic": "stacked", "prompt": "Stacked deal: 15% off, then $10 coupon if you spend $30 or more. Cart: $5.05, $35.87, $13.37, $20.23, $19.52, $14.94. About how much do you pay?", "exact_value": 82.63, "model": "tiiuae/Falcon-H1-7B-Instruct", "provider": "transformers", "response": "Finalются примерно путем приближенного подсчета стоимости корзины после применения скидки и купона согласно условиям сделкиются путем приближенного подсчета стоимости корзины после применения скидки и купона согласно условиям сделкиются путем приближенного подсчета стоимости корзины после применения скидки и купона согласно условиям сделкиются путем приближенного подсчета стоимости корзины после применения скидки и купона согласно условиям сделкиются путем приближенного подсчета стоимости корзины после применения скидки и купона согласно условиям сделкиются путем приближенного подсчета стоимости корзины после применения скидки и купона согласно условиям сделкиются путем приближенного подсчета стоимости корзины после применения скидки и купона согласно условиям сделкиются путем приближенного подсчета стоимости корзины после применения скидки и купона согласно условиям сделкиются путем приближенного подсчета стоимости корзины после применения скидки и купона согласно условиям сделкиются путем приближенного подсчета стоимости корзины после применения скидки и купона согласно условиям сделкиются путем приближенного подсчета стоимости корзины после применения", "numeric_answer": null, "relative_error": null, "thinking_text": null, "has_tool_call": false, "tool_call": null, "usage": {"prompt_tokens": 243, "completion_tokens": 256, "total_tokens": 499, "token_count_source": "tokenizer"}, "decoding": {"temperature": 0.2, "top_p": null, "top_k": null, "max_tokens": 256, "seed": 42}, "prompt_tokens": 243, "completion_tokens": 256, "total_tokens": 499, "token_count_source": "tokenizer", "diffusion_steps": null, "flops_estimate": null, "flops_arch": null, "flops_model_params": null, "flops_active_params": null, "tokens_non_final": 139, "tokens_reasoning": 0, "tokens_response": 139, "elapsed_seconds": 18.490104913711548, "judgement": "Uncategorized"}
{"id": "discounts_001523", "topic": "discounts", "subtopic": "percent", "prompt": "Cart: $17.62, $17.49. A 25% discount applies to everything. About how much do you pay?", "exact_value": 26.33, "model": "tiiuae/Falcon-H1-7B-Instruct", "provider": "transformers", "response": "Finalются примерно на примерноемые значения стоимости товаров и предполагаемые скидки путем округления до ближайших удобных чисел и приблизительного расчета стоимости после применения скидки примерно до примерноемых значений путем округления до ближайших удобных чисел и приблизительного расчета стоимости после применения скидки примерноются примерноются примерноются примерноются примерноются примерноются примерноются примерноются примерноются примерноются примерноются примерноются примерноются примерноются примерноываются примерноываются примерноываются примерноываются примерноываются примерноываются примерноываются примерноываются примерноываются примерноываются примерноываются примерноываются примерноываются примерноываются примерноываются примерноываются примерноываются примерноываются примерноываются примерноываются примерноываются примерноываются примерноываются примерноываются примерноываются примерноываются примерноываются примерноываются примерноываются примерноываются примерноываются примерноываются примерноываются примерноываются примерноываются примерноываются примерноываются примерноываются примерноываются примерноываются примерноываются примерноываются примерноываются примерноываются примерноываются примерноываются примерноываются примерноываются примерноываются примерноываются примерноываются примерноываются примерноываются примерноываются примерноываются примерноываются примерноываются примерноываются примерноываются примерноываются примерноываются примерноываются примерноываются примерноываются примерноываются примерноываются примерноываются примерноываются примерноываются примерноываются примерноываются примерноываются примерноываются примерноываются примерноываются примерноываются примерноываются примерноываются примерноываются примерноываются примерноываются примерно", "numeric_answer": null, "relative_error": null, "thinking_text": null, "has_tool_call": false, "tool_call": null, "usage": {"prompt_tokens": 196, "completion_tokens": 256, "total_tokens": 452, "token_count_source": "tokenizer"}, "decoding": {"temperature": 0.2, "top_p": null, "top_k": null, "max_tokens": 256, "seed": 42}, "prompt_tokens": 196, "completion_tokens": 256, "total_tokens": 452, "token_count_source": "tokenizer", "diffusion_steps": null, "flops_estimate": null, "flops_arch": null, "flops_model_params": null, "flops_active_params": null, "tokens_non_final": 136, "tokens_reasoning": 0, "tokens_response": 136, "elapsed_seconds": 18.712008237838745, "judgement": "Uncategorized"}
{"id": "discounts_001543", "topic": "discounts", "subtopic": "percent", "prompt": "Cart: $41.40, $12.55, $25.87, $24.13. A 10% discount applies to everything. About how much do you pay?", "exact_value": 93.56, "model": "tiiuae/Falcon-H1-7B-Instruct", "provider": "transformers", "response": "Finalются примерно путем приближенного подсчета стоимости корзины после применения скидки примерно в ются примерно путем приближенного подсчета стоимости корзины после применения скидки примерно вются примерно путем приближенного подсчета стоимости корзины после применения скидки примерноются примерно путем приближенного подсчета стоимости корзины после примененияются примерно путем приближенного подсчета стоимости корзины после примененияются примерно путем приближенногоются примерно путем приближенногоются примерно путем приближенногоются примерно путем приближенногоются примерно путем приближенногоются примерно путем приближенногоются примерно путем приближенногоются примерно путем приближенногоются примерно путем приближенногоются примерно путем приближенногоются примерно путем приближенногоются примерно путем приближенногоются примерно путем приближенногоются примерно путем приближенногоются примерно путем приближенногоются примерно путем приближенногоются примерно путем приближенногоются примерно путем приближенногоются примерно путем приближенногоются примерно путем приближенногоются примерно путем приближенногоются примерно путем приближенногоются примерно путем приближенногоются примерно путем приближенногоются примерно путем приближенногоются примерно путем приближенногоются примерно путем приближенногоются примерно путем", "numeric_answer": null, "relative_error": null, "thinking_text": null, "has_tool_call": false, "tool_call": null, "usage": {"prompt_tokens": 212, "completion_tokens": 256, "total_tokens": 468, "token_count_source": "tokenizer"}, "decoding": {"temperature": 0.2, "top_p": null, "top_k": null, "max_tokens": 256, "seed": 42}, "prompt_tokens": 212, "completion_tokens": 256, "total_tokens": 468, "token_count_source": "tokenizer", "diffusion_steps": null, "flops_estimate": null, "flops_arch": null, "flops_model_params": null, "flops_active_params": null, "tokens_non_final": 133, "tokens_reasoning": 0, "tokens_response": 133, "elapsed_seconds": 18.670623779296875, "judgement": "Uncategorized"}
{"id": "discounts_001563", "topic": "discounts", "subtopic": "buy_n_get_m", "prompt": "Buy 5 get 2 free on items priced $6.56 each. You take 13 total. About how much do you pay?", "exact_value": 65.6, "model": "tiiuae/Falcon-H1-7B-Instruct", "provider": "transformers", "response": "Finalются примерно на сумму примерно равную стоимости примерно 8 купленных единичных стоимостей после учета акцииются примерно на сумму примерно равную стоимости примерно примерно примерно примерно примерно примерно примерно примерно примерно примерно примерно примерно примерно примерно примерно примерно примерно примерно примерно примерно примерно примерно примерно примерно примерно примерно примерно примерно примерно примерно примерно примерно примерно примерно примерно примерно примерно примерно примерно примерно примерно примерно примерно примерно примерно примерно примерно примерно примерно примерно примерно примерно примерно примерно примерно примерно примерно примерно примерно примерно примерно примерно примерно примерно примерно примерно примерно примерно примерно примерно примерно примерно примерно примерно примерно примерно примерно примерно примерно примерно примерно примерно примерно примерно примерно примерно примерно примерно примерно примерно примерно примерно примерно примерно примерно примерно примерно примерно примерно примерно примерно примерно примерно примерно примерно примерно примерно примерно примерно примерно примерно примерно примерно примерно примерно примерно примерно примерно примерно примерно примерно примерно примерно примерно примерно примерно примерно примерно примерно примерно примерно примерно примерно примерно примерно примерно примерно примерно примерно примерно примерно примерно примерно примерно примерно примерно примерно примерно примерно примерно примерно примерно примерно примерно примерно примерно примерно примерно примерно примерно примерно примерно примерно примерно примерно примерно примерно примерно примерно примерно примерно примерно примерно примерно примерно примерно примерно примерно примерно примерно примерно примерно примерно примерно примерно примерно примерно примерно примерно примерно примерно примерно примерно примерно примерно примерно примерно примерно примерно примерно примерно примерно примерно примерно примерно примерно примерно примерно примерно примерно примерно примерно примерно примерно примерно примерно примерно примерно примерно примерно примерно примерно примерно примерно", "numeric_answer": 8.0, "relative_error": 0.8780487804878049, "thinking_text": null, "has_tool_call": false, "tool_call": null, "usage": {"prompt_tokens": 193, "completion_tokens": 256, "total_tokens": 449, "token_count_source": "tokenizer"}, "decoding": {"temperature": 0.2, "top_p": null, "top_k": null, "max_tokens": 256, "seed": 42}, "prompt_tokens": 193, "completion_tokens": 256, "total_tokens": 449, "token_count_source": "tokenizer", "diffusion_steps": null, "flops_estimate": null, "flops_arch": null, "flops_model_params": null, "flops_active_params": null, "tokens_non_final": 245, "tokens_reasoning": 0, "tokens_response": 245, "elapsed_seconds": 18.728328227996826, "judgement": "Way off"}
{"id": "discounts_001583", "topic": "discounts", "subtopic": "percent", "prompt": "Cart: $16.59, $10.20. A 25% discount applies to everything. About how much do you pay?", "exact_value": 20.09, "model": "tiiuae/Falcon-H1-7B-Instruct", "provider": "transformers", "response": "Finalются примерно путем приближенного подсчета стоимости корзины после применения скидки примерно в ются примерно путем приближенного подсчета стоимости корзины после применения скидки примерно в размере примерно примерно примерно примерно примерно примерно примерно примерно примерно примерно примерно примерно примерно примерно примерно примерно примерно примерно примерно примерно примерно примерно примерно примерно примерно примерно примерно примерно примерно примерно примерно примерно примерно примерно примерно примерно примерно примерно примерно примерно примерно примерно примерно примерно примерно примерно примерно примерно примерно примерно примерно примерно примерно примерно примерно примерно примерно примерно примерно примерно примерно примерно примерно примерно примерно примерно примерно примерно примерно примерно примерно примерно примерно примерно примерно примерно примерно примерно примерно примерно примерно примерно примерно примерно примерно примерно примерно примерно примерно примерно примерно примерно примерно примерно примерно примерно примерно примерно примерно примерно примерно примерно примерно примерно примерно примерно примерно примерно примерно примерно примерно примерно примерно примерно примерно примерно примерно примерно примерно примерно примерно примерно примерно примерно примерно примерно примерно примерно примерно примерно примерно примерно примерно примерно примерно примерно примерно примерно примерно примерно примерно примерно примерно примерно примерно примерно примерно примерно примерно примерно примерно примерно примерно примерно примерно примерно примерно примерно примерно примерно примерно примерно примерно примерно примерно примерно примерно примерно примерно примерно примерно примерно примерно примерно примерно примерно примерно примерно примерно примерно примерно примерно примерно примерно примерно примерно примерно примерно примерно примерно примерно примерно примерно примерно примерно примерно примерно примерно примерно примерно примерно примерно примерно примерно примерно примерно примерно примерно примерно примерно примерно примерно примерно", "numeric_answer": null, "relative_error": null, "thinking_text": null, "has_tool_call": false, "tool_call": null, "usage": {"prompt_tokens": 196, "completion_tokens": 256, "total_tokens": 452, "token_count_source": "tokenizer"}, "decoding": {"temperature": 0.2, "top_p": null, "top_k": null, "max_tokens": 256, "seed": 42}, "prompt_tokens": 196, "completion_tokens": 256, "total_tokens": 452, "token_count_source": "tokenizer", "diffusion_steps": null, "flops_estimate": null, "flops_arch": null, "flops_model_params": null, "flops_active_params": null, "tokens_non_final": 238, "tokens_reasoning": 0, "tokens_response": 238, "elapsed_seconds": 18.66888952255249, "judgement": "Uncategorized"}
{"id": "discounts_001603", "topic": "discounts", "subtopic": "stacked", "prompt": "Stacked deal: 15% off, then $5 coupon if you spend $40 or more. Cart: $30.66, $8.69, $10.48, $36.69, $30.92. About how much do you pay?", "exact_value": 94.82, "model": "tiiuae/Falcon-H1-7B-Instruct", "provider": "transformers", "response": "Finalются примерно путем приближенной вычисления стоимости корзины после применения скидки и купонаются примерно путем приближенной вычисфикации стоимости корзины после применения скидки и купонаются примерно путем приближенной вычисфикации стоимости корзины после применения скидки и купонаются примерно путем приближенной вычисфикации стоимости корзины после применения скидки и купонаются примерно путем приближенной вычисфикации стоимости корзины после применения скидки и купонаются примерно путем приближенной вычисфикации стоимости корзины после применения скидки и купонаются примерно путем приближенной вычисфикации стоимости корзины после применения скидки и купонаются примерно путем приближеннойются примерно путем приближеннойются примерно путем приближеннойются примерно путем приближеннойются примерно путем приближеннойются примерно путем приближеннойются примерно путем приближеннойются примерно путем приближеннойются примерно путем приближеннойются примерно путем приближеннойются примерно путем приближеннойются примерно путем приближеннойются примерно путем приближеннойются примерно путем приближеннойются примерно путем приближеннойются примерно путем приближеннойются примерно путем приближеннойются примерно путем приближенной", "numeric_answer": null, "relative_error": null, "thinking_text": null, "has_tool_call": false, "tool_call": null, "usage": {"prompt_tokens": 234, "completion_tokens": 256, "total_tokens": 490, "token_count_source": "tokenizer"}, "decoding": {"temperature": 0.2, "top_p": null, "top_k": null, "max_tokens": 256, "seed": 42}, "prompt_tokens": 234, "completion_tokens": 256, "total_tokens": 490, "token_count_source": "tokenizer", "diffusion_steps": null, "flops_estimate": null, "flops_arch": null, "flops_model_params": null, "flops_active_params": null, "tokens_non_final": 132, "tokens_reasoning": 0, "tokens_response": 132, "elapsed_seconds": 18.83163332939148, "judgement": "Uncategorized"}
{"id": "discounts_001623", "topic": "discounts", "subtopic": "threshold", "prompt": "Threshold coupon applies: $15 off $25+ spend. Cart: $27.63, $11.37, $28.67, $23.20, $7.60. About how much do you pay?", "exact_value": 83.47, "model": "tiiuae/Falcon-H1-7B-Instruct", "provider": "transformers", "response": "Finalются примерно путем приближенного подсчета стоимости корзины и применения купонаются примерно путем приближенного подсчета стоимости корзины и применения купонаются примерно путем приближенного подсчета стоимости корзины и применения купонаются примерно путем приближенного подсчета стоимости корзины и применения купонаются примерно путем приближенного подсчета стоимости корзины и применения купонаются примерно путем приближенного подсчета стоимости корзины и применения купонаются примерно путем приближенного подсчета стоимости корзины и применения купонаются примерно путем приближенного подсчета стоимости корзины и применения купонаываются примерно путем приближенного подсчета стоимости корзины и применения купонаываются примерно путем приближенного подсчета стоимости корзины и применения купонаываются примерно путем приближенного подсчета стоимости корзины и применения купонаываются примерно путем приближенного подсчета стоимости корзины и применения купонаываются примерно путем приближенного подсчета стоимости корзины и применения купонаываются примерно путем приближенного подсчета стоимости корзины и применения купонаываются примерно путем приближенного подсчета стоимости корзины и применения купона", "numeric_answer": null, "relative_error": null, "thinking_text": null, "has_tool_call": false, "tool_call": null, "usage": {"prompt_tokens": 225, "completion_tokens": 256, "total_tokens": 481, "token_count_source": "tokenizer"}, "decoding": {"temperature": 0.2, "top_p": null, "top_k": null, "max_tokens": 256, "seed": 42}, "prompt_tokens": 225, "completion_tokens": 256, "total_tokens": 481, "token_count_source": "tokenizer", "diffusion_steps": null, "flops_estimate": null, "flops_arch": null, "flops_model_params": null, "flops_active_params": null, "tokens_non_final": 136, "tokens_reasoning": 0, "tokens_response": 136, "elapsed_seconds": 18.71517252922058, "judgement": "Uncategorized"}
{"id": "discounts_001643", "topic": "discounts", "subtopic": "percent", "prompt": "Cart: $6.86, $18.76, $18.57. A 25% discount applies to everything. About how much do you pay?", "exact_value": 33.14, "model": "tiiuae/Falcon-H1-7B-Instruct", "provider": "transformers", "response": "Finalются примерно путем приближенного расчета стоимости корзины после применения скидки примерно на ются примерно путем приближенного расчета стоимости корзины после применения скидки примерно наются примерно путем приближенного расчета стоимости корзины после применения скидки примерноются путем приближенного расчета стоимости корзины после применения скидки примерноются путем приближенного расчета стоимости корзины после примененияются путем приближенного расчета стоимости корзины после примененияются путем приближенного расчета стоимостиются путем приближенного расчетаываются путем приближенного расчетаываются путем приближенного расчетаываются путем приближенного расчетаются путем приближенного расчетаываются путем приближенного расчетаываются путем приближенного расчетаываются путем приближенного расчетаываются путем приближенного расчетаываются путем приближенного расчетаываются путем приближенного расчетаываются путем приближенного расчетаываются путем приближенного расчетаываются путем приближенного расчетаываются путем приближенного расчетаываются путем приближенного расчетаываются путем приближенного расчетаываются путем приближенного расчетаываются путем приближенного расчетаываются путем приближенного расчетаываются путем приближенного расчета", "numeric_answer": null, "relative_error": null, "thinking_text": null, "has_tool_call": false, "tool_call": null, "usage": {"prompt_tokens": 203, "completion_tokens": 256, "total_tokens": 459, "token_count_source": "tokenizer"}, "decoding": {"temperature": 0.2, "top_p": null, "top_k": null, "max_tokens": 256, "seed": 42}, "prompt_tokens": 203, "completion_tokens": 256, "total_tokens": 459, "token_count_source": "tokenizer", "diffusion_steps": null, "flops_estimate": null, "flops_arch": null, "flops_model_params": null, "flops_active_params": null, "tokens_non_final": 124, "tokens_reasoning": 0, "tokens_response": 124, "elapsed_seconds": 18.572200059890747, "judgement": "Uncategorized"}
{"id": "discounts_001663", "topic": "discounts", "subtopic": "percent", "prompt": "Cart: $12.12, $48.45, $47.34, $46.59. A 15% discount applies to everything. About how much do you pay?", "exact_value": 131.33, "model": "tiiuae/Falcon-H1-7B-Instruct", "provider": "transformers", "response": "Finalются примерно путем приближенного подсчета стоимости корзины после применения скидки примерно на ются примерно путем приближенного подсчета стоимости корзины после применения скидки примерно наются примерно путем приближенного подсчета стоимости корзины после применения скидки примерноются путем приближенного подсчета стоимости корзины после примененияются путем приближенного подсчета стоимости корзины после примененияются путем приближенного подсчета стоимости корзины после примененияются путем приближенного подсчета стоимостиются путем приближенногоются путем приближенногоются путем приближенногоются путем приближенногоются путем приближенногоются путем приближенногоются путем приближенногоются путем приближенногоются путем приближенногоются путем приближенногоются путем приближенногоются путем приближенногоются путем приближенногоются путем приближенногоются путем приближенногоются путем приближенногоются путем приближенногоются путем приближенногоются путем приближенногоются путем приближенногоются путем приближенногоются путем приближенногоются путем приближенногоются путем приближенногоются путем приближенногоются путем приближенногоются путем приближенногоются путем приближенногоются путем приближ", "numeric_answer": null, "relative_error": null, "thinking_text": null, "has_tool_call": false, "tool_call": null, "usage": {"prompt_tokens": 212, "completion_tokens": 256, "total_tokens": 468, "token_count_source": "tokenizer"}, "decoding": {"temperature": 0.2, "top_p": null, "top_k": null, "max_tokens": 256, "seed": 42}, "prompt_tokens": 212, "completion_tokens": 256, "total_tokens": 468, "token_count_source": "tokenizer", "diffusion_steps": null, "flops_estimate": null, "flops_arch": null, "flops_model_params": null, "flops_active_params": null, "tokens_non_final": 117, "tokens_reasoning": 0, "tokens_response": 117, "elapsed_seconds": 18.70065450668335, "judgement": "Uncategorized"}
{"id": "discounts_001683", "topic": "discounts", "subtopic": "threshold", "prompt": "Threshold coupon applies: $10 off $50+ spend. Cart: $26.16, $9.78, $26.05, $18.31, $13.69. About how much do you pay?", "exact_value": 83.99, "model": "tiiuae/Falcon-H1-7B-Instruct", "provider": "transformers", "response": "Finalются примерно путем приближенного подсчета стоимости корзины и применения купона с порогом в утся примерно путем приближенного подсчета стоимости корзины и применения купона с порогом вются примерно путем приближенного подсчета стоимости корзины и применения купонаются примерно путем приближенного подсчета стоимости корзины и примененияются примерно путем приближенного подсчета стоимостиются примерно путем приближенного подсчета стоимостиются примерно путем приближенногоются примерно путем приближенногоются примерно путем приближенногоются примерно путем приближенногоются примерно путем приближенногоются примерно путем приближенногоются примерно путем приближенногоются примерно путем приближенногоются примерно путем приближенногоются примерно путем приближенногоются примерно путем приближенногоются примерно путем приближенногоются примерно путем приближенногоются примерно путем приближенногоются примерно путем приближенногоются примерно путем приближенногоются примерно путем приближенногоются примерно путем приближенногоются примерно путем приближенногоются примерно путем приближенногоются примерно путем приближенногоются примерно путем приближенногоются примерно путем приближенногоются примерно путем приближенногоются примерно путем приближенногоются примерно путем приближенногоются примерно", "numeric_answer": null, "relative_error": null, "thinking_text": null, "has_tool_call": false, "tool_call": null, "usage": {"prompt_tokens": 225, "completion_tokens": 256, "total_tokens": 481, "token_count_source": "tokenizer"}, "decoding": {"temperature": 0.2, "top_p": null, "top_k": null, "max_tokens": 256, "seed": 42}, "prompt_tokens": 225, "completion_tokens": 256, "total_tokens": 481, "token_count_source": "tokenizer", "diffusion_steps": null, "flops_estimate": null, "flops_arch": null, "flops_model_params": null, "flops_active_params": null, "tokens_non_final": 132, "tokens_reasoning": 0, "tokens_response": 132, "elapsed_seconds": 18.531452655792236, "judgement": "Uncategorized"}
{"id": "discounts_001703", "topic": "discounts", "subtopic": "percent", "prompt": "Cart: $19.62, $31.18, $3.11, $24.12. A 30% discount applies to everything. About how much do you pay?", "exact_value": 54.62, "model": "tiiuae/Falcon-H1-7B-Instruct", "provider": "transformers", "response": "Finalются примерно путем приближения стоимости каждого товара после скидки примерно до ближайшего простого числа и затем суммирования их примерно до ближайшего кратного числа примерно до единицы или десяткиются примерно путем приближения стоимости каждого товара после скидки примерно до ближайшего простого числа и затем суммирования их примерно до ближайшего кратного числа примерно до единицы или десяткиются примерно путем приближения стоимости каждого товара после скидки примерно до ближайшего простого числа и затем суммирования их примерно до ближайшего кратного числа примерно до единицы или десяткиются примерно путем приближения стоимости каждого товара после скидки примерно до ближайшего простого числа и затем суммирования их примерно до ближайшего кратного числа примерно до единицы или десяткиются примерно путем приближения стоимости каждого товара после скидки примерно до ближайшего простого числа и затем суммирования их примерно до ближайшего кратного числа примерно до единицы или десяткиются примерно путем приближения стоимости каждого товара после скидки примерно до ближайшего простого числа и затем суммирования их примерно до ближайшего кратного числа примерно до единицы или десяткиются примерно путем приближения стоимости каждого товара после скидки примерно", "numeric_answer": null, "relative_error": null, "thinking_text": null, "has_tool_call": false, "tool_call": null, "usage": {"prompt_tokens": 211, "completion_tokens": 256, "total_tokens": 467, "token_count_source": "tokenizer"}, "decoding": {"temperature": 0.2, "top_p": null, "top_k": null, "max_tokens": 256, "seed": 42}, "prompt_tokens": 211, "completion_tokens": 256, "total_tokens": 467, "token_count_source": "tokenizer", "diffusion_steps": null, "flops_estimate": null, "flops_arch": null, "flops_model_params": null, "flops_active_params": null, "tokens_non_final": 172, "tokens_reasoning": 0, "tokens_response": 172, "elapsed_seconds": 18.50078535079956, "judgement": "Uncategorized"}
{"id": "discounts_001723", "topic": "discounts", "subtopic": "buy_n_get_m", "prompt": "Buy 4 get 2 free on items priced $2.55 each. You take 8 total. About how much do you pay?", "exact_value": 15.3, "model": "tiiuae/Falcon-H1-7B-Instruct", "provider": "transformers", "response": "Finalются примерно на сумму примерно равную стоимости примерно 6 предметов по цене примерно примерно примерно примерно примерно примерно примерно примерно примерно примерно примерно примерно примерно примерно примерно примерно примерно примерно примерно примерно примерно примерно примерно примерно примерно примерно примерно примерно примерно примерно примерно примерно примерно примерно примерно примерно примерно примерно примерно примерно примерно примерно примерно примерно примерно примерно примерно примерно примерно примерно примерно примерно примерно примерно примерно примерно примерно примерно примерно примерно примерно примерно примерно примерно примерно примерно примерно примерно примерно примерно примерно примерно примерно примерно примерно примерно примерно примерно примерно примерно примерно примерно примерно примерно примерно примерно примерно примерно примерно примерно примерно примерно примерно примерно примерно примерно примерно примерно примерно примерно примерно примерно примерно примерно примерно примерно примерно примерно примерно примерно примерно примерно примерно примерно примерно примерно примерно примерно примерно примерно примерно примерно примерно примерно примерно примерно примерно примерно примерно примерно примерно примерно примерно примерно примерно примерно примерно примерно примерно примерно примерно примерно примерно примерно примерно примерно примерно примерно примерно примерно примерно примерно примерно примерно примерно примерно примерно примерно примерно примерно примерно примерно примерно примерно примерно примерно примерно примерно примерно примерно примерно примерно примерно примерно примерно примерно примерно примерно примерно примерно примерно примерно примерно примерно примерно примерно примерно примерно примерно примерно примерно примерно примерно примерно примерно примерно примерно примерно примерно примерно примерно примерно примерно примерно примерно примерно примерно примерно примерно примерно примерно примерно примерно примерно примерно примерно примерно примерно примерно примерно примерно примерно примерно примерно примерно примерно примерно примерно примерно примерно примерно примерно примерно примерно примерно примерно примерно примерно примерно примерно", "numeric_answer": 6.0, "relative_error": 0.607843137254902, "thinking_text": null, "has_tool_call": false, "tool_call": null, "usage": {"prompt_tokens": 192, "completion_tokens": 256, "total_tokens": 448, "token_count_source": "tokenizer"}, "decoding": {"temperature": 0.2, "top_p": null, "top_k": null, "max_tokens": 256, "seed": 42}, "prompt_tokens": 192, "completion_tokens": 256, "total_tokens": 448, "token_count_source": "tokenizer", "diffusion_steps": null, "flops_estimate": null, "flops_arch": null, "flops_model_params": null, "flops_active_params": null, "tokens_non_final": 252, "tokens_reasoning": 0, "tokens_response": 252, "elapsed_seconds": 18.62802529335022, "judgement": "Way off"}
{"id": "discounts_001743", "topic": "discounts", "subtopic": "threshold", "prompt": "Threshold coupon applies: $5 off $30+ spend. Cart: $4.15, $6.42, $8.97. About how much do you pay?", "exact_value": 19.54, "model": "tiiuae/Falcon-H1-7B-Instruct", "provider": "transformers", "response": "Finalются примерно примерно примерно примерно примерно примерно примерно примерно примерно примерно примерно примерно примерно примерно примерно примерно примерно примерно примерно примерно примерно примерно примерно примерно примерно примерно примерно примерно примерно примерно примерно примерно примерно примерно примерно примерно примерно примерно примерно примерно примерно примерно примерно примерно примерно примерно примерно примерно примерно примерно примерно примерно примерно примерно примерно примерно примерно примерно примерно примерно примерно примерно примерно примерно примерно примерно примерно примерно примерно примерно примерно примерно примерно примерно примерно примерно примерно примерно примерно примерно примерно примерно примерно примерно примерно примерно примерно примерно примерно примерно примерно примерно примерно примерно примерно примерно примерно примерно примерно примерно примерно примерно примерно примерно примерно примерно примерно примерно примерно примерно примерно примерно примерно примерно примерно примерно примерно примерно примерно примерно примерно примерно примерно примерно примерно примерно примерно примерно примерно примерно примерно примерно примерно примерно примерно примерно примерно примерно примерно примерно примерно примерно примерно примерно примерно примерно примерно примерно примерно примерно примерно примерно примерно примерно примерно примерно примерно примерно примерно примерно примерно примерно примерно примерно примерно примерно примерно примерно примерно примерно примерно примерно примерно примерно примерно примерно примерно примерно примерно примерно примерно примерно примерно примерно примерно примерно примерно примерно примерно примерно примерно примерно примерно примерно примерно примерно примерно примерно примерно примерно примерно примерно примерно примерно примерно примерно примерно примерно примерно примерно примерно примерно примерно примерно примерно примерно примерно примерно примерно примерно примерно примерно примерно примерно примерно примерно примерно примерно примерно примерно примерно примерно примерно примерно примерно примерно примерно примерно примерно примерно примерно примерно примерно примерно примерно примерно примерно примерно примерно примерно примерно примерно примерно примерно", "numeric_answer": null, "relative_error": null, "thinking_text": null, "has_tool_call": false, "tool_call": null, "usage": {"prompt_tokens": 206, "completion_tokens": 256, "total_tokens": 462, "token_count_source": "tokenizer"}, "decoding": {"temperature": 0.2, "top_p": null, "top_k": null, "max_tokens": 256, "seed": 42}, "prompt_tokens": 206, "completion_tokens": 256, "total_tokens": 462, "token_count_source": "tokenizer", "diffusion_steps": null, "flops_estimate": null, "flops_arch": null, "flops_model_params": null, "flops_active_params": null, "tokens_non_final": 255, "tokens_reasoning": 0, "tokens_response": 255, "elapsed_seconds": 18.641025066375732, "judgement": "Uncategorized"}
{"id": "discounts_001763", "topic": "discounts", "subtopic": "bogo", "prompt": "BOGO sale (buy one, get one free; free item is the cheaper one in each pair). Items: $12.69, $11.21, $2.47. About how much do you pay?", "exact_value": 15.16, "model": "tiiuae/Falcon-H1-7B-Instruct", "provider": "transformers", "response": "Finalются примерно путем приближения стоимости каждого товара и применения условий акции примерно такальноальноальноальноальноальноальноальноальноальноальноальноальноальноальноальноальноальноальноальноальноальноальноальноальноальноальноальноальноальноальноальноальноальноальноальноальноальноальноальноальноальноальноальноальноальноальноальноальноальноальноальноальноальноальноальноальноальноальноальноальноальноальноальноальноальноальноальноальноальноальноальноальноальноальноальноальноальноальноальноальноальноальноальноальноальноальноальноальноальноальноальноальноальноальноальноальноальноальноальноальноальноальноальноальноальноальноальноальноальноальноальноальноальноальноальноальноальноальноальноальноальноальноальноальноальноальноальноальноальноальноальноальноальноальноальноальноальноальноальноальноальноальноальноальноальноальноальноальноальноальноальноальноальноальноальноальноальноальноальноальноальноальноальноальноальноальноальноальноальноальноальноальноальноальноальноальноальноальноальноальноальноальноальноальноальноальноальноальноальноальноальноальноальноальноальноальноальноальноальноальноальноальноальноальноальноальноальноальноальноальноальноальноальноальноальноальноальноальноальноальноальноальноальноальноальноальноальноальноальноальноальноальноальноальноальноальноальноально", "numeric_answer": null, "relative_error": null, "thinking_text": null, "has_tool_call": false, "tool_call": null, "usage": {"prompt_tokens": 215, "completion_tokens": 256, "total_tokens": 471, "token_count_source": "tokenizer"}, "decoding": {"temperature": 0.2, "top_p": null, "top_k": null, "max_tokens": 256, "seed": 42}, "prompt_tokens": 215, "completion_tokens": 256, "total_tokens": 471, "token_count_source": "tokenizer", "diffusion_steps": null, "flops_estimate": null, "flops_arch": null, "flops_model_params": null, "flops_active_params": null, "tokens_non_final": 13, "tokens_reasoning": 0, "tokens_response": 13, "elapsed_seconds": 18.62438464164734, "judgement": "Uncategorized"}
{"id": "discounts_001783", "topic": "discounts", "subtopic": "stacked", "prompt": "Stacked deal: 15% off, then $5 coupon if you spend $40 or more. Cart: $7.00, $16.49, $25.56, $15.94, $17.74, $31.47. About how much do you pay?", "exact_value": 92.07, "model": "tiiuae/Falcon-H1-7B-Instruct", "provider": "transformers", "response": "Finalются примерно путем приближения стоимости товаров до ближайших удобных чисел и применения скидок согласно условиям предложенияются примерно путем приближения стоимости товаров до ближайших удобных чисел и применения скидок согласно условиям предложенияются примерно путем приближения стоимости товаров до ближайших удобных чисел и применения скидок согласно условиям предложенияются примерно путем приближения стоимости товаров до ближайших удобных чисел и применения скидок согласно условиям предложенияются примерно путем приближения стоимости товаров до ближайших удобных чисел и применения скидок согласно условиям предложенияются примерно путем приближения стоимости товаров до ближайших удобных чисел и применения скидок согласно условиям предложенияются примерно путем приближения стоимости товаров до ближайших удобных чисел и применения скидок согласно условиям предложенияются примерно путем приближения стоимости товаров до ближайших удобных чисел и применения скидок согласно условиям предложенияются примерно путем приближения стоимости товаров до ближайших удобных чисел и применения скидок согласно условиям предложенияются примерно путем приближения стоимости товаров до ближайших удобных чисел и применения скидок согласно условиям предложенияются примерно путем приближения стоимости товаров до ближайших удобных чисел", "numeric_answer": null, "relative_error": null, "thinking_text": null, "has_tool_call": false, "tool_call": null, "usage": {"prompt_tokens": 242, "completion_tokens": 256, "total_tokens": 498, "token_count_source": "tokenizer"}, "decoding": {"temperature": 0.2, "top_p": null, "top_k": null, "max_tokens": 256, "seed": 42}, "prompt_tokens": 242, "completion_tokens": 256, "total_tokens": 498, "token_count_source": "tokenizer", "diffusion_steps": null, "flops_estimate": null, "flops_arch": null, "flops_model_params": null, "flops_active_params": null, "tokens_non_final": 160, "tokens_reasoning": 0, "tokens_response": 160, "elapsed_seconds": 18.728333711624146, "judgement": "Uncategorized"}
{"id": "discounts_001803", "topic": "discounts", "subtopic": "stacked", "prompt": "Stacked deal: 20% off, then $5 coupon if you spend $30 or more. Cart: $33.03, $6.30, $5.14, $29.72. About how much do you pay?", "exact_value": 54.35, "model": "tiiuae/Falcon-H1-7B-Instruct", "provider": "transformers", "response": "Finalются примерно путем приближенной вычисления стоимости корзины после применения скидки и купонаются примерно путем приближенной вычисфикации стоимости корзины после применения скидки и купонаются примерно путем приближенной вычисфикации стоимости корзины после применения скидки и купонаются примерно путем приближенной вычисфикации стоимости корзины после применения скидки и купонаются примерно путем приближеннойются примерно путем приближеннойются примерно путем приближеннойются примерно путем приближеннойются примерно путем приближеннойются примерно путем приближеннойются примерно путем приближеннойются примерно путем приближеннойются примерно путем приближеннойются примерно путем приближеннойются примерно путем приближеннойются примерно путем приближеннойются примерно путем приближеннойются примерно путем приближеннойются примерно путем приближеннойются примерно путем приближеннойются примерно путем приближеннойются примерно путем приближеннойются примерно путем приближеннойются примерно путем приближеннойются примерно путем приближеннойются примерно путем приближеннойются примерно путем приближеннойются примерно путем приближеннойются примерно путем приближеннойются примерно путем приближеннойются примерно путем приближеннойются примерно путем приближеннойются примерно путем", "numeric_answer": null, "relative_error": null, "thinking_text": null, "has_tool_call": false, "tool_call": null, "usage": {"prompt_tokens": 225, "completion_tokens": 256, "total_tokens": 481, "token_count_source": "tokenizer"}, "decoding": {"temperature": 0.2, "top_p": null, "top_k": null, "max_tokens": 256, "seed": 42}, "prompt_tokens": 225, "completion_tokens": 256, "total_tokens": 481, "token_count_source": "tokenizer", "diffusion_steps": null, "flops_estimate": null, "flops_arch": null, "flops_model_params": null, "flops_active_params": null, "tokens_non_final": 131, "tokens_reasoning": 0, "tokens_response": 131, "elapsed_seconds": 18.68061065673828, "judgement": "Uncategorized"}
{"id": "discounts_001823", "topic": "discounts", "subtopic": "bogo", "prompt": "BOGO sale (buy one, get one free; free item is the cheaper one in each pair). Items: $12.69, $12.41, $11.69, $9.51. About how much do you pay?", "exact_value": 24.38, "model": "tiiuae/Falcon-H1-7B-Instruct", "provider": "transformers", "response": "Finalются примерно путем приближения стоимости продуктов согласно правилам акции и округления до ближайшего кратного числа примерно в десятки или пятеркиются примерно путем приближения стоимости продуктов согласно правилам акции и округления до ближайшего кратного числа примерноются примерно путем приближения стоимости продуктов согласно правилам акции и округления до ближайшего кратного числа примерноются примерно путем приближения стоимости продуктов согласно правилам акции и округления до ближайшего кратного числа примерноются примерно путем приближения стоимости продуктов согласно правилам акции и округления до ближайшего кратного числа примерноются примерно путем приближения стоимости продуктов согласно правилам акции и округления до ближайшего кратного числа примерноются примерно путем приближения стоимости продуктов согласно правилам акции и округления до ближайшего кратного числа примерноются примерно путем приближения стоимости продуктов согласно правилам акции и округления до ближайшего кратного числа примерноются примерно путем приближения стоимости продуктов согласно правилам акции и округления до ближайшего кратного числа примерноются примерно путем приближения стоимости продуктов согласно правилам акции и округления до ближайшего кратного числа примерноются примерно путем приближения стоимости продуктов согласно правилам акции и округления до ближайшего кратного числа примерноются примерно путем приближения стоимости", "numeric_answer": null, "relative_error": null, "thinking_text": null, "has_tool_call": false, "tool_call": null, "usage": {"prompt_tokens": 223, "completion_tokens": 256, "total_tokens": 479, "token_count_source": "tokenizer"}, "decoding": {"temperature": 0.2, "top_p": null, "top_k": null, "max_tokens": 256, "seed": 42}, "prompt_tokens": 223, "completion_tokens": 256, "total_tokens": 479, "token_count_source": "tokenizer", "diffusion_steps": null, "flops_estimate": null, "flops_arch": null, "flops_model_params": null, "flops_active_params": null, "tokens_non_final": 174, "tokens_reasoning": 0, "tokens_response": 174, "elapsed_seconds": 18.634716272354126, "judgement": "Uncategorized"}
{"id": "discounts_001843", "topic": "discounts", "subtopic": "buy_n_get_m", "prompt": "Buy 4 get 2 free on items priced $5.69 each. You take 7 total. About how much do you pay?", "exact_value": 28.45, "model": "tiiuae/Falcon-H1-7B-Instruct", "provider": "transformers", "response": "Finalются примерно на сумму примерно равную стоимости примерно 5urança за каждый товар после скидки примерно равной примерно стоимости примерно примерно примерно примерно примерно примерно примерно примерно примерно примерно примерно примерно примерно примерно примерно примерно примерно примерно примерно примерно примерно примерно примерно примерно примерно примерно примерно примерно примерно примерно примерно примерно примерно примерно примерно примерно примерно примерно примерно примерно примерно примерно примерно примерно примерно примерно примерно примерно примерно примерно примерно примерно примерно примерно примерно примерно примерно примерно примерно примерно примерно примерно примерно примерно примерно примерно примерно примерно примерно примерно примерно примерно примерно примерно примерно примерно примерно примерно примерно примерно примерно примерно примерно примерно примерно примерно примерно примерно примерно примерно примерно примерно примерно примерно примерно примерно примерно примерно примерно примерно примерно примерно примерно примерно примерно примерно примерно примерно примерно примерно примерно примерно примерно примерно примерно примерно примерно примерно примерно примерно примерно примерно примерно примерно примерно примерно примерно примерно примерно примерно примерно примерно примерно примерно примерно примерно примерно примерно примерно примерно примерно примерно примерно примерно примерно примерно примерно примерно примерно примерно примерно примерно примерно примерно примерно примерно примерно примерно примерно примерно примерно примерно примерно примерно примерно примерно примерно примерно примерно примерно примерно примерно примерно примерно примерно примерно примерно примерно примерно примерно примерно примерно примерно примерно примерно примерно примерно примерно примерно примерно примерно примерно примерно примерно примерно примерно примерно примерно примерно примерно примерно примерно примерно примерно примерно примерно примерно примерно примерно примерно примерно примерно примерно примерно примерно примерно примерно примерно примерно примерно примерно примерно примерно примерно примерно примерно примерно примерно примерно примерно примерно", "numeric_answer": 5.0, "relative_error": 0.8242530755711776, "thinking_text": null, "has_tool_call": false, "tool_call": null, "usage": {"prompt_tokens": 192, "completion_tokens": 256, "total_tokens": 448, "token_count_source": "tokenizer"}, "decoding": {"temperature": 0.2, "top_p": null, "top_k": null, "max_tokens": 256, "seed": 42}, "prompt_tokens": 192, "completion_tokens": 256, "total_tokens": 448, "token_count_source": "tokenizer", "diffusion_steps": null, "flops_estimate": null, "flops_arch": null, "flops_model_params": null, "flops_active_params": null, "tokens_non_final": 249, "tokens_reasoning": 0, "tokens_response": 249, "elapsed_seconds": 18.54290199279785, "judgement": "Way off"}
{"id": "discounts_001863", "topic": "discounts", "subtopic": "percent", "prompt": "Cart: $49.70, $10.83, $19.81, $44.58. A 20% discount applies to everything. About how much do you pay?", "exact_value": 99.94, "model": "tiiuae/Falcon-H1-7B-Instruct", "provider": "transformers", "response": "Finalются примерно путем приближения стоимости товаров до ближайших удобных чисел и затем применения скидки примерно примерно примерно примерно примерно примерно примерно примерно примерно примерно примерно примерно примерно примерно примерно примерно примерно примерно примерно примерно примерно примерно примерно примерно примерно примерно примерно примерно примерно примерно примерно примерно примерно примерно примерно примерно примерно примерно примерно примерно примерно примерно примерно примерно примерно примерно примерно примерно примерно примерно примерно примерно примерно примерно примерно примерно примерно примерно примерно примерно примерно примерно примерно примерно примерно примерно примерно примерно примерно примерно примерно примерно примерно примерно примерно примерно примерно примерно примерно примерно примерно примерно примерно примерно примерно примерно примерно примерно примерно примерно примерно примерно примерно примерно примерно примерно примерно примерно примерно примерно примерно примерно примерно примерно примерно примерно примерно примерно примерно примерно примерно примерно примерно примерно примерно примерно примерно примерно примерно примерно примерно примерно примерно примерно примерно примерно примерно примерно примерно примерно примерно примерно примерно примерно примерно примерно примерно примерно примерно примерно примерно примерно примерно примерно примерно примерно примерно примерно примерно примерно примерно примерно примерно примерно примерно примерно примерно примерно примерно примерно примерно примерно примерно примерно примерно примерно примерно примерно примерно примерно примерно примерно примерно примерно примерно примерно примерно примерно примерно примерно примерно примерно примерно примерно примерно примерно примерно примерно примерно примерно примерно примерно примерно примерно примерно примерно примерно примерно примерно примерно примерно примерно примерно примерно примерно примерно примерно примерно примерно примерно примерно примерно примерно примерно примерно примерно примерно примерно примерно примерно примерно примерно примерно примерно примерно примерно примерно примерно примерно примерно примерно примерно примерно примерно", "numeric_answer": null, "relative_error": null, "thinking_text": null, "has_tool_call": false, "tool_call": null, "usage": {"prompt_tokens": 212, "completion_tokens": 256, "total_tokens": 468, "token_count_source": "tokenizer"}, "decoding": {"temperature": 0.2, "top_p": null, "top_k": null, "max_tokens": 256, "seed": 42}, "prompt_tokens": 212, "completion_tokens": 256, "total_tokens": 468, "token_count_source": "tokenizer", "diffusion_steps": null, "flops_estimate": null, "flops_arch": null, "flops_model_params": null, "flops_active_params": null, "tokens_non_final": 248, "tokens_reasoning": 0, "tokens_response": 248, "elapsed_seconds": 18.54902410507202, "judgement": "Uncategorized"}
{"id": "taxes_000125", "topic": "taxes", "subtopic": "pre_discount_tax", "prompt": "Cart: $17.54, $53.38, $24.54, $55.21. Local sales tax is 6.0% (tax calculated before discount). About how much is the total?", "exact_value": 159.71, "model": "tiiuae/Falcon-H1-7B-Instruct", "provider": "transformers", "response": "Finalются примерно путем приближенной суммы стоимости товаров плюс налог примерно примерно примерно примерно примерно примерно примерно примерно примерно примерно примерно примерно примерно примерно примерно примерно примерно примерно примерно примерно примерно примерно примерно примерно примерно примерно примерно примерно примерно примерно примерно примерно примерно примерно примерно примерно примерно примерно примерно примерно примерно примерно примерно примерно примерно примерно примерно примерно примерно примерно примерно примерно примерно примерно примерно примерно примерно примерно примерно примерно примерно примерно примерно примерно примерно примерно примерно примерно примерно примерно примерно примерно примерно примерно примерно примерно примерно примерно примерно примерно примерно примерно примерно примерно примерно примерно примерно примерно примерно примерно примерно примерно примерно примерно примерно примерно примерно примерно примерно примерно примерно примерно примерно примерно примерно примерно примерно примерно примерно примерно примерно примерно примерно примерно примерно примерно примерно примерно примерно примерно примерно примерно примерно примерно примерно примерно примерно примерно примерно примерно примерно примерно примерно примерно примерно примерно примерно примерно примерно примерно примерно примерно примерно примерно примерно примерно примерно примерно примерно примерно примерно примерно примерно примерно примерно примерно примерно примерно примерно примерно примерно примерно примерно примерно примерно примерно примерно примерно примерно примерно примерно примерно примерно примерно примерно примерно примерно примерно примерно примерно примерно примерно примерно примерно примерно примерно примерно примерно примерно примерно примерно примерно примерно примерно примерно примерно примерно примерно примерно примерно примерно примерно примерно примерно примерно примерно примерно примерно примерно примерно примерно примерно примерно примерно примерно примерно примерно примерно примерно примерно примерно примерно примерно примерно примерно примерно примерно примерно примерно примерно примерно примерно примерно примерно примерно примерно примерно примерно примерно примерно примерно примерно примерно примерно", "numeric_answer": null, "relative_error": null, "thinking_text": null, "has_tool_call": false, "tool_call": null, "usage": {"prompt_tokens": 218, "completion_tokens": 256, "total_tokens": 474, "token_count_source": "tokenizer"}, "decoding": {"temperature": 0.2, "top_p": null, "top_k": null, "max_tokens": 256, "seed": 42}, "prompt_tokens": 218, "completion_tokens": 256, "total_tokens": 474, "token_count_source": "tokenizer", "diffusion_steps": null, "flops_estimate": null, "flops_arch": null, "flops_model_params": null, "flops_active_params": null, "tokens_non_final": 253, "tokens_reasoning": 0, "tokens_response": 253, "elapsed_seconds": 18.638498783111572, "judgement": "Uncategorized"}
{"id": "taxes_000145", "topic": "taxes", "subtopic": "post_discount_tax", "prompt": "Cart: $18.69, $24.12, $48.37 with a 15% store discount. Local sales tax is 8.5% (tax after discount). About how much is the total?", "exact_value": 84.09, "model": "tiiuae/Falcon-H1-7B-Instruct", "provider": "transformers", "response": "Finalются примерно путем приближенного расчета стоимости корзины после скидки и перед налогом примерно к примерно примерно примерно примерно примерно примерно примерно примерно примерно примерно примерно примерно примерно примерно примерно примерно примерно примерно примерно примерно примерно примерно примерно примерно примерно примерно примерно примерно примерно примерно примерно примерно примерно примерно примерно примерно примерно примерно примерно примерно примерно примерно примерно примерно примерно примерно примерно примерно примерно примерно примерно примерно примерно примерно примерно примерно примерно примерно примерно примерно примерно примерно примерно примерно примерно примерно примерно примерно примерно примерно примерно примерно примерно примерно примерно примерно примерно примерно примерно примерно примерно примерно примерно примерно примерно примерно примерно примерно примерно примерно примерно примерно примерно примерно примерно примерно примерно примерно примерно примерно примерно примерно примерно примерно примерно примерно примерно примерно примерно примерно примерно примерно примерно примерно примерно примерно примерно примерно примерно примерно примерно примерно примерно примерно примерно примерно примерно примерно примерно примерно примерно примерно примерно примерно примерно примерно примерно примерно примерно примерно примерно примерно примерно примерно примерно примерно примерно примерно примерно примерно примерно примерно примерно примерно примерно примерно примерно примерно примерно примерно примерно примерно примерно примерно примерно примерно примерно примерно примерно примерно примерно примерно примерно примерно примерно примерно примерно примерно примерно примерно примерно примерно примерно примерно примерно примерно примерно примерно примерно примерно примерно примерно примерно примерно примерно примерно примерно примерно примерно примерно примерно примерно примерно примерно примерно примерно примерно примерно примерно примерно примерно примерно примерно примерно примерно примерно примерно примерно примерно примерно примерно примерно примерно примерно примерно примерно примерно примерно примерно примерно примерно примерно примерно", "numeric_answer": null, "relative_error": null, "thinking_text": null, "has_tool_call": false, "tool_call": null, "usage": {"prompt_tokens": 217, "completion_tokens": 256, "total_tokens": 473, "token_count_source": "tokenizer"}, "decoding": {"temperature": 0.2, "top_p": null, "top_k": null, "max_tokens": 256, "seed": 42}, "prompt_tokens": 217, "completion_tokens": 256, "total_tokens": 473, "token_count_source": "tokenizer", "diffusion_steps": null, "flops_estimate": null, "flops_arch": null, "flops_model_params": null, "flops_active_params": null, "tokens_non_final": 247, "tokens_reasoning": 0, "tokens_response": 247, "elapsed_seconds": 18.63364052772522, "judgement": "Uncategorized"}
{"id": "taxes_000165", "topic": "taxes", "subtopic": "post_discount_tax", "prompt": "Cart: $36.35, $28.85, $37.41, $21.33. Local sales tax is 7.0% (tax after discount). About how much is the total?", "exact_value": 132.62, "model": "tiiuae/Falcon-H1-7B-Instruct", "provider": "transformers", "response": "Finalются примерно путем приближенного подсчета стоимости корзины и применения налога на месте примерно такальноальноется примерно путем приближенного подсчета стоимости корзины и применения налога примерно такальноальноется примерно путем приближенного подсчета стоимости корзины и применения налогальноальноется примерно путем приближенного подсчета стоимости корзины и применения налогальноальноется примерно путем приближенного подсчета стоимости корзины и применения налогальноальноется примерно путем приближенного подсчета стоимости корзины и применения налогальноальноется примерно путем приближенного подсчета стоимости корзины и применения налогальноальноется примерно путем приближенного подсчета стоимости корзины и применения налогальноальноется примерно путем приближенного подсчета стоимости корзины и применения налогальноальноется примерно путем приближенного подсчета стоимости корзины и применения налогальноальноется примерно путем приближенного подсчета стоимости корзины и применения налогальноальноется примерно путем приближенного подсчета стоимости корзины и применения налогальноальноется примерно путем приближенного подсчета стоимости корзины и применения налогальноальноется примерно путем приближенного подсчета стоимости корзины", "numeric_answer": null, "relative_error": null, "thinking_text": null, "has_tool_call": false, "tool_call": null, "usage": {"prompt_tokens": 217, "completion_tokens": 256, "total_tokens": 473, "token_count_source": "tokenizer"}, "decoding": {"temperature": 0.2, "top_p": null, "top_k": null, "max_tokens": 256, "seed": 42}, "prompt_tokens": 217, "completion_tokens": 256, "total_tokens": 473, "token_count_source": "tokenizer", "diffusion_steps": null, "flops_estimate": null, "flops_arch": null, "flops_model_params": null, "flops_active_params": null, "tokens_non_final": 130, "tokens_reasoning": 0, "tokens_response": 130, "elapsed_seconds": 18.6372332572937, "judgement": "Uncategorized"}
{"id": "taxes_000185", "topic": "taxes", "subtopic": "post_discount_tax", "prompt": "Cart: $39.06, $55.17, $5.30 with a 10% store discount. Local sales tax is 8.5% (tax after discount). About how much is the total?", "exact_value": 97.19, "model": "tiiuae/Falcon-H1-7B-Instruct", "provider": "transformers", "response": "Finalются примерно путем приближенного подсчета стоимости корзины после скидки и до уплаты налогов согласно следующему плану примерно через несколько шагов примерно через несколько шагов примерно через несколько шагов примерно через несколько шагов примерно через несколько шагов примерно через несколько шагов примерно через несколько шагов примерно через несколько шагов примерно через несколько шагов примерно через несколько шагов примерно черезются примерно путем приближенного подсчета стоимости корзины после скидки и до уплаты налогов согласно следующему плану примерно через несколько шагов примерно черезются примерно путем приближенного подсчета стоимости корзины после скидки и до уплаты налогов согласно следующему плану примерно черезются примерно путем приближенного подсчета стоимости корзины после скидки и до уплаты налогов согласно следующему плану примерно черезются примерно путем приближенного подсчета стоимости корзины после скидки и до уплаты налогов согласно следующему плану примерно черезются примерно путем приближенного подсчета стоимости корзины послеются примерно путем приближенного подсчета стоимости корзины послеются примерно путем приближенного подсчета стоимости корзины послеются примерно путем приближенного подсчета стоимости корзины", "numeric_answer": null, "relative_error": null, "thinking_text": null, "has_tool_call": false, "tool_call": null, "usage": {"prompt_tokens": 216, "completion_tokens": 256, "total_tokens": 472, "token_count_source": "tokenizer"}, "decoding": {"temperature": 0.2, "top_p": null, "top_k": null, "max_tokens": 256, "seed": 42}, "prompt_tokens": 216, "completion_tokens": 256, "total_tokens": 472, "token_count_source": "tokenizer", "diffusion_steps": null, "flops_estimate": null, "flops_arch": null, "flops_model_params": null, "flops_active_params": null, "tokens_non_final": 157, "tokens_reasoning": 0, "tokens_response": 157, "elapsed_seconds": 18.5445818901062, "judgement": "Uncategorized"}
{"id": "taxes_000205", "topic": "taxes", "subtopic": "post_discount_tax", "prompt": "Cart: $32.18, $47.34 with a 15% store discount. Local sales tax is 7.5% (tax after discount). About how much is the total?", "exact_value": 72.66, "model": "tiiuae/Falcon-H1-7B-Instruct", "provider": "transformers", "response": "Finalются примерно путем приближенного расчета стоимости корзины после скидки и перед налогом примерно к примерно примерно примерно примерно примерно примерно примерно примерно примерно примерно примерно примерно примерно примерно примерно примерно примерно примерно примерно примерно примерно примерно примерно примерно примерно примерно примерно примерно примерно примерно примерно примерно примерно примерно примерно примерно примерно примерно примерно примерно примерно примерно примерно примерно примерно примерно примерно примерно примерно примерно примерно примерно примерно примерно примерно примерно примерно примерно примерно примерно примерно примерно примерно примерно примерно примерно примерно примерно примерно примерно примерно примерно примерно примерно примерно примерно примерно примерно примерно примерно примерно примерно примерно примерно примерно примерно примерно примерно примерно примерно примерно примерно примерно примерно примерно примерно примерно примерно примерно примерно примерно примерно примерно примерно примерно примерно примерно примерно примерно примерно примерно примерно примерно примерно примерно примерно примерно примерно примерно примерно примерно примерно примерно примерно примерно примерно примерно примерно примерно примерно примерно примерно примерно примерно примерно примерно примерно примерно примерно примерно примерно примерно примерно примерно примерно примерно примерно примерно примерно примерно примерно примерно примерно примерно примерно примерно примерно примерно примерно примерно примерно примерно примерно примерно примерно примерно примерно примерно примерно примерно примерно примерно примерно примерно примерно примерно примерно примерно примерно примерно примерно примерно примерно примерно примерно примерно примерно примерно примерно примерно примерно примерно примерно примерно примерно примерно примерно примерно примерно примерно примерно примерно примерно примерно примерно примерно примерно примерно примерно примерно примерно примерно примерно примерно примерно примерно примерно примерно примерно примерно примерно примерно примерно примерно примерно примерно примерно примерно примерно примерно примерно примерно примерно", "numeric_answer": null, "relative_error": null, "thinking_text": null, "has_tool_call": false, "tool_call": null, "usage": {"prompt_tokens": 209, "completion_tokens": 256, "total_tokens": 465, "token_count_source": "tokenizer"}, "decoding": {"temperature": 0.2, "top_p": null, "top_k": null, "max_tokens": 256, "seed": 42}, "prompt_tokens": 209, "completion_tokens": 256, "total_tokens": 465, "token_count_source": "tokenizer", "diffusion_steps": null, "flops_estimate": null, "flops_arch": null, "flops_model_params": null, "flops_active_params": null, "tokens_non_final": 247, "tokens_reasoning": 0, "tokens_response": 247, "elapsed_seconds": 18.629677057266235, "judgement": "Uncategorized"}
{"id": "taxes_000225", "topic": "taxes", "subtopic": "pre_discount_tax", "prompt": "Cart: $46.98, $51.52 with a 20% store discount. Local sales tax is 7.0% (tax calculated before discount). About how much is the total?", "exact_value": 85.7, "model": "tiiuae/Falcon-H1-7B-Instruct", "provider": "transformers", "response": "Finalются примерно путем приближенного расчета стоимости корзины после скидки и налога согласно следующему плану:ются примерно путем приближенного расчета стоимости корзины после скидки и налога согласно следующему плануются примерно путем приближенного расчета стоимости корзины после скидки и налога согласно следующему плануются примерно путем приближенного расчета стоимости корзины после скидки и налога согласно следующему плануются примерно путем приближенного расчета стоимости корзины после скидки и налога согласно следующему плануются примерно путем приближенного расчета стоимости корзины после скидки и налога согласно следующему плануются примерно путем приближенного расчета стоимости корзины после скидкиются примерно путем приближенного расчета стоимости корзины после скидкиются примерно путем приближенного расчета стоимости корзиныются примерно путем приближенного расчета стоимости корзиныются примерно путем приближенного расчета стоимости корзиныются примерно путем приближенного расчета стоимости корзются примерно путем приближенного расчета стоимостиются примерно путем приближенного расчетаются примерно путем приближенного расчетаются примерно путем приближенного", "numeric_answer": null, "relative_error": null, "thinking_text": null, "has_tool_call": false, "tool_call": null, "usage": {"prompt_tokens": 210, "completion_tokens": 256, "total_tokens": 466, "token_count_source": "tokenizer"}, "decoding": {"temperature": 0.2, "top_p": null, "top_k": null, "max_tokens": 256, "seed": 42}, "prompt_tokens": 210, "completion_tokens": 256, "total_tokens": 466, "token_count_source": "tokenizer", "diffusion_steps": null, "flops_estimate": null, "flops_arch": null, "flops_model_params": null, "flops_active_params": null, "tokens_non_final": 135, "tokens_reasoning": 0, "tokens_response": 135, "elapsed_seconds": 18.733012437820435, "judgement": "Uncategorized"}
{"id": "taxes_000245", "topic": "taxes", "subtopic": "post_discount_tax", "prompt": "Cart: $7.93, $42.44 with a 20% store discount. Local sales tax is 8.5% (tax after discount). About how much is the total?", "exact_value": 43.72, "model": "tiiuae/Falcon-H1-7B-Instruct", "provider": "transformers", "response": "Finalются примерно путем приближенного расчета стоимости корзины после скидки и перед налогом примерно к примерно примерно примерно примерно примерно примерно примерно примерно примерно примерно примерно примерно примерно примерно примерно примерно примерно примерно примерно примерно примерно примерно примерно примерно примерно примерно примерно примерно примерно примерно примерно примерно примерно примерно примерно примерно примерно примерно примерно примерно примерно примерно примерно примерно примерно примерно примерно примерно примерно примерно примерно примерно примерно примерно примерно примерно примерно примерно примерно примерно примерно примерно примерно примерно примерно примерно примерно примерно примерно примерно примерно примерно примерно примерно примерно примерно примерно примерно примерно примерно примерно примерно примерно примерно примерно примерно примерно примерно примерно примерно примерно примерно примерно примерно примерно примерно примерно примерно примерно примерно примерно примерно примерно примерно примерно примерно примерно примерно примерно примерно примерно примерно примерно примерно примерно примерно примерно примерно примерно примерно примерно примерно примерно примерно примерно примерно примерно примерно примерно примерно примерно примерно примерно примерно примерно примерно примерно примерно примерно примерно примерно примерно примерно примерно примерно примерно примерно примерно примерно примерно примерно примерно примерно примерно примерно примерно примерно примерно примерно примерно примерно примерно примерно примерно примерно примерно примерно примерно примерно примерно примерно примерно примерно примерно примерно примерно примерно примерно примерно примерно примерно примерно примерно примерно примерно примерно примерно примерно примерно примерно примерно примерно примерно примерно примерно примерно примерно примерно примерно примерно примерно примерно примерно примерно примерно примерно примерно примерно примерно примерно примерно примерно примерно примерно примерно примерно примерно примерно примерно примерно примерно примерно примерно примерно примерно примерно примерно примерно примерно примерно примерно примерно примерно", "numeric_answer": null, "relative_error": null, "thinking_text": null, "has_tool_call": false, "tool_call": null, "usage": {"prompt_tokens": 208, "completion_tokens": 256, "total_tokens": 464, "token_count_source": "tokenizer"}, "decoding": {"temperature": 0.2, "top_p": null, "top_k": null, "max_tokens": 256, "seed": 42}, "prompt_tokens": 208, "completion_tokens": 256, "total_tokens": 464, "token_count_source": "tokenizer", "diffusion_steps": null, "flops_estimate": null, "flops_arch": null, "flops_model_params": null, "flops_active_params": null, "tokens_non_final": 247, "tokens_reasoning": 0, "tokens_response": 247, "elapsed_seconds": 18.769832611083984, "judgement": "Uncategorized"}
{"id": "taxes_000265", "topic": "taxes", "subtopic": "pre_discount_tax", "prompt": "Cart: $49.77, $52.43 with a 15% store discount. Local sales tax is 7.0% (tax calculated before discount). About how much is the total?", "exact_value": 94.02, "model": "tiiuae/Falcon-H1-7B-Instruct", "provider": "transformers", "response": "Finalются примерно путем приближенного расчета стоимости корзины после скидки и налога согласно следующему плану примерно приближенным путем путем приближенного расчета стоимости корзины после скидки и налога согласно следующему плану примерно приближенным путем путем приближенного расчета стоимости корзины после скидки и налога согласно следующему плану примерно приближенным путем путем приближенного расчета стоимости корзины после скидки и налога согласно следующему плану примерно приближенным путем путем приближенного расчета стоимости корзины после скидки и налога согласно следующему плану примерно приближенным путем путем приближенного расчета стоимости корзины после скидки и налога согласно следующему плану примерно приближенным путем путем приближенного расчета стоимости корзины после скидки и налога согласно следующему плану примерно приближенным путем путем приближенного расчета стоимости корзины после скидки и налога согласно следующему плану примерно приближенным путем путем приближенного расчета стоимости корзины после скидки и налога согласно следующему плану примерно приближенным путем путем приближенного расчета стоимости корзины", "numeric_answer": null, "relative_error": null, "thinking_text": null, "has_tool_call": false, "tool_call": null, "usage": {"prompt_tokens": 210, "completion_tokens": 256, "total_tokens": 466, "token_count_source": "tokenizer"}, "decoding": {"temperature": 0.2, "top_p": null, "top_k": null, "max_tokens": 256, "seed": 42}, "prompt_tokens": 210, "completion_tokens": 256, "total_tokens": 466, "token_count_source": "tokenizer", "diffusion_steps": null, "flops_estimate": null, "flops_arch": null, "flops_model_params": null, "flops_active_params": null, "tokens_non_final": 142, "tokens_reasoning": 0, "tokens_response": 142, "elapsed_seconds": 18.763915538787842, "judgement": "Uncategorized"}
{"id": "taxes_000285", "topic": "taxes", "subtopic": "pre_discount_tax", "prompt": "Cart: $55.10, $57.04, $26.06. Local sales tax is 8.0% (tax calculated before discount). About how much is the total?", "exact_value": 149.26, "model": "tiiuae/Falcon-H1-7B-Instruct", "provider": "transformers", "response": "Finalются примерно путем приближения стоимости товаров до ближайших удобных чисел и затем прибавления налога примерно до ближайшего кратного числа примерно до ются примерно путем приближения стоимости товаров до ближайших удобных чисел и затем прибавления налога примерно до ближайшего кратного числа примерно до", "numeric_answer": null, "relative_error": null, "thinking_text": null, "has_tool_call": false, "tool_call": null, "usage": {"prompt_tokens": 210, "completion_tokens": 65, "total_tokens": 275, "token_count_source": "tokenizer"}, "decoding": {"temperature": 0.2, "top_p": null, "top_k": null, "max_tokens": 256, "seed": 42}, "prompt_tokens": 210, "completion_tokens": 65, "total_tokens": 275, "token_count_source": "tokenizer", "diffusion_steps": null, "flops_estimate": null, "flops_arch": null, "flops_model_params": null, "flops_active_params": null, "tokens_non_final": 42, "tokens_reasoning": 0, "tokens_response": 42, "elapsed_seconds": 4.760492324829102, "judgement": "Uncategorized"}
{"id": "taxes_000305", "topic": "taxes", "subtopic": "post_discount_tax", "prompt": "Cart: $11.77, $16.54, $39.43, $8.08 with a 15% store discount. Local sales tax is 8.0% (tax after discount). About how much is the total?", "exact_value": 69.6, "model": "tiiuae/Falcon-H1-7B-Instruct", "provider": "transformers", "response": "Finalются примерно путем приближения стоимости товаров до ближайших удобных чисел и учитывая скидку и налог примерно такальноются примерно путем приближения стоимости товаров до ближайших удобных чисел и учитывая скидку и налог примерно такальноется примерно путем приближения стоимости товаров до ближайших удобных чисел и учитываяются примерно путем приближения стоимости товаров до ближайших удобных чисел и учитываяются примерно путем приближения стоимости товаров до ближайших удобных чисел и учитываяются примерно путем приближения стоимостиются примерно путем приближения стоимостиются примерно путем приближения стоимостиются примерно путем приближения стоимостиются примерно путем приближения стоимостиются примерно путем приближения стоимостиются примерно путем приближения стоимостиются примерно путем приближения стоимостиются примерно путем приближения стоимостиются примерно путем приближения стоимостиются примерно путем приближения стоимостиются примерно путем приближения стоимостиются примерно путем приближения стоимостиются примерно путем приближения стоимостиются примерно путем приближения стоимостиются примерно путем приближения стоимостиются примерно путем приближения стоимостиются примерно путем приближения стоимостиются примерно путем приближения стоимостиются примерно путем приближения стоимостиются примерно путем приближения стоимостиются примерно", "numeric_answer": null, "relative_error": null, "thinking_text": null, "has_tool_call": false, "tool_call": null, "usage": {"prompt_tokens": 224, "completion_tokens": 256, "total_tokens": 480, "token_count_source": "tokenizer"}, "decoding": {"temperature": 0.2, "top_p": null, "top_k": null, "max_tokens": 256, "seed": 42}, "prompt_tokens": 224, "completion_tokens": 256, "total_tokens": 480, "token_count_source": "tokenizer", "diffusion_steps": null, "flops_estimate": null, "flops_arch": null, "flops_model_params": null, "flops_active_params": null, "tokens_non_final": 151, "tokens_reasoning": 0, "tokens_response": 151, "elapsed_seconds": 18.585768938064575, "judgement": "Uncategorized"}
{"id": "taxes_000325", "topic": "taxes", "subtopic": "post_discount_tax", "prompt": "Cart: $39.73, $18.58, $45.77, $3.63, $35.20 with a 20% store discount. Local sales tax is 6.0% (tax after discount). About how much is the total?", "exact_value": 121.19, "model": "tiiuae/Falcon-H1-7B-Instruct", "provider": "transformers", "response": "Finalются примерно путем приближенного расчета стоимости корзины после скидки и перед налогомются примерно путем приближенного расчета стоимости корзины после скидки и перед налогомются примерно путем приближенного расчета стоимости корзины после скидки и перед налогомются примерно путем приближенного расчета стоимости корзины после скидки и перед налогомются примерно путем приближенного расчета стоимости корзины после скидки и перед налогомются примерно путем приближенного расчета стоимости корзины после скидки и перед налогомываются примерно путем приближенного расчета стоимости корзины после скидкиются примерно путем приближенного расчета стоимости корзиныются примерно путем приближенного расчета стоимости корзиныются примерно путем приближенного расчета стоимости корзиныются примерно путем приближенного расчета стоимости корзиныются примерно путем приближенного расчета стоимости корзиныются примерно путем приближенного расчета стоимости корзиныются примерно путем приближенного расчета стоимости корзиныются примерно путем приближенного расчета стоимости корзиныются примерно путем приближенного расчета стоимости корзиныются примерно путем приближенного расчета стоимости корз", "numeric_answer": null, "relative_error": null, "thinking_text": null, "has_tool_call": false, "tool_call": null, "usage": {"prompt_tokens": 232, "completion_tokens": 256, "total_tokens": 488, "token_count_source": "tokenizer"}, "decoding": {"temperature": 0.2, "top_p": null, "top_k": null, "max_tokens": 256, "seed": 42}, "prompt_tokens": 232, "completion_tokens": 256, "total_tokens": 488, "token_count_source": "tokenizer", "diffusion_steps": null, "flops_estimate": null, "flops_arch": null, "flops_model_params": null, "flops_active_params": null, "tokens_non_final": 135, "tokens_reasoning": 0, "tokens_response": 135, "elapsed_seconds": 18.5458722114563, "judgement": "Uncategorized"}
{"id": "taxes_000345", "topic": "taxes", "subtopic": "post_discount_tax", "prompt": "Cart: $24.56, $46.80, $5.58, $29.56 with a 20% store discount. Local sales tax is 7.0% (tax after discount). About how much is the total?", "exact_value": 91.16, "model": "tiiuae/Falcon-H1-7B-Instruct", "provider": "transformers", "response": "Finalются примерно путем приближенной вычисления стоимости корзины после скидки и налога согласно следующему плану примерно до ближайшего числа на пять или десять процентов согласно следующему плану примерно до ближайшего числа на пять или десять процентов согласно следующему плану примерно до ближайшего числа наются примерно путем приближенной вычисфикации стоимости корзины после скидки и налога согласно следующему плану примерно до ближайшего числа на пять или десять процентов согласно следующему плану примерно до ближайшего числа на пять или десять процентов согласно следующему плану примерно до ближайшего числа на пять или десять процентов согласно следующему плану примерно до ближайшего числа на пятьются путем приближенной вычисфикации стоимости корзины после скидки и налога согласно следующему плану примерно до ближайшего числа на пятьются путем приближенной вычисфикации стоимости корзины после скидки и налога согласно следующему плану примерно до ближайшего числа на пятьются путем приближенной вычисфикации стоимости корзины после скидки и налога согласно следующему плану примерно до ближайшего числа на пятьются путем приближеннойются путем приближеннойются путем приближеннойются путем приближеннойются путем приближ", "numeric_answer": null, "relative_error": null, "thinking_text": null, "has_tool_call": false, "tool_call": null, "usage": {"prompt_tokens": 224, "completion_tokens": 256, "total_tokens": 480, "token_count_source": "tokenizer"}, "decoding": {"temperature": 0.2, "top_p": null, "top_k": null, "max_tokens": 256, "seed": 42}, "prompt_tokens": 224, "completion_tokens": 256, "total_tokens": 480, "token_count_source": "tokenizer", "diffusion_steps": null, "flops_estimate": null, "flops_arch": null, "flops_model_params": null, "flops_active_params": null, "tokens_non_final": 162, "tokens_reasoning": 0, "tokens_response": 162, "elapsed_seconds": 18.568766355514526, "judgement": "Uncategorized"}
{"id": "taxes_000365", "topic": "taxes", "subtopic": "pre_discount_tax", "prompt": "Cart: $25.08, $28.92, $32.37 with a 15% store discount. Local sales tax is 6.0% (tax calculated before discount). About how much is the total?", "exact_value": 78.6, "model": "tiiuae/Falcon-H1-7B-Instruct", "provider": "transformers", "response": "Finalются примерно путем приближенной вычисления стоимости корзины после скидки и налога согласно следующему плану примерноются путем приближенной вычисфикации стоимости корзины после скидки и налога согласно следующему плану примерноются путем приближенной вычисфикации стоимости корзины после скидки и налога согласно следующему плану примерноются путем приближенной вычисфикации стоимости корзины после скидки и налога согласно следующему плану примерноются путем приближенной вычисфикации стоимости корзины после скидки и налога согласно следующему плану примерноются путем приближенной вычисфикации стоимости корзины после скидки и налога согласно следующему плану примерноются путем приближеннойются путем приближеннойются путем приближеннойются путем приближеннойются путем приближеннойются путем приближеннойются путем приближеннойются путем приближеннойются путем приближеннойются путем приближеннойются путем приближеннойются путем приближеннойются путем приближеннойются путем приближеннойются путем приближеннойются путем приближеннойются путем приближеннойются путем приближеннойются путем приближеннойются путем приближеннойются путем приближ", "numeric_answer": null, "relative_error": null, "thinking_text": null, "has_tool_call": false, "tool_call": null, "usage": {"prompt_tokens": 218, "completion_tokens": 256, "total_tokens": 474, "token_count_source": "tokenizer"}, "decoding": {"temperature": 0.2, "top_p": null, "top_k": null, "max_tokens": 256, "seed": 42}, "prompt_tokens": 218, "completion_tokens": 256, "total_tokens": 474, "token_count_source": "tokenizer", "diffusion_steps": null, "flops_estimate": null, "flops_arch": null, "flops_model_params": null, "flops_active_params": null, "tokens_non_final": 122, "tokens_reasoning": 0, "tokens_response": 122, "elapsed_seconds": 18.65056300163269, "judgement": "Uncategorized"}
{"id": "taxes_000385", "topic": "taxes", "subtopic": "pre_discount_tax", "prompt": "Cart: $51.59, $30.61, $22.59, $17.83 with a 10% store discount. Local sales tax is 8.5% (tax calculated before discount). About how much is the total?", "exact_value": 120.78, "model": "tiiuae/Falcon-H1-7B-Instruct", "provider": "transformers", "response": "Finalются примерно путем приближенного подсчета стоимости корзины после уплаты налогов до скидки и применения скидки примерно в размере ются примерно путем приближенного подсчета стоимости корзины после уплаты налогов до скидки и применения скидки примерно в размере", "numeric_answer": null, "relative_error": null, "thinking_text": null, "has_tool_call": false, "tool_call": null, "usage": {"prompt_tokens": 226, "completion_tokens": 61, "total_tokens": 287, "token_count_source": "tokenizer"}, "decoding": {"temperature": 0.2, "top_p": null, "top_k": null, "max_tokens": 256, "seed": 42}, "prompt_tokens": 226, "completion_tokens": 61, "total_tokens": 287, "token_count_source": "tokenizer", "diffusion_steps": null, "flops_estimate": null, "flops_arch": null, "flops_model_params": null, "flops_active_params": null, "tokens_non_final": 36, "tokens_reasoning": 0, "tokens_response": 36, "elapsed_seconds": 4.449017763137817, "judgement": "Uncategorized"}
{"id": "taxes_000405", "topic": "taxes", "subtopic": "pre_discount_tax", "prompt": "Cart: $53.39, $53.80, $28.30, $24.65, $5.80 with a 20% store discount. Local sales tax is 7.0% (tax calculated before discount). About how much is the total?", "exact_value": 144.37, "model": "tiiuae/Falcon-H1-7B-Instruct", "provider": "transformers", "response": "Finalются примерно путем приближения стоимости товаров до ближайших удобных чисел и учитывая налог и скидку примерно такальноальноальноальноальноальноальноальноальноальноальноальноальноальноальноальноальноальноальноальноальноальноальноальноальноальноальноальноальноальноальноальноальноальноальноальноальноальноальноальноальноальноальноальноальноальноальноальноальноальноальноальноальноальноальноальноальноальноальноальноальноальноальноальноальноальноальноальноальноальноальноальноальноальноальноальноальноальноальноальноальноальноальноальноальноальноальноальноальноальноальноальноальноальноальноальноальноальноальноальноальноальноальноальноальноальноальноальноальноальноальноальноальноальноальноальноальноальноальноальноальноальноальноальноальноальноальноальноальноальноальноальноальноальноальноальноальноальноальноальноальноальноальноальноальноальноальноальноальноальноальноальноальноальноальноальноальноальноальноальноальноальноальноальноальноальноальноальноальноальноальноальноальноальноальноальноальноальноальноальноальноальноальноальноальноальноальноальноальноальноальноальноальноальноальноальноальноальноальноальноальноальноальноальноальноальноальноальноальноальноальноальноальноальноальноальноальноальноальноальноальноальноальноальноальноальноальноальноальноально", "numeric_answer": null, "relative_error": null, "thinking_text": null, "has_tool_call": false, "tool_call": null, "usage": {"prompt_tokens": 233, "completion_tokens": 256, "total_tokens": 489, "token_count_source": "tokenizer"}, "decoding": {"temperature": 0.2, "top_p": null, "top_k": null, "max_tokens": 256, "seed": 42}, "prompt_tokens": 233, "completion_tokens": 256, "total_tokens": 489, "token_count_source": "tokenizer", "diffusion_steps": null, "flops_estimate": null, "flops_arch": null, "flops_model_params": null, "flops_active_params": null, "tokens_non_final": 17, "tokens_reasoning": 0, "tokens_response": 17, "elapsed_seconds": 18.64020276069641, "judgement": "Uncategorized"}
{"id": "taxes_000425", "topic": "taxes", "subtopic": "post_discount_tax", "prompt": "Cart: $22.61, $7.97, $56.54, $11.80. Local sales tax is 7.0% (tax after discount). About how much is the total?", "exact_value": 105.84, "model": "tiiuae/Falcon-H1-7B-Instruct", "provider": "transformers", "response": "Finalются примерно путем приближения стоимости товаров до ближайших удобных чисел и затем прибавления налога примерно до ближайшего кратного числа примерно до процентов примерно до процентов примерно до процентов примерно до процентов примерно до процентов примерно до процентов примерно до процентов примерно до процентов примерно до процентов примерно до процентов примерно до процентов примерно до процентов примерно до процентов примерно до процентов примерно до процентов примерно до процентов примерно до процентов примерно до процентов примерно до процентов примерно до процентов примерно до процентов примерно до процентов примерно до процентов примерно до процентов примерно до процентов примерно до процентов примерно до процентов примерно до процентов примерно до процентов примерно до процентов примерно до процентов примерно до процентов примерно до процентов примерно до процентов примерно до процентов примерно до процентов примерно до процентов примерно до процентов примерно до процентов примерно до процентов примерно до процентов примерно до процентов примерно до процентов примерно до процентов примерно до процентов примерно до процентов примерно до процентов примерно до процентов примерно до процентов примерно до процентов примерно до процентов примерно до процентов примерно до процентов примерно до процентов примерно до процентов примерно до процентов примерно до процентов примерно до процентов примерно до процентов примерно до процентов примерно до процентов примерно до процентов примерно до процентов примерно до процентов примерно до процентов примерно до процентов примерно до процентов примерно до процентов примерно до процентов примерно до процентов примерно до процентов примерно до процентов примерно до процентов примерно до процентов примерно до процентов примерно", "numeric_answer": null, "relative_error": null, "thinking_text": null, "has_tool_call": false, "tool_call": null, "usage": {"prompt_tokens": 216, "completion_tokens": 256, "total_tokens": 472, "token_count_source": "tokenizer"}, "decoding": {"temperature": 0.2, "top_p": null, "top_k": null, "max_tokens": 256, "seed": 42}, "prompt_tokens": 216, "completion_tokens": 256, "total_tokens": 472, "token_count_source": "tokenizer", "diffusion_steps": null, "flops_estimate": null, "flops_arch": null, "flops_model_params": null, "flops_active_params": null, "tokens_non_final": 245, "tokens_reasoning": 0, "tokens_response": 245, "elapsed_seconds": 18.64950466156006, "judgement": "Uncategorized"}
{"id": "taxes_000445", "topic": "taxes", "subtopic": "pre_discount_tax", "prompt": "Cart: $46.59, $16.28. Local sales tax is 8.5% (tax calculated before discount). About how much is the total?", "exact_value": 68.21, "model": "tiiuae/Falcon-H1-7B-Instruct", "provider": "transformers", "response": "Finalются примерно путем приближения стоимости товаров до ближайших удобных чисел и последующего расчета с учетом налога примерно такальноются примерно путем приближения стоимости товаров до ближайших удобных чисел и последующего расчета с учетом налога примерно такальноются примерно путем приближения стоимости товаров до ближайших удобных чисел и последующего расчета с учетом налогальной ставки примерно такальноются примерно путем приближения стоимости товаров до ближайших удобных чисел и последующего расчета примерно такальноются примерно путем приближения стоимости товаров до ближайших удобных чисел и последующего расчета примерно такальноются примерно путем приближения стоимости товаров до ближайших удобных чисел и последующего расчета примерно такальноются примерно путем приближения стоимости товаров до ближайших удобных чисел и последующего расчета примерно такальноются примерно путем приближения стоимости товаров до ближайших удобных чисел и последующего расчета примерно такальноются примерно путем приближения стоимости товаров до ближайших удобных чисел и последующего расчета примерно такальноются примерно путем приближения стоимости товаров до ближайших удобных чисел и последующего расчета примерно такальноются примерно путем приближения стоимости товаров до ближайших удоб", "numeric_answer": null, "relative_error": null, "thinking_text": null, "has_tool_call": false, "tool_call": null, "usage": {"prompt_tokens": 202, "completion_tokens": 256, "total_tokens": 458, "token_count_source": "tokenizer"}, "decoding": {"temperature": 0.2, "top_p": null, "top_k": null, "max_tokens": 256, "seed": 42}, "prompt_tokens": 202, "completion_tokens": 256, "total_tokens": 458, "token_count_source": "tokenizer", "diffusion_steps": null, "flops_estimate": null, "flops_arch": null, "flops_model_params": null, "flops_active_params": null, "tokens_non_final": 159, "tokens_reasoning": 0, "tokens_response": 159, "elapsed_seconds": 18.721107006072998, "judgement": "Uncategorized"}
{"id": "taxes_000465", "topic": "taxes", "subtopic": "pre_discount_tax", "prompt": "Cart: $4.60, $30.69, $19.15 with a 10% store discount. Local sales tax is 7.0% (tax calculated before discount). About how much is the total?", "exact_value": 52.81, "model": "tiiuae/Falcon-H1-7B-Instruct", "provider": "transformers", "response": "Finalются примерно путем приближенного расчета стоимости корзины и применения налога до скидки согласно предоставленным даннымются примерно путем приближенного расчета стоимости корзины и применения налога до скидки согласно предоставленным даннымются примерно путем приближенного расчета стоимости корзины и применения налога до скидки согласно предоставленным даннымются примерно путем приближенного расчета стоимости корзины и применения налога до скидки согласно предоставленным даннымются примерно путем приближенного расчета стоимости корзины и применения налога до скидки согласно предоставленным даннымываются примерно путем приближенного расчета стоимости корзины и применения налога до скидки согласно предоставленным даннымываются примерно путем приближенного расчета стоимости корзины и применения налога до скидки согласно предоставленным даннымываются примерно путем приближенного расчета стоимости корзины и применения налога до скидки согласно предоставленным даннымываются примерно путем приближенного расчета стоимости корзины и применения налога до скидки согласно предоставленным даннымываются примерно путем приближенного расчета стоимости корзины и применения налога до скидки согласно предоставленным даннымываются примерно путем приближ", "numeric_answer": null, "relative_error": null, "thinking_text": null, "has_tool_call": false, "tool_call": null, "usage": {"prompt_tokens": 217, "completion_tokens": 256, "total_tokens": 473, "token_count_source": "tokenizer"}, "decoding": {"temperature": 0.2, "top_p": null, "top_k": null, "max_tokens": 256, "seed": 42}, "prompt_tokens": 217, "completion_tokens": 256, "total_tokens": 473, "token_count_source": "tokenizer", "diffusion_steps": null, "flops_estimate": null, "flops_arch": null, "flops_model_params": null, "flops_active_params": null, "tokens_non_final": 144, "tokens_reasoning": 0, "tokens_response": 144, "elapsed_seconds": 18.744168758392334, "judgement": "Uncategorized"}
{"id": "taxes_000485", "topic": "taxes", "subtopic": "post_discount_tax", "prompt": "Cart: $34.84, $9.92, $58.12 with a 15% store discount. Local sales tax is 8.0% (tax after discount). About how much is the total?", "exact_value": 94.44, "model": "tiiuae/Falcon-H1-7B-Instruct", "provider": "transformers", "response": "Finalются примерно путем приближенного расчета стоимости корзины после скидки и перед налогомываются примерно путем приближенного расчета стоимости корзины после скидки и перед налогомываются примерно путем приближенного расчета стоимости корзины после скидки и перед налогомываются примерно путем приближенного расчета стоимости корзины после скидки и перед налогомываются примерно путем приближенного расчета стоимости корзины после скидки и перед налогомываются примерно путем приближенного расчета стоимости корзины после скидки и перед налогомываются примерно путем приближенного расчета стоимости корзины после скидки и перед налогомываются примерно путем приближенного расчета стоимости корзины после скидки и перед налогомываются примерно путем приближенного расчета стоимости корзины после скидки и перед налогомываются примерно путем приближенного расчета стоимости корзины после скидки и перед налогомываются примерно путем приближенного расчета стоимости корзины после скидки и перед налогомываются примерно путем приближенного расчета стоимости корзины после скидки и перед налогомываются примерно путем приближенного расчета стоимости корзины после скид", "numeric_answer": null, "relative_error": null, "thinking_text": null, "has_tool_call": false, "tool_call": null, "usage": {"prompt_tokens": 216, "completion_tokens": 256, "total_tokens": 472, "token_count_source": "tokenizer"}, "decoding": {"temperature": 0.2, "top_p": null, "top_k": null, "max_tokens": 256, "seed": 42}, "prompt_tokens": 216, "completion_tokens": 256, "total_tokens": 472, "token_count_source": "tokenizer", "diffusion_steps": null, "flops_estimate": null, "flops_arch": null, "flops_model_params": null, "flops_active_params": null, "tokens_non_final": 141, "tokens_reasoning": 0, "tokens_response": 141, "elapsed_seconds": 18.716542959213257, "judgement": "Uncategorized"}
{"id": "taxes_000505", "topic": "taxes", "subtopic": "post_discount_tax", "prompt": "Cart: $21.24, $18.83, $46.12, $12.11, $38.47 with a 15% store discount. Local sales tax is 7.0% (tax after discount). About how much is the total?", "exact_value": 124.39, "model": "tiiuae/Falcon-H1-7B-Instruct", "provider": "transformers", "response": "Finalются примерно путем приближенного расчета стоимости корзины после скидки и перед налогомются примерно путем приближенного расчета стоимости корзины после скидки и перед налогомются примерно путем приближенного расчета стоимости корзины после скидки и перед налогомются примерно путем приближенного расчета стоимости корзины после скидки и перед налогомются примерно путем приближенного расчета стоимости корзины после скидки и перед налогомются примерно путем приближенного расчета стоимости корзины после скидки и перед налогомываются примерно путем приближенного расчета стоимости корзины после скидкиются примерно путем приближенного расчета стоимости корзиныются примерно путем приближенного расчета стоимостиются примерно путем приближенного расчетаываются примерно путем приближенного расчетаются примерно путем приближенного расчетаются примерно путем приближенного расчетаются примерно путем приближенного расчетаются примерно путем приближенного расчетаются примерно путем приближенного расчетаются примерно путем приближенного расчетаются примерно путем приближенного расчетаются примерно путем приближенного расчетаются примерно путем приближенного расчетаются примерно путем приближенного расчетаются примерно", "numeric_answer": null, "relative_error": null, "thinking_text": null, "has_tool_call": false, "tool_call": null, "usage": {"prompt_tokens": 233, "completion_tokens": 256, "total_tokens": 489, "token_count_source": "tokenizer"}, "decoding": {"temperature": 0.2, "top_p": null, "top_k": null, "max_tokens": 256, "seed": 42}, "prompt_tokens": 233, "completion_tokens": 256, "total_tokens": 489, "token_count_source": "tokenizer", "diffusion_steps": null, "flops_estimate": null, "flops_arch": null, "flops_model_params": null, "flops_active_params": null, "tokens_non_final": 135, "tokens_reasoning": 0, "tokens_response": 135, "elapsed_seconds": 18.906401872634888, "judgement": "Uncategorized"}
{"id": "taxes_000525", "topic": "taxes", "subtopic": "pre_discount_tax", "prompt": "Cart: $40.81, $31.93, $33.24, $7.40. Local sales tax is 7.0% (tax calculated before discount). About how much is the total?", "exact_value": 121.32, "model": "tiiuae/Falcon-H1-7B-Instruct", "provider": "transformers", "response": "Finalются примерно путем приближения стоимости товаров до ближайших удобных чисел и затем вычисления примерно стоимости после уплаты налога путем прибавки процента налога к стоимости до налога путем прибавки примерно процентов к стоимости до налога путем прибавки примерно процентов к стоимости до налогации путем прибавки примерно процентов к стоимости до налогации путем прибавки примерно процентов к стоимости до налогации путем прибавки примерно процентов к стоимости до налогации путем прибавки примерно процентов к стоимости до налогации путем прибавки примерно процентов к стоимости до налогации путем прибавки примерно процентов к стоимости до налогации путем прибавки примерно процентов к стоимости до налогации путем прибавки примерно процентов к стоимости до налогации путем прибавки примерно процентов к стоимости до налогации путем прибавки примерно процентов к стоимости до налогации путем прибавки примерно процентов к стоимости до налогации путем прибавки примерно процентов к стоимости до налогации путем прибавки примерно процентов к стоимости до налогации путем прибавки примерно процентов к стоимости до налогации путем прибавки примерно процентов к стоимости до налогации путем прибавки примерно процентов к стоимости до налогации путем прибавки примерно процентов к стоимости до налогации путем прибавки примерно процентов к", "numeric_answer": null, "relative_error": null, "thinking_text": null, "has_tool_call": false, "tool_call": null, "usage": {"prompt_tokens": 217, "completion_tokens": 256, "total_tokens": 473, "token_count_source": "tokenizer"}, "decoding": {"temperature": 0.2, "top_p": null, "top_k": null, "max_tokens": 256, "seed": 42}, "prompt_tokens": 217, "completion_tokens": 256, "total_tokens": 473, "token_count_source": "tokenizer", "diffusion_steps": null, "flops_estimate": null, "flops_arch": null, "flops_model_params": null, "flops_active_params": null, "tokens_non_final": 183, "tokens_reasoning": 0, "tokens_response": 183, "elapsed_seconds": 18.730093002319336, "judgement": "Uncategorized"}
{"id": "taxes_000545", "topic": "taxes", "subtopic": "pre_discount_tax", "prompt": "Cart: $59.68, $15.72 with a 15% store discount. Local sales tax is 8.5% (tax calculated before discount). About how much is the total?", "exact_value": 70.5, "model": "tiiuae/Falcon-H1-7B-Instruct", "provider": "transformers", "response": "Finalются примерно путем приближенного расчета стоимости корзины после применения скидки и налога согласно следующему плану примерноется путем приближенного расчета стоимости корзины после применения скидки и налога согласно следующему плану примерноется путем приближенного расчета стоимости корзины после применения скидки и налога согласно следующему плану примерноется путем приближенного расчета стоимости корзины после применения скидки и налога согласно следующему плану примерноется путем приближенного расчета стоимости корзины после применения скидки и налога согласно следующему плану примерноется путем приближенного расчета стоимости корзины после применения скидки и налога согласно следующему плану примерноется путем приближенного расчета стоимости корзины после применения скидки и налога согласно следующему плану примерноется путем приближенного расчета стоимости корзины после применения скидки и налога согласно следующему плану примерноется путем приближенного расчета стоимости корзины после применения скидки и налога согласно следующему плану примерноется путем приближенного расчета стоимости корзины после применения скидки и налога согласно следующему плану примерноется путем приближ", "numeric_answer": null, "relative_error": null, "thinking_text": null, "has_tool_call": false, "tool_call": null, "usage": {"prompt_tokens": 210, "completion_tokens": 256, "total_tokens": 466, "token_count_source": "tokenizer"}, "decoding": {"temperature": 0.2, "top_p": null, "top_k": null, "max_tokens": 256, "seed": 42}, "prompt_tokens": 210, "completion_tokens": 256, "total_tokens": 466, "token_count_source": "tokenizer", "diffusion_steps": null, "flops_estimate": null, "flops_arch": null, "flops_model_params": null, "flops_active_params": null, "tokens_non_final": 144, "tokens_reasoning": 0, "tokens_response": 144, "elapsed_seconds": 18.661535501480103, "judgement": "Uncategorized"}
{"id": "taxes_000565", "topic": "taxes", "subtopic": "pre_discount_tax", "prompt": "Cart: $26.85, $46.69, $42.49 with a 10% store discount. Local sales tax is 8.0% (tax calculated before discount). About how much is the total?", "exact_value": 113.71, "model": "tiiuae/Falcon-H1-7B-Instruct", "provider": "transformers", "response": "Finalются примерно путем приближенного расчета стоимости корзины после учета налога и скидки согласно следующему плану:ются примерно путем приближенного расчета стоимости корзины после учета налога и скидки согласно следующему плануются примерно путем приближенного расчета стоимости корзины после учета налога и скидки согласно следующему плануются примерно путем приближенного расчета стоимости корзины после учета налога и скидки согласно следующему плануются примерно путем приближенного расчета стоимости корзины после учета налога и скидки согласно следующему плануются примерно путем приближенного расчета стоимости корзины после учета налога и скидки согласно следующему плануются примерно путем приближенного расчета стоимости корзины после учета налога и скидки согласно следующему плануются примерно путем приближенного расчета стоимости корзины после учета налога и скидки согласно следующему плануются примерно путем приближенного расчета стоимости корзины после учета налога и скидки согласно следующему плануются примерно путем приближенного расчета стоимости корзины после учета налога и скид", "numeric_answer": null, "relative_error": null, "thinking_text": null, "has_tool_call": false, "tool_call": null, "usage": {"prompt_tokens": 218, "completion_tokens": 256, "total_tokens": 474, "token_count_source": "tokenizer"}, "decoding": {"temperature": 0.2, "top_p": null, "top_k": null, "max_tokens": 256, "seed": 42}, "prompt_tokens": 218, "completion_tokens": 256, "total_tokens": 474, "token_count_source": "tokenizer", "diffusion_steps": null, "flops_estimate": null, "flops_arch": null, "flops_model_params": null, "flops_active_params": null, "tokens_non_final": 138, "tokens_reasoning": 0, "tokens_response": 138, "elapsed_seconds": 18.623056411743164, "judgement": "Uncategorized"}
{"id": "taxes_000585", "topic": "taxes", "subtopic": "pre_discount_tax", "prompt": "Cart: $39.46, $16.46, $27.60 with a 15% store discount. Local sales tax is 7.5% (tax calculated before discount). About how much is the total?", "exact_value": 77.26, "model": "tiiuae/Falcon-H1-7B-Instruct", "provider": "transformers", "response": "Finalются примерно путем приближенного расчета стоимости корзины после скидки и перед учетом налога на продажются путем приближенного расчета стоимости корзины после скидки и перед учетом налога на продажются путем приближенного расчета стоимости корзины после скидки и перед учетом налога на продажются путем приближенного расчета стоимости корзины после скидки и перед учетом налога на продажются путем приближенного расчета стоимости корзины после скидки и перед учетом налога на продажются путем приближенного расчета стоимости корзины после скидки и перед учетом налога на продажются путем приближенного расчета стоимости корзины послеются путем приближенного расчета стоимости корзины послеются путем приближенного расчета стоимости корзины послеются путем приближенного расчета стоимости корзины послеются путем приближенного расчета стоимости корзины послеются путем приближенного расчета стоимости корзины послеются путем приближенного расчета стоимости корзины послеются путем приближенного расчета стоимости корзины послеются путем приближенного расчета стоимости корзины послеются путем приближенного расчета стоимости корзины послеются путем", "numeric_answer": null, "relative_error": null, "thinking_text": null, "has_tool_call": false, "tool_call": null, "usage": {"prompt_tokens": 218, "completion_tokens": 256, "total_tokens": 474, "token_count_source": "tokenizer"}, "decoding": {"temperature": 0.2, "top_p": null, "top_k": null, "max_tokens": 256, "seed": 42}, "prompt_tokens": 218, "completion_tokens": 256, "total_tokens": 474, "token_count_source": "tokenizer", "diffusion_steps": null, "flops_estimate": null, "flops_arch": null, "flops_model_params": null, "flops_active_params": null, "tokens_non_final": 141, "tokens_reasoning": 0, "tokens_response": 141, "elapsed_seconds": 18.629032135009766, "judgement": "Uncategorized"}
{"id": "taxes_000605", "topic": "taxes", "subtopic": "post_discount_tax", "prompt": "Cart: $56.51, $45.65, $41.70 with a 15% store discount. Local sales tax is 8.5% (tax after discount). About how much is the total?", "exact_value": 132.67, "model": "tiiuae/Falcon-H1-7B-Instruct", "provider": "transformers", "response": "Finalются примерно путем приближенного расчета стоимости корзины после скидки и перед учетом налога на продажются путем округления стоимости позиций до ближайших простых чиселываются примерно путем приближенного расчета стоимости корзины после скидываются примерно путем приближенного расчета стоимости корзины после скидываются примерно путем приближенного расчета стоимости корзины после скидываются примерно путем приближенного расчета стоимости корзины после скидываются примерно путем приближенного расчета стоимости корзины после скидываются примерно путем приближенного расчета стоимости корзины после скидываются примерно путем приближенного расчета стоимости корзины после скидываются примерно путем приближенного расчета стоимости корзины после скидываются примерно путем приближенного расчета стоимости корзины после скидываются примерно путем приближенного расчета стоимости корзины послеются путем приближенного расчета стоимости корзины послеются путем приближенного расчета стоимости корзины послеются путем приближенного расчета стоимости корзины послеются путем приближенного расчета стоимости корзины послеются путем приближенного расчета стоимости корзиныются путем приближенного расчета стоимости корзины", "numeric_answer": null, "relative_error": null, "thinking_text": null, "has_tool_call": false, "tool_call": null, "usage": {"prompt_tokens": 217, "completion_tokens": 256, "total_tokens": 473, "token_count_source": "tokenizer"}, "decoding": {"temperature": 0.2, "top_p": null, "top_k": null, "max_tokens": 256, "seed": 42}, "prompt_tokens": 217, "completion_tokens": 256, "total_tokens": 473, "token_count_source": "tokenizer", "diffusion_steps": null, "flops_estimate": null, "flops_arch": null, "flops_model_params": null, "flops_active_params": null, "tokens_non_final": 136, "tokens_reasoning": 0, "tokens_response": 136, "elapsed_seconds": 18.657930612564087, "judgement": "Uncategorized"}
{"id": "taxes_000625", "topic": "taxes", "subtopic": "post_discount_tax", "prompt": "Cart: $45.52, $11.14, $39.66 with a 15% store discount. Local sales tax is 7.5% (tax after discount). About how much is the total?", "exact_value": 88.01, "model": "tiiuae/Falcon-H1-7B-Instruct", "provider": "transformers", "response": "Finalются примерно путем приближенной вычисления стоимости корзины после скидки и перед уплатой налогов согласно следующему плану примерноются путем приближенной вычисфикации стоимости корзины после скидки и перед уплатой налогов согласно следующему плану примерноются путем приближенной вычисфикации стоимости корзины после скидки и перед уплатой налогов согласно следующему плану примерноются путем приближенной вычисфикации стоимости корзины после скидки и перед уплатой налогов согласно следующему плану примерноются путем приближенной вычисфикации стоимости корзины после скидки и перед уплатой налогов согласно следующему плану примерноются путем приближеннойются путем приближеннойются путем приближеннойются путем приближеннойются путем приближеннойются путем приближеннойются путем приближеннойются путем приближеннойются путем приближеннойются путем приближеннойются путем приближеннойются путем приближеннойются путем приближеннойются путем приближеннойются путем приближеннойются путем приближеннойются путем приближеннойются путем приближеннойются путем приближеннойются путем приближеннойются путем приближеннойются путем приближеннойются путем приближ", "numeric_answer": null, "relative_error": null, "thinking_text": null, "has_tool_call": false, "tool_call": null, "usage": {"prompt_tokens": 217, "completion_tokens": 256, "total_tokens": 473, "token_count_source": "tokenizer"}, "decoding": {"temperature": 0.2, "top_p": null, "top_k": null, "max_tokens": 256, "seed": 42}, "prompt_tokens": 217, "completion_tokens": 256, "total_tokens": 473, "token_count_source": "tokenizer", "diffusion_steps": null, "flops_estimate": null, "flops_arch": null, "flops_model_params": null, "flops_active_params": null, "tokens_non_final": 123, "tokens_reasoning": 0, "tokens_response": 123, "elapsed_seconds": 18.623801946640015, "judgement": "Uncategorized"}
{"id": "taxes_000645", "topic": "taxes", "subtopic": "post_discount_tax", "prompt": "Cart: $49.33, $22.71, $22.30, $10.61 with a 10% store discount. Local sales tax is 8.0% (tax after discount). About how much is the total?", "exact_value": 102.01, "model": "tiiuae/Falcon-H1-7B-Instruct", "provider": "transformers", "response": "Finalются примерно путем приближения стоимости товаров до ближайших удобных чисел и учитывая налог без скидки примерно такальноются примерно путем приближения стоимости товаров до ближайших удобных чисел и учитывая налог примерно такальноются примерно путем приближения стоимости товаров до ближайших удобных чисел и учитывая налог примерно такальноются примерно путем приближения стоимости товаров до ближайших удобных чисел и учитывая налог примерно такальноются примерно путем приближения стоимости товаров до ближайших удобных чисел и учитывая налог примерно такальноются примерно путем приближения стоимости товаров до ближайших удобных чисел и учитывая налог примерно такальноются примерно путем приближения стоимости товаров до ближайших удобных чисел и учитывая налог примерно такальноются примерно путем приближения стоимости товаров до ближайших удобных чисел и учитывая налог примерно такальноются примерно путем приближения стоимости товаров до ближайших удобных чисел и учитывая налог примерно такальноются примерно путем приближения стоимости товаров до ближайших удобных чисел и учитывая налог примерно такальноются примерно путем приближения стоимости товаров до ближайших удобных чисел и учитывая налог примерно такальноются примерно путем приближения стоимости товаров до", "numeric_answer": null, "relative_error": null, "thinking_text": null, "has_tool_call": false, "tool_call": null, "usage": {"prompt_tokens": 225, "completion_tokens": 256, "total_tokens": 481, "token_count_source": "tokenizer"}, "decoding": {"temperature": 0.2, "top_p": null, "top_k": null, "max_tokens": 256, "seed": 42}, "prompt_tokens": 225, "completion_tokens": 256, "total_tokens": 481, "token_count_source": "tokenizer", "diffusion_steps": null, "flops_estimate": null, "flops_arch": null, "flops_model_params": null, "flops_active_params": null, "tokens_non_final": 163, "tokens_reasoning": 0, "tokens_response": 163, "elapsed_seconds": 18.608949661254883, "judgement": "Uncategorized"}
{"id": "taxes_000665", "topic": "taxes", "subtopic": "post_discount_tax", "prompt": "Cart: $34.33, $12.25, $33.01 with a 10% store discount. Local sales tax is 8.5% (tax after discount). About how much is the total?", "exact_value": 77.72, "model": "tiiuae/Falcon-H1-7B-Instruct", "provider": "transformers", "response": "Finalются примерно путем приближенного подсчета стоимости корзины после скидки и до уплаты налогов согласно следующему плану:ются примерно путем приближенного подсчета стоимости корзины после скидки и до уплаты налогов согласно следующему плануются примерно путем приближенного подсчета стоимости корзины после скидки и до уплаты налогов согласно следующему плануются примерно путем приближенного подсчета стоимости корзины после скидки и до уплаты налогов согласно следующему плануются примерно путем приближенного подсчета стоимости корзины после скидки и до уплаты налогов согласно следующему плануются примерно путем приближенного подсчета стоимости корзины после скидки и до уплаты налогов согласно следующему плануются примерно путем приближенного подсчета стоимости корзины после скидки и до уплаты налогов согласно следующему плануются примерно путем приближенного подсчета стоимости корзины после скидки и до уплаты налогов согласно следующему плануются примерно путем приближенного подсчета стоимости корзины после скидки и до уплаты налогов согласно следующему плануются примерно путем приближенного подсчета стоимости кор", "numeric_answer": null, "relative_error": null, "thinking_text": null, "has_tool_call": false, "tool_call": null, "usage": {"prompt_tokens": 217, "completion_tokens": 256, "total_tokens": 473, "token_count_source": "tokenizer"}, "decoding": {"temperature": 0.2, "top_p": null, "top_k": null, "max_tokens": 256, "seed": 42}, "prompt_tokens": 217, "completion_tokens": 256, "total_tokens": 473, "token_count_source": "tokenizer", "diffusion_steps": null, "flops_estimate": null, "flops_arch": null, "flops_model_params": null, "flops_active_params": null, "tokens_non_final": 142, "tokens_reasoning": 0, "tokens_response": 142, "elapsed_seconds": 18.85172462463379, "judgement": "Uncategorized"}
{"id": "taxes_000685", "topic": "taxes", "subtopic": "post_discount_tax", "prompt": "Cart: $45.39, $47.08, $42.29, $28.76, $33.64. Local sales tax is 8.0% (tax after discount). About how much is the total?", "exact_value": 212.93, "model": "tiiuae/Falcon-H1-7B-Instruct", "provider": "transformers", "response": "Finalются примерно путем приближенного подсчета стоимости товаров и последующего применения налога на продажются примерно путем приближенного подсчета стоимости товаров и последующего применения налога на продажются примерно путем приближенного подсчета стоимости товаров и последующего применения налога на продажются примерно путем приближенного подсчета стоимости товаров и последующего применения налога на продажются примерно путем приближенного подсчета стоимости товаров и последующего применения налогаются примерно путем приближенного подсчета стоимости товаровются примерно путем приближенного подсчета стоимостиются примерно путем приближенного подсчета стоимостиются примерно путем приближенного подсчета стоимостиются примерно путем приближенного подсчета стоимостиются примерно путем приближенного подсчета стоимостиются примерно путем приближенного подсчета стоимостиются примерно путем приближенного подсчета стоимостиются примерно путем приближенного подсчета стоимостиются примерно путем приближенного подсчета стоимостиются примерно путем приближенного подсчета стоимостиются примерно путем приближенного подсчета стоимостиются примерно путем приближенного подсчета стоимостиются примерно путем приближенного подсчета стоимостиются примерно путем приближенного подсчета стоимостиются примерно путем приближенного подсчета стоимостиются", "numeric_answer": null, "relative_error": null, "thinking_text": null, "has_tool_call": false, "tool_call": null, "usage": {"prompt_tokens": 225, "completion_tokens": 256, "total_tokens": 481, "token_count_source": "tokenizer"}, "decoding": {"temperature": 0.2, "top_p": null, "top_k": null, "max_tokens": 256, "seed": 42}, "prompt_tokens": 225, "completion_tokens": 256, "total_tokens": 481, "token_count_source": "tokenizer", "diffusion_steps": null, "flops_estimate": null, "flops_arch": null, "flops_model_params": null, "flops_active_params": null, "tokens_non_final": 140, "tokens_reasoning": 0, "tokens_response": 140, "elapsed_seconds": 18.925976753234863, "judgement": "Uncategorized"}
{"id": "taxes_000705", "topic": "taxes", "subtopic": "post_discount_tax", "prompt": "Cart: $40.98, $7.11, $42.94, $15.29 with a 10% store discount. Local sales tax is 8.0% (tax after discount). About how much is the total?", "exact_value": 103.34, "model": "tiiuae/Falcon-H1-7B-Instruct", "provider": "transformers", "response": "Finalются примерно путем приближенной суммы стоимости товаров после применения скидки и налога на месте продажиются примерно путем приближенной суммы стоимости товаров после применения скидки и налога на месте продажиются примерно путем приближенной суммы стоимости товаров после применения скидки и налога на месте продажиются примерно путем приближенной суммы стоимости товаров после применения скидки и налога на месте продажиются примерно путем приближенной суммы стоимости товаров после применения скидки и налога на месте продажиются примерно путем приближенной суммы стоимости товаров после применения скидки и налога на месте продажиются примерно путем приближенной суммы стоимости товаров после применения скидки и налогаются примерно путем приближенной суммы стоимости товаров после примененияются примерно путем приближенной суммы стоимостиются примерно путем приближенной суммы стоимостиются примерно путем приближенной суммы стоимостиются примерно путем приближенной суммы стоимостиются примерно путем приближенной суммы стоимостиются примерно путем приближенной суммы стоимостиются примерно путем приближенной суммы стоимостиются примерно путем приближенной суммы стоимостиются примерно путем приближенной суммы стоимостиются примерно путем приближенной суммы стоимостиются примерно путем приближенной суммы стоимостиются примерно путем приближенной суммы стоимостиются примерно путем приближенной суммы стоимостиются примерно путем", "numeric_answer": null, "relative_error": null, "thinking_text": null, "has_tool_call": false, "tool_call": null, "usage": {"prompt_tokens": 224, "completion_tokens": 256, "total_tokens": 480, "token_count_source": "tokenizer"}, "decoding": {"temperature": 0.2, "top_p": null, "top_k": null, "max_tokens": 256, "seed": 42}, "prompt_tokens": 224, "completion_tokens": 256, "total_tokens": 480, "token_count_source": "tokenizer", "diffusion_steps": null, "flops_estimate": null, "flops_arch": null, "flops_model_params": null, "flops_active_params": null, "tokens_non_final": 171, "tokens_reasoning": 0, "tokens_response": 171, "elapsed_seconds": 18.57448172569275, "judgement": "Uncategorized"}
{"id": "taxes_000725", "topic": "taxes", "subtopic": "post_discount_tax", "prompt": "Cart: $58.29, $57.54, $3.90, $13.77, $33.83 with a 15% store discount. Local sales tax is 7.0% (tax after discount). About how much is the total?", "exact_value": 152.19, "model": "tiiuae/Falcon-H1-7B-Instruct", "provider": "transformers", "response": "Finalются примерно путем приближенного расчета стоимости корзины после скидки и до уплаты налоговываются примерно путем приближенного расчета стоимости корзины после скидки и до уплаты налоговываются примерно путем приближенного расчета стоимости корзины после скидки и до уплаты налоговываются примерно путем приближенного расчета стоимости корзины после скидки и до уплаты налоговываются примерно путем приближенного расчета стоимости корзины после скидки и до уплаты налоговываются примерно путем приближенного расчета стоимости корзины после скидки и до уплаты налоговываются примерно путем приближенного расчета стоимости корзины после скидки и до уплаты налоговываются примерно путем приближенного расчета стоимости корзины после скидки и до уплаты налоговываются примерно путем приближенного расчета стоимости корзины после скидки и до уплаты налоговываются примерно путем приближенного расчета стоимости корзины после скидки и до уплаты налоговываются примерно путем приближенного расчета стоимости корзины после скидки и до уплаты налоговываются примерно путем приближенного расчета стоимости корзины после скидки и до уплаты налоговываются примерно путем", "numeric_answer": null, "relative_error": null, "thinking_text": null, "has_tool_call": false, "tool_call": null, "usage": {"prompt_tokens": 232, "completion_tokens": 256, "total_tokens": 488, "token_count_source": "tokenizer"}, "decoding": {"temperature": 0.2, "top_p": null, "top_k": null, "max_tokens": 256, "seed": 42}, "prompt_tokens": 232, "completion_tokens": 256, "total_tokens": 488, "token_count_source": "tokenizer", "diffusion_steps": null, "flops_estimate": null, "flops_arch": null, "flops_model_params": null, "flops_active_params": null, "tokens_non_final": 147, "tokens_reasoning": 0, "tokens_response": 147, "elapsed_seconds": 18.46360754966736, "judgement": "Uncategorized"}
{"id": "taxes_000745", "topic": "taxes", "subtopic": "post_discount_tax", "prompt": "Cart: $54.15, $17.05, $39.04, $11.06 with a 20% store discount. Local sales tax is 6.0% (tax after discount). About how much is the total?", "exact_value": 102.86, "model": "tiiuae/Falcon-H1-7B-Instruct", "provider": "transformers", "response": "Finalются примерно путем приближенной вычисления стоимости корзины после скидки и перед уплатой налогов согласно следующему плану примерноются путем приближенной вычисфикации стоимости корзины после скидки и перед уплатой налогов согласно следующему плану примерноются путем приближенной вычисфикации стоимости корзины после скидки и перед уплатой налогов согласно следующему плану примерноются путем приближенной вычисфикации стоимости корзины после скидки и перед уплатой налогов согласно следующему плану примерноются путем приближенной вычисфикации стоимости корзины после скидки и перед уплатой налогов согласно следующему плану примерноются путем приближеннойются путем приближеннойются путем приближеннойются путем приближеннойются путем приближеннойются путем приближеннойются путем приближеннойются путем приближеннойются путем приближеннойются путем приближеннойются путем приближеннойются путем приближеннойются путем приближеннойются путем приближеннойются путем приближеннойются путем приближеннойются путем приближеннойются путем приближеннойются путем приближеннойются путем приближеннойются путем приближеннойются путем приближеннойются путем приближ", "numeric_answer": null, "relative_error": null, "thinking_text": null, "has_tool_call": false, "tool_call": null, "usage": {"prompt_tokens": 225, "completion_tokens": 256, "total_tokens": 481, "token_count_source": "tokenizer"}, "decoding": {"temperature": 0.2, "top_p": null, "top_k": null, "max_tokens": 256, "seed": 42}, "prompt_tokens": 225, "completion_tokens": 256, "total_tokens": 481, "token_count_source": "tokenizer", "diffusion_steps": null, "flops_estimate": null, "flops_arch": null, "flops_model_params": null, "flops_active_params": null, "tokens_non_final": 123, "tokens_reasoning": 0, "tokens_response": 123, "elapsed_seconds": 18.58416748046875, "judgement": "Uncategorized"}
{"id": "taxes_000765", "topic": "taxes", "subtopic": "pre_discount_tax", "prompt": "Cart: $57.68, $16.68, $27.84, $52.23, $26.02 with a 15% store discount. Local sales tax is 6.0% (tax calculated before discount). About how much is the total?", "exact_value": 164.21, "model": "tiiuae/Falcon-H1-7B-Instruct", "provider": "transformers", "response": "Finalются примерно путем приближенного расчета стоимости корзины после скидки и до уплаты налогов согласно следующему плану действийются примерно путем приближенного расчета стоимости корзины после скидкиются примерно путем приближенного расчета стоимости корзины после скидываются примерно путем приближенного расчета стоимостиются примерно путем приближенного расчета стоимостиются примерно путем приближенного расчета стоимостиются примерно путем приближенного расчета стоимостиются примерно путем приближенного расчета стоимостиются примерно путем приближенного расчета стоимостиются примерно путем приближенного расчета стоимостиются примерно путем приближенного расчета стоимостиются примерно путем приближенного расчета стоимостиются примерно путем приближенного расчета стоимостиются примерно путем приближенного расчета стоимостиются примерно путем приближенного расчета стоимостиются примерно путем приближенного расчета стоимостиются примерно путем приближенного расчета стоимостиются примерно путем приближенного расчета стоимостиются примерно путем приближенного расчета стоимостиются примерно путем приближенного расчета стоимостиются примерно путем приближенного расчета стоимостиются примерно путем приближенного расчета стоимостиются примерно путем приближенного расчета стоимостиются примерно путем приближенного расчета стоимостиются примерно путем приближенного расчета", "numeric_answer": null, "relative_error": null, "thinking_text": null, "has_tool_call": false, "tool_call": null, "usage": {"prompt_tokens": 234, "completion_tokens": 256, "total_tokens": 490, "token_count_source": "tokenizer"}, "decoding": {"temperature": 0.2, "top_p": null, "top_k": null, "max_tokens": 256, "seed": 42}, "prompt_tokens": 234, "completion_tokens": 256, "total_tokens": 490, "token_count_source": "tokenizer", "diffusion_steps": null, "flops_estimate": null, "flops_arch": null, "flops_model_params": null, "flops_active_params": null, "tokens_non_final": 142, "tokens_reasoning": 0, "tokens_response": 142, "elapsed_seconds": 18.65174674987793, "judgement": "Uncategorized"}
{"id": "taxes_000785", "topic": "taxes", "subtopic": "post_discount_tax", "prompt": "Cart: $25.69, $31.24 with a 10% store discount. Local sales tax is 6.0% (tax after discount). About how much is the total?", "exact_value": 54.31, "model": "tiiuae/Falcon-H1-7B-Instruct", "provider": "transformers", "response": "Finalются примерно путем приближенного подсчета стоимости корзины после скидки и с учетом налога на месте продажиются примерно путем приближенного подсчета стоимости корзины после скидки и с учетом налога на месте продажиются примерно путем приближенного подсчета стоимости корзины после скидки и с учетом налога на месте продажиются примерно путем приближенного подсчета стоимости корзины после скидки и с учетом налога на месте продажиются примерно путем приближенного подсчета стоимости корзины после скидки и с учетом налога на месте продажиются примерно путем приближенного подсчета стоимости корзины после скидки и с учетом налогаются примерно путем приближенного подсчета стоимости корзины после скидкиются примерно путем приближенного подсчета стоимости корзиныются примерно путем приближенного подсчета стоимости корзиныются примерно путем приближенного подсчета стоимостиются примерно путем приближенного подсчетаываются примерно путем приближенногоются примерно путем приближенногоываются примерно путем приближенногоываютсяются примерно путем приближенногоываютсяютсяютсяютсяютсяютсяютсяютсяютсяютсяютсяютсяютсяютсяютсяютсяютсяютсяютсяютсяются", "numeric_answer": null, "relative_error": null, "thinking_text": null, "has_tool_call": false, "tool_call": null, "usage": {"prompt_tokens": 209, "completion_tokens": 256, "total_tokens": 465, "token_count_source": "tokenizer"}, "decoding": {"temperature": 0.2, "top_p": null, "top_k": null, "max_tokens": 256, "seed": 42}, "prompt_tokens": 209, "completion_tokens": 256, "total_tokens": 465, "token_count_source": "tokenizer", "diffusion_steps": null, "flops_estimate": null, "flops_arch": null, "flops_model_params": null, "flops_active_params": null, "tokens_non_final": 129, "tokens_reasoning": 0, "tokens_response": 129, "elapsed_seconds": 18.638421535491943, "judgement": "Uncategorized"}
{"id": "taxes_000805", "topic": "taxes", "subtopic": "post_discount_tax", "prompt": "Cart: $40.12, $28.74 with a 15% store discount. Local sales tax is 7.5% (tax after discount). About how much is the total?", "exact_value": 62.92, "model": "tiiuae/Falcon-H1-7B-Instruct", "provider": "transformers", "response": "Finalются примерно путем приближенного расчета стоимости корзины после скидки и перед налогом примерно к примерно примерно примерно примерно примерно примерно примерно примерно примерно примерно примерно примерно примерно примерно примерно примерно примерно примерно примерно примерно примерно примерно примерно примерно примерно примерно примерно примерно примерно примерно примерно примерно примерно примерно примерно примерно примерно примерно примерно примерно примерно примерно примерно примерно примерно примерно примерно примерно примерно примерно примерно примерно примерно примерно примерно примерно примерно примерно примерно примерно примерно примерно примерно примерно примерно примерно примерно примерно примерно примерно примерно примерно примерно примерно примерно примерно примерно примерно примерно примерно примерно примерно примерно примерно примерно примерно примерно примерно примерно примерно примерно примерно примерно примерно примерно примерно примерно примерно примерно примерно примерно примерно примерно примерно примерно примерно примерно примерно примерно примерно примерно примерно примерно примерно примерно примерно примерно примерно примерно примерно примерно примерно примерно примерно примерно примерно примерно примерно примерно примерно примерно примерно примерно примерно примерно примерно примерно примерно примерно примерно примерно примерно примерно примерно примерно примерно примерно примерно примерно примерно примерно примерно примерно примерно примерно примерно примерно примерно примерно примерно примерно примерно примерно примерно примерно примерно примерно примерно примерно примерно примерно примерно примерно примерно примерно примерно примерно примерно примерно примерно примерно примерно примерно примерно примерно примерно примерно примерно примерно примерно примерно примерно примерно примерно примерно примерно примерно примерно примерно примерно примерно примерно примерно примерно примерно примерно примерно примерно примерно примерно примерно примерно примерно примерно примерно примерно примерно примерно примерно примерно примерно примерно примерно примерно примерно примерно примерно примерно примерно примерно примерно примерно примерно", "numeric_answer": null, "relative_error": null, "thinking_text": null, "has_tool_call": false, "tool_call": null, "usage": {"prompt_tokens": 209, "completion_tokens": 256, "total_tokens": 465, "token_count_source": "tokenizer"}, "decoding": {"temperature": 0.2, "top_p": null, "top_k": null, "max_tokens": 256, "seed": 42}, "prompt_tokens": 209, "completion_tokens": 256, "total_tokens": 465, "token_count_source": "tokenizer", "diffusion_steps": null, "flops_estimate": null, "flops_arch": null, "flops_model_params": null, "flops_active_params": null, "tokens_non_final": 247, "tokens_reasoning": 0, "tokens_response": 247, "elapsed_seconds": 18.638572931289673, "judgement": "Uncategorized"}
{"id": "taxes_000825", "topic": "taxes", "subtopic": "pre_discount_tax", "prompt": "Cart: $42.07, $45.58, $4.03. Local sales tax is 8.5% (tax calculated before discount). About how much is the total?", "exact_value": 99.47, "model": "tiiuae/Falcon-H1-7B-Instruct", "provider": "transformers", "response": "Finalются примерно путем приближения стоимости товаров до ближайших удобных чисел и затем прибавления налога примерно до ближайшего кратного числа примерно до единицы или десятки процентов сверх стоимости без скидок путем прибавления налога примерно до ближайшего кратного числа примерно до единицы или десятки процентов сверх стоимости без скидок путем прибавления налога примерно до ближайшего кратного числа примерно до единицы или десятки процентов сверх стоимости без скидок путем прибавления налога примерно до ближайшего кратного числа примерно до единицы или десятки процентов сверх стоимости без скидок путем прибавления налога примерно до ближайшего кратного числа примерно до единицы или десятки процентов сверх стоимости без скидок путем прибавления налога примерно до ближайшего кратного числа примерно до единицы или десятки процентов сверх стоимости без скидок путем прибавления налога примерно до ближайшего кратного числа примерно до единицы или десятки процентов сверх стоимости без скидок путем прибавления налога примерно до ближайшего кратного числа примерно до единицы или десятки процентов сверх стоимости без скидок путем прибавления налога примерно до ближайшего кратного числа примерно до единицы или десятки процентов сверх стоимости без скидок путем прибавления налог", "numeric_answer": null, "relative_error": null, "thinking_text": null, "has_tool_call": false, "tool_call": null, "usage": {"prompt_tokens": 209, "completion_tokens": 256, "total_tokens": 465, "token_count_source": "tokenizer"}, "decoding": {"temperature": 0.2, "top_p": null, "top_k": null, "max_tokens": 256, "seed": 42}, "prompt_tokens": 209, "completion_tokens": 256, "total_tokens": 465, "token_count_source": "tokenizer", "diffusion_steps": null, "flops_estimate": null, "flops_arch": null, "flops_model_params": null, "flops_active_params": null, "tokens_non_final": 176, "tokens_reasoning": 0, "tokens_response": 176, "elapsed_seconds": 18.75079345703125, "judgement": "Uncategorized"}
{"id": "taxes_000845", "topic": "taxes", "subtopic": "post_discount_tax", "prompt": "Cart: $15.87, $9.20, $33.08, $43.65, $38.88 with a 20% store discount. Local sales tax is 6.0% (tax after discount). About how much is the total?", "exact_value": 119.3, "model": "tiiuae/Falcon-H1-7B-Instruct", "provider": "transformers", "response": "Finalются примерно путем приближенного расчета стоимости корзины после скидки и до уплаты налогов согласно следующему плану действийются примерно путем приближенного расчета стоимости корзины после скидкиются примерно путем приближенного расчета стоимости корзины послеются примерно путем приближенного расчета стоимости корзины послеются примерно путем приближенного расчета стоимости корзины послеются примерно путем приближенного расчета стоимостиются примерно путем приближенного расчета стоимостиются примерно путем приближенного расчета стоимостиются примерно путем приближенного расчета стоимостиются примерно путем приближенного расчета стоимостиются примерно путем приближенного расчета стоимостиются примерно путем приближенного расчета стоимостиются примерно путем приближенного расчета стоимостиются примерно путем приближенного расчета стоимостиются примерно путем приближенного расчета стоимостиются примерно путем приближенного расчета стоимостиются примерно путем приближенного расчета стоимостиются примерно путем приближенного расчета стоимостиются примерно путем приближенного расчета стоимостиются примерно путем приближенного расчета стоимостиются примерно путем приближенного расчета стоимостиются примерно путем приближенного расчета стоимостиются примерно путем приближенного расчета стоимостиются примерно путем приближенного расчета стоимостиются примерно", "numeric_answer": null, "relative_error": null, "thinking_text": null, "has_tool_call": false, "tool_call": null, "usage": {"prompt_tokens": 232, "completion_tokens": 256, "total_tokens": 488, "token_count_source": "tokenizer"}, "decoding": {"temperature": 0.2, "top_p": null, "top_k": null, "max_tokens": 256, "seed": 42}, "prompt_tokens": 232, "completion_tokens": 256, "total_tokens": 488, "token_count_source": "tokenizer", "diffusion_steps": null, "flops_estimate": null, "flops_arch": null, "flops_model_params": null, "flops_active_params": null, "tokens_non_final": 142, "tokens_reasoning": 0, "tokens_response": 142, "elapsed_seconds": 18.665047645568848, "judgement": "Uncategorized"}
{"id": "taxes_000865", "topic": "taxes", "subtopic": "post_discount_tax", "prompt": "Cart: $58.64, $45.63, $26.84 with a 20% store discount. Local sales tax is 7.5% (tax after discount). About how much is the total?", "exact_value": 112.75, "model": "tiiuae/Falcon-H1-7B-Instruct", "provider": "transformers", "response": "Finalются примерно путем приближенного расчета стоимости корзины после скидки и переданием налога примерно через несколько шагов примерно такываются примерноются путем приближенного расчета стоимости корзины после скидки и переданием налога примерно через несколько шагов примерно такываются примерноются путем приближенного расчета стоимости корзины после скидки и переданием налога примерно через несколько шагов примерно такываются примерноются путем приближенного расчета стоимости корзины после скидки и переданием налога примерно через несколько шагов примерно такываются примерноются путем приближенного расчета стоимости корзины после скидки и переданием налога примерно через несколько шагов примерно такываются примерноются путем приближенного расчета стоимости корзины после скидки и переданием налога примерно через несколько шагов примерно такываются примерноются путем приближенного расчета стоимости корзины после скидки и переданием налога примерно через несколько шагов примерно такываются примерноются путем приближенного расчета стоимости корзины после скидки и переданием налога примерно через несколько шагов примерно такываются примерноются путем приближенного расчета стоимости корзины послеются путем приближенного расчета стоимости корз", "numeric_answer": null, "relative_error": null, "thinking_text": null, "has_tool_call": false, "tool_call": null, "usage": {"prompt_tokens": 217, "completion_tokens": 256, "total_tokens": 473, "token_count_source": "tokenizer"}, "decoding": {"temperature": 0.2, "top_p": null, "top_k": null, "max_tokens": 256, "seed": 42}, "prompt_tokens": 217, "completion_tokens": 256, "total_tokens": 473, "token_count_source": "tokenizer", "diffusion_steps": null, "flops_estimate": null, "flops_arch": null, "flops_model_params": null, "flops_active_params": null, "tokens_non_final": 149, "tokens_reasoning": 0, "tokens_response": 149, "elapsed_seconds": 18.652676105499268, "judgement": "Uncategorized"}
{"id": "taxes_000885", "topic": "taxes", "subtopic": "post_discount_tax", "prompt": "Cart: $14.40, $32.79, $9.47, $52.98, $5.25 with a 15% store discount. Local sales tax is 7.0% (tax after discount). About how much is the total?", "exact_value": 104.49, "model": "tiiuae/Falcon-H1-7B-Instruct", "provider": "transformers", "response": "Finalются примерно путем приближенной вычисления суммы стоимости товаров после скидки и до уплаты налогов согласно следующему плану примерноацияцииются путем приближенной вычисфикации суммы стоимости товаров после скидки и до уплаты налогов согласно следующему плану примерноациицииются путем приближенной вычисфикации суммы стоимости товаров после скидки и до уплаты налогов согласно следующему плану примерноацииациицииацииацииацииацииацииацииацииацииацииацииацииацииацииацииацииацииацииацииацииацииацииацииацииацииацииацииацииацииацииацииацииацииацииацииацииацииацииацииацииацииацииацииацииацииацииацииацииацииацииацииацииацииацииацииацииацииацииацииацииацииацииацииацииацииацииацииацииацииацииацииацииацииацииацииацииацииацииацииацииацииацииацииацииацииацииацииацииацииацииацииацииацииацииацииацииацииацииацииацииацииацииацииацииацииацииацииацииацииацииацииацииацииацииацииацииацииацииацииацииацииацииацииацииацииацииацииацииацииацииацииацииацииацииацииацииацииацииацииацииацииацииацииацииацииацииацииацииацииацииацииацииацииацииацииацииацииацииацииацииацииацииацииацииацииацииацииацииацииации", "numeric_answer": null, "relative_error": null, "thinking_text": null, "has_tool_call": false, "tool_call": null, "usage": {"prompt_tokens": 231, "completion_tokens": 256, "total_tokens": 487, "token_count_source": "tokenizer"}, "decoding": {"temperature": 0.2, "top_p": null, "top_k": null, "max_tokens": 256, "seed": 42}, "prompt_tokens": 231, "completion_tokens": 256, "total_tokens": 487, "token_count_source": "tokenizer", "diffusion_steps": null, "flops_estimate": null, "flops_arch": null, "flops_model_params": null, "flops_active_params": null, "tokens_non_final": 50, "tokens_reasoning": 0, "tokens_response": 50, "elapsed_seconds": 18.6029212474823, "judgement": "Uncategorized"}
{"id": "taxes_000905", "topic": "taxes", "subtopic": "pre_discount_tax", "prompt": "Cart: $17.90, $48.48, $26.49, $5.89. Local sales tax is 8.5% (tax calculated before discount). About how much is the total?", "exact_value": 107.15, "model": "tiiuae/Falcon-H1-7B-Instruct", "provider": "transformers", "response": "Finalются примерно путем приближенного подсчета стоимости корзины и применения налога примерно до ближайшего кратного числа примерно до ются примерно путем приближенного подсчета стоимости корзины и применения налога примерно до ближайшего кратного числа примерно до", "numeric_answer": null, "relative_error": null, "thinking_text": null, "has_tool_call": false, "tool_call": null, "usage": {"prompt_tokens": 217, "completion_tokens": 55, "total_tokens": 272, "token_count_source": "tokenizer"}, "decoding": {"temperature": 0.2, "top_p": null, "top_k": null, "max_tokens": 256, "seed": 42}, "prompt_tokens": 217, "completion_tokens": 55, "total_tokens": 272, "token_count_source": "tokenizer", "diffusion_steps": null, "flops_estimate": null, "flops_arch": null, "flops_model_params": null, "flops_active_params": null, "tokens_non_final": 34, "tokens_reasoning": 0, "tokens_response": 34, "elapsed_seconds": 4.024560451507568, "judgement": "Uncategorized"}
{"id": "taxes_000925", "topic": "taxes", "subtopic": "post_discount_tax", "prompt": "Cart: $22.10, $57.77 with a 10% store discount. Local sales tax is 8.5% (tax after discount). About how much is the total?", "exact_value": 77.99, "model": "tiiuae/Falcon-H1-7B-Instruct", "provider": "transformers", "response": "Finalются примерно путем приближенного подсчета стоимости корзины после скидки и перед налогомются примерно путем приближенного подсчета стоимости корзины после скидки и перед налогомются примерно путем приближенного подсчета стоимости корзины после скидки и перед налогомются примерно путем приближенного подсчета стоимости корзины после скидки и перед налогомются примерно путем приближенного подсчета стоимости корзины после скидкиются примерно путем приближенного подсчета стоимости корзиныются примерно путем приближенного подсчета стоимости корзиныются примерно путем приближенного подсчета стоимости корзиныются примерно путем приближенного подсчета стоимости корзиныются примерно путем приближенного подсчета стоимости корзиныются примерно путем приближенного подсчета стоимости корзиныются примерно путем приближенного подсчета стоимости корзиныются примерно путем приближенного подсчета стоимости корзиныются примерно путем приближенного подсчета стоимости корзиныются примерно путем приближенного подсчета стоимости корзиныются примерно путем приближенного подсчета стоимости корзиныются примерно путем приближенного подсчета стоимости кор", "numeric_answer": null, "relative_error": null, "thinking_text": null, "has_tool_call": false, "tool_call": null, "usage": {"prompt_tokens": 209, "completion_tokens": 256, "total_tokens": 465, "token_count_source": "tokenizer"}, "decoding": {"temperature": 0.2, "top_p": null, "top_k": null, "max_tokens": 256, "seed": 42}, "prompt_tokens": 209, "completion_tokens": 256, "total_tokens": 465, "token_count_source": "tokenizer", "diffusion_steps": null, "flops_estimate": null, "flops_arch": null, "flops_model_params": null, "flops_active_params": null, "tokens_non_final": 125, "tokens_reasoning": 0, "tokens_response": 125, "elapsed_seconds": 18.652198314666748, "judgement": "Uncategorized"}
{"id": "taxes_000945", "topic": "taxes", "subtopic": "post_discount_tax", "prompt": "Cart: $23.57, $36.87, $52.49, $25.07 with a 15% store discount. Local sales tax is 7.5% (tax after discount). About how much is the total?", "exact_value": 126.1, "model": "tiiuae/Falcon-H1-7B-Instruct", "provider": "transformers", "response": "Finalются примерно путем приближенного расчета стоимости корзины после скидки и перед налогомются примерно путем приближенного расчета стоимости корзины после скидки и перед налогомются примерно путем приближенного расчета стоимости корзины после скидки и перед налогомются примерно путем приближенного расчета стоимости корзины после скидки и перед налогомются примерно путем приближенного расчета стоимости корзины после скидкиются примерно путем приближенного расчета стоимости корзины после скидкиются примерно путем приближенного расчета стоимости корзиныются примерно путем приближенного расчета стоимости корзиныются примерно путем приближенного расчета стоимости корзиныются примерно путем приближенного расчета стоимости корзиныются примерно путем приближенного расчета стоимости корзиныются примерно путем приближенного расчета стоимости корзиныются примерно путем приближенного расчета стоимости корзиныются примерно путем приближенного расчета стоимости корзиныются примерно путем приближенного расчета стоимости корзиныются примерно путем приближенного расчета стоимости корзиныются примерно путем приближенного расчета стоимости корзиныются примерно путем приближенного расчета стоимости корз", "numeric_answer": null, "relative_error": null, "thinking_text": null, "has_tool_call": false, "tool_call": null, "usage": {"prompt_tokens": 225, "completion_tokens": 256, "total_tokens": 481, "token_count_source": "tokenizer"}, "decoding": {"temperature": 0.2, "top_p": null, "top_k": null, "max_tokens": 256, "seed": 42}, "prompt_tokens": 225, "completion_tokens": 256, "total_tokens": 481, "token_count_source": "tokenizer", "diffusion_steps": null, "flops_estimate": null, "flops_arch": null, "flops_model_params": null, "flops_active_params": null, "tokens_non_final": 133, "tokens_reasoning": 0, "tokens_response": 133, "elapsed_seconds": 18.776957750320435, "judgement": "Uncategorized"}
{"id": "taxes_000965", "topic": "taxes", "subtopic": "post_discount_tax", "prompt": "Cart: $29.91, $42.03, $30.26 with a 15% store discount. Local sales tax is 6.0% (tax after discount). About how much is the total?", "exact_value": 92.08, "model": "tiiuae/Falcon-H1-7B-Instruct", "provider": "transformers", "response": "Finalются примерно путем приближенного расчета стоимости корзины после скидки и перед налогомются примерно путем приближенного расчета стоимости корзины после скидки и перед налогомются примерно путем приближенного расчета стоимости корзины после скидки и перед налогомются примерно путем приближенного расчета стоимости корзины после скидки и перед налогомются примерно путем приближенного расчета стоимости корзины после скидки и перед налогомются примерно путем приближенного расчета стоимости корзины после скидкиются примерно путем приближенного расчета стоимости корзиныются примерно путем приближенного расчета стоимости корзиныются примерно путем приближенного расчета стоимости корзиныются примерно путем приближенного расчета стоимости корзиныются примерно путем приближенного расчета стоимости корзиныются примерно путем приближенного расчета стоимости корзиныются примерно путем приближенного расчета стоимости корзиныются примерно путем приближенного расчета стоимости корзиныются примерно путем приближенного расчета стоимости корзиныются примерно путем приближенного расчета стоимости корзиныются примерно путем приближенного расчета стоимости корзиныются примерно путем приближенного расч", "numeric_answer": null, "relative_error": null, "thinking_text": null, "has_tool_call": false, "tool_call": null, "usage": {"prompt_tokens": 217, "completion_tokens": 256, "total_tokens": 473, "token_count_source": "tokenizer"}, "decoding": {"temperature": 0.2, "top_p": null, "top_k": null, "max_tokens": 256, "seed": 42}, "prompt_tokens": 217, "completion_tokens": 256, "total_tokens": 473, "token_count_source": "tokenizer", "diffusion_steps": null, "flops_estimate": null, "flops_arch": null, "flops_model_params": null, "flops_active_params": null, "tokens_non_final": 134, "tokens_reasoning": 0, "tokens_response": 134, "elapsed_seconds": 18.78636360168457, "judgement": "Uncategorized"}
{"id": "taxes_000985", "topic": "taxes", "subtopic": "post_discount_tax", "prompt": "Cart: $14.82, $23.08, $24.88, $58.19, $52.19 with a 15% store discount. Local sales tax is 8.5% (tax after discount). About how much is the total?", "exact_value": 159.7, "model": "tiiuae/Falcon-H1-7B-Instruct", "provider": "transformers", "response": "Finalются примерно путем приближенного расчета стоимости корзины после скидки и перед налогомются примерно путем приближенного расчета стоимости корзины после скидки и перед налогомются примерно путем приближенного расчета стоимости корзины после скидки и перед налогомются примерно путем приближенного расчета стоимости корзины после скидки и перед налогомются примерно путем приближенного расчета стоимости корзины после скидки и перед налогомются примерно путем приближенного расчета стоимости корзины после скидки и перед налогомются примерно путем приближенного расчета стоимости корзины после скидки и перед налогомываются примерно путем приближенного расчета стоимости корзины послеются примерно путем приближенного расчета стоимости корзины послеются примерно путем приближенного расчета стоимости корзины послеются примерно путем приближенного расчета стоимости корзины послеются примерно путем приближенного расчета стоимости корзины послеются примерно путем приближенного расчета стоимости корзины послеются примерно путем приближенного расчета стоимости корзины послеются примерно путем приближенного расчета стоимости корзины послеются примерно путем приближенного расчета стоимости корз", "numeric_answer": null, "relative_error": null, "thinking_text": null, "has_tool_call": false, "tool_call": null, "usage": {"prompt_tokens": 233, "completion_tokens": 256, "total_tokens": 489, "token_count_source": "tokenizer"}, "decoding": {"temperature": 0.2, "top_p": null, "top_k": null, "max_tokens": 256, "seed": 42}, "prompt_tokens": 233, "completion_tokens": 256, "total_tokens": 489, "token_count_source": "tokenizer", "diffusion_steps": null, "flops_estimate": null, "flops_arch": null, "flops_model_params": null, "flops_active_params": null, "tokens_non_final": 140, "tokens_reasoning": 0, "tokens_response": 140, "elapsed_seconds": 18.696492671966553, "judgement": "Uncategorized"}
{"id": "taxes_001005", "topic": "taxes", "subtopic": "post_discount_tax", "prompt": "Cart: $35.46, $30.01, $32.78, $59.76, $52.25 with a 20% store discount. Local sales tax is 6.0% (tax after discount). About how much is the total?", "exact_value": 178.3, "model": "tiiuae/Falcon-H1-7B-Instruct", "provider": "transformers", "response": "Finalются примерно путем приближенной вычисления стоимости корзины после скидки и переданием налога примерно через среднее значение процентовываются примерно путем приближенной вычисфикации стоимости корзины после скидки и переданием налога примерно через среднее значение процентовываются примерно путем приближенной вычисфикации стоимости корзины после скидки и переданием налога примерно через среднее значение процентовываются примерно путем приближенной вычисфикации стоимости корзины после скидки и переданием налога примерно через среднее значение процентовываются примерно путем приближеннойются примерно путем приближеннойются примерно путем приближеннойются примерно путем приближеннойются примерно путем приближеннойются примерно путем приближеннойются примерно путем приближеннойются примерно путем приближеннойются примерно путем приближеннойются примерно путем приближеннойются примерно путем приближеннойются примерно путем приближеннойются примерно путем приближеннойются примерно путем приближеннойются примерно путем приближеннойются примерно путем приближеннойются примерно путем приближеннойются примерно путем приближеннойются примерно путем приближеннойются примерно путем приближеннойются примерно путем приближеннойются примерно путем приближеннойются примерно путем приближеннойются примерно путем приближ", "numeric_answer": null, "relative_error": null, "thinking_text": null, "has_tool_call": false, "tool_call": null, "usage": {"prompt_tokens": 233, "completion_tokens": 256, "total_tokens": 489, "token_count_source": "tokenizer"}, "decoding": {"temperature": 0.2, "top_p": null, "top_k": null, "max_tokens": 256, "seed": 42}, "prompt_tokens": 233, "completion_tokens": 256, "total_tokens": 489, "token_count_source": "tokenizer", "diffusion_steps": null, "flops_estimate": null, "flops_arch": null, "flops_model_params": null, "flops_active_params": null, "tokens_non_final": 137, "tokens_reasoning": 0, "tokens_response": 137, "elapsed_seconds": 18.84456491470337, "judgement": "Uncategorized"}
{"id": "taxes_001025", "topic": "taxes", "subtopic": "post_discount_tax", "prompt": "Cart: $48.98, $51.04, $48.93, $42.06 with a 10% store discount. Local sales tax is 7.0% (tax after discount). About how much is the total?", "exact_value": 183.94, "model": "tiiuae/Falcon-H1-7B-Instruct", "provider": "transformers", "response": "Finalются примерно путем приближенного подсчета стоимости корзины после скидки и перед налогом примерно до ближайшего числа примерно до ближайшего кратного числа примерно до ближайшего кратного числа примерно до ближайшего кратного числа примерно до ближайшего кратного числа примерно до ближайшего кратного числа примерно до ближайшего кратного числа примерно до ближайшего кратного числа примерно до ближайшего кратного числа примерно до ближайшего кратного числа примерно до ближайшего кратного числа примерно до ближайшего кратного числа примерно до ближайшего кратного числа примерно до ближайшего кратного числа примерно до ближайшего кратного числа примерно до ближайшего кратного числа примерно до ближайшего кратного числа примерно до ближайшего кратного числа примерно до ближайшего кратного числа примерно до ближайшего кратного числа примерно до ближайшего кратного числа примерно до ближайшего кратного числа примерно до ближайшего кратного числа примерно до ближайшего кратного числа примерно до ближайшего кратного числа примерно до ближайшего кратного числа примерно до ближайшего кратного числа примерно до ближайшего кратного числа примерно до ближайшего кратного числа примерно до ближайшего кратного числа примерно до ближайшего кратного числа примерно до ближайшего кратного числа примерно до ближайшего кратного числа примерно до ближайшего крат", "numeric_answer": null, "relative_error": null, "thinking_text": null, "has_tool_call": false, "tool_call": null, "usage": {"prompt_tokens": 225, "completion_tokens": 256, "total_tokens": 481, "token_count_source": "tokenizer"}, "decoding": {"temperature": 0.2, "top_p": null, "top_k": null, "max_tokens": 256, "seed": 42}, "prompt_tokens": 225, "completion_tokens": 256, "total_tokens": 481, "token_count_source": "tokenizer", "diffusion_steps": null, "flops_estimate": null, "flops_arch": null, "flops_model_params": null, "flops_active_params": null, "tokens_non_final": 180, "tokens_reasoning": 0, "tokens_response": 180, "elapsed_seconds": 19.30683732032776, "judgement": "Uncategorized"}
{"id": "taxes_001045", "topic": "taxes", "subtopic": "pre_discount_tax", "prompt": "Cart: $7.00, $19.59, $22.19, $24.07, $59.04 with a 15% store discount. Local sales tax is 8.5% (tax calculated before discount). About how much is the total?", "exact_value": 123.32, "model": "tiiuae/Falcon-H1-7B-Instruct", "provider": "transformers", "response": "Finalются примерно путем приближенного расчета стоимости корзины после учета налога и скидки примерно такальноются примерно путем приближенного расчета стоимости корзины после учета налога и скидки примерно такальноются примерно путем приближенного расчета стоимости корзины после учета налога и скидки примерно такальноются примерно путем приближенного расчета стоимости корзины после учета налога и скидки примерно такальноются примерно путем приближенного расчета стоимости корзины после учета налога и скидки примерно такальноются примерно путем приближенного расчета стоимости корзины после учета налога и скидки примерно такальноются примерно путем приближенного расчета стоимости корзины после учета налога и скидки примерно такальноются примерно путем приближенного расчета стоимости корзины после учета налога и скидки примерно такальноются примерно путем приближенного расчета стоимости корзины после учета налога и скидки примерно такальноются примерно путем приближенного расчета стоимости корзины после учета налога и скидки примерно такальноются примерно путем приближенного расчета стоимости корзины после учета", "numeric_answer": null, "relative_error": null, "thinking_text": null, "has_tool_call": false, "tool_call": null, "usage": {"prompt_tokens": 233, "completion_tokens": 256, "total_tokens": 489, "token_count_source": "tokenizer"}, "decoding": {"temperature": 0.2, "top_p": null, "top_k": null, "max_tokens": 256, "seed": 42}, "prompt_tokens": 233, "completion_tokens": 256, "total_tokens": 489, "token_count_source": "tokenizer", "diffusion_steps": null, "flops_estimate": null, "flops_arch": null, "flops_model_params": null, "flops_active_params": null, "tokens_non_final": 139, "tokens_reasoning": 0, "tokens_response": 139, "elapsed_seconds": 18.885064125061035, "judgement": "Uncategorized"}
{"id": "taxes_001065", "topic": "taxes", "subtopic": "post_discount_tax", "prompt": "Cart: $30.65, $11.90, $49.60, $20.83 with a 15% store discount. Local sales tax is 6.0% (tax after discount). About how much is the total?", "exact_value": 101.79, "model": "tiiuae/Falcon-H1-7B-Instruct", "provider": "transformers", "response": "Finalются примерно путем приближенной арификации стоимости товаров после скидки и перед уплатой налоговываются примерно путем приближенной арификации стоимости товаров после скидки и перед уплатой налоговываются примерно путем приближенной арификации стоимости товаров после скидки и перед уплатой налоговываются примерно путем приближенной арификации стоимости товаров после скидки и перед уплатой налоговываются примерно путем приближенной афикации стоимости товаров после скидки и перед уплатой налоговываются примерно путем приближенной афикации стоимости товаров после скидки иются примерно путем приближенной афикации стоимостиgü примерно путем приближенной афикации стоимостиgü примерно путем приближенной афикации стоимостиgü примерно путем приближенной афикации стоимостиgü примерно путем приближенной афикации стоимостиgü примерно путем приближенной афикации стоимостиgü примерно путем приближенной афикации стоимостиgü примерно путем приближенной афикации стоимостиgü примерно путем приближенной афикации стоимостиgü примерно путем приближенной афикации стоимостиgü примерно путем приближенной афикации стоимостиgü примерно путем приближенной афикации стоимостиgü примерно путем приближенной афикации стоимостиgü примерно путем приближенной афикации стоимостиgü примерно путем приближенной афикации стоимостиgü", "numeric_answer": null, "relative_error": null, "thinking_text": null, "has_tool_call": false, "tool_call": null, "usage": {"prompt_tokens": 225, "completion_tokens": 256, "total_tokens": 481, "token_count_source": "tokenizer"}, "decoding": {"temperature": 0.2, "top_p": null, "top_k": null, "max_tokens": 256, "seed": 42}, "prompt_tokens": 225, "completion_tokens": 256, "total_tokens": 481, "token_count_source": "tokenizer", "diffusion_steps": null, "flops_estimate": null, "flops_arch": null, "flops_model_params": null, "flops_active_params": null, "tokens_non_final": 145, "tokens_reasoning": 0, "tokens_response": 145, "elapsed_seconds": 18.50845742225647, "judgement": "Uncategorized"}
{"id": "taxes_001085", "topic": "taxes", "subtopic": "pre_discount_tax", "prompt": "Cart: $51.75, $41.44, $42.58 with a 15% store discount. Local sales tax is 6.0% (tax calculated before discount). About how much is the total?", "exact_value": 123.55, "model": "tiiuae/Falcon-H1-7B-Instruct", "provider": "transformers", "response": "Finalются примерно путем приближенной вычисления стоимости корзины после скидки и перед налогомются примерно путем приближеннойются примерно путем приближеннойются примерно путем приближеннойются примерно путем приближеннойются примерно путем приближеннойются примерно путем приближеннойются примерно путем приближеннойются примерно путем приближеннойются примерно путем приближеннойются примерно путем приближеннойются примерно путем приближеннойются примерно путем приближеннойются примерно путем приближеннойются примерно путем приближеннойются примерно путем приближеннойются примерно путем приближеннойются примерно путем приближеннойются примерно путем приближеннойются примерно путем приближеннойются примерно путем приближеннойются примерно путем приближеннойются примерно путем приближеннойются примерно путем приближеннойются примерно путем приближеннойются примерно путем приближеннойются примерно путем приближеннойются примерно путем приближеннойются примерно путем приближеннойются примерно путем приближеннойются примерно путем приближеннойются примерно путем приближеннойются примерно путем приближеннойются примерно путем приближеннойются примерно путем приближеннойются примерно путем приближеннойются примерно путем приближеннойются примерно путем приближеннойются примерно путем приближеннойются примерно путем приближенной", "numeric_answer": null, "relative_error": null, "thinking_text": null, "has_tool_call": false, "tool_call": null, "usage": {"prompt_tokens": 218, "completion_tokens": 256, "total_tokens": 474, "token_count_source": "tokenizer"}, "decoding": {"temperature": 0.2, "top_p": null, "top_k": null, "max_tokens": 256, "seed": 42}, "prompt_tokens": 218, "completion_tokens": 256, "total_tokens": 474, "token_count_source": "tokenizer", "diffusion_steps": null, "flops_estimate": null, "flops_arch": null, "flops_model_params": null, "flops_active_params": null, "tokens_non_final": 129, "tokens_reasoning": 0, "tokens_response": 129, "elapsed_seconds": 18.690529108047485, "judgement": "Uncategorized"}
{"id": "taxes_001105", "topic": "taxes", "subtopic": "post_discount_tax", "prompt": "Cart: $35.89, $11.55 with a 15% store discount. Local sales tax is 6.0% (tax after discount). About how much is the total?", "exact_value": 42.74, "model": "tiiuae/Falcon-H1-7B-Instruct", "provider": "transformers", "response": "Finalются примерно путем приближенного расчета стоимости корзины после скидки и перед налогомются примерно путем приближенного расчета стоимости корзины после скидки и перед налогомются примерно путем приближенного расчета стоимости корзины после скидкиются примерно путем приближенного расчета стоимости корзины после скидкиются примерно путем приближенного расчета стоимости корзиныются примерно путем приближенного расчета стоимости корзиныются примерно путем приближенного расчета стоимостиются примерно путем приближенного расчетаываются примерно путем приближенного расчетаываются примерно путем приближенного расчетаываются примерно путем приближенного расчетаются примерно путем приближенного расчетаются примерно путем приближенного расчетаются примерно путем приближенного расчетаются примерно путем приближенного расчетаются примерно путем приближенного расчетаются примерно путем приближенного расчетаются примерно путем приближенного расчетаются примерно путем приближенного расчетаются примерно путем приближенного расчетаются примерно путем приближенного расчетаются примерно путем приближенного расчетаются примерно путем приближенного расчетаются примерно путем приближенного расчетаются примерно путем приближенного расчетаются примерно путем приближенного", "numeric_answer": null, "relative_error": null, "thinking_text": null, "has_tool_call": false, "tool_call": null, "usage": {"prompt_tokens": 209, "completion_tokens": 256, "total_tokens": 465, "token_count_source": "tokenizer"}, "decoding": {"temperature": 0.2, "top_p": null, "top_k": null, "max_tokens": 256, "seed": 42}, "prompt_tokens": 209, "completion_tokens": 256, "total_tokens": 465, "token_count_source": "tokenizer", "diffusion_steps": null, "flops_estimate": null, "flops_arch": null, "flops_model_params": null, "flops_active_params": null, "tokens_non_final": 131, "tokens_reasoning": 0, "tokens_response": 131, "elapsed_seconds": 18.521626710891724, "judgement": "Uncategorized"}
{"id": "taxes_001125", "topic": "taxes", "subtopic": "post_discount_tax", "prompt": "Cart: $33.29, $22.97, $51.18 with a 20% store discount. Local sales tax is 8.5% (tax after discount). About how much is the total?", "exact_value": 93.26, "model": "tiiuae/Falcon-H1-7B-Instruct", "provider": "transformers", "response": "Finalются примерно путем приближенного расчета стоимости корзины после скидки и перед налогом, а затем прибавлением налога к итоговой стоимости после скидкиются примерно путем приближенного расчета стоимости корзины после скидки и перед налогомются примерно путем приближенного расчета стоимости корзины после скидкиются примерно путем приближенного расчета стоимости корзины после скидкиются примерно путем приближенного расчета стоимости корзины после скидкиются примерно путем приближенного расчета стоимости корзиныются примерно путем приближенного расчета стоимости корзиныются примерно путем приближенного расчета стоимости корзиныются примерно путем приближенного расчета стоимости корзиныются примерно путем приближенного расчета стоимости корзиныются примерно путем приближенного расчета стоимости корзиныются примерно путем приближенного расчета стоимости корзиныются примерно путем приближенного расчета стоимости корзиныются примерно путем приближенного расчета стоимости корзиныются примерно путем приближенного расчета стоимости корзиныются примерно путем приближенного расчета стоимости корзиныются примерно путем приближенного расчета стоимости корзиныются примерно путем приближенного расч", "numeric_answer": null, "relative_error": null, "thinking_text": null, "has_tool_call": false, "tool_call": null, "usage": {"prompt_tokens": 217, "completion_tokens": 256, "total_tokens": 473, "token_count_source": "tokenizer"}, "decoding": {"temperature": 0.2, "top_p": null, "top_k": null, "max_tokens": 256, "seed": 42}, "prompt_tokens": 217, "completion_tokens": 256, "total_tokens": 473, "token_count_source": "tokenizer", "diffusion_steps": null, "flops_estimate": null, "flops_arch": null, "flops_model_params": null, "flops_active_params": null, "tokens_non_final": 132, "tokens_reasoning": 0, "tokens_response": 132, "elapsed_seconds": 18.606383085250854, "judgement": "Uncategorized"}
{"id": "taxes_001145", "topic": "taxes", "subtopic": "pre_discount_tax", "prompt": "Cart: $20.48, $7.68, $10.58, $20.51, $20.54 with a 10% store discount. Local sales tax is 7.5% (tax calculated before discount). About how much is the total?", "exact_value": 77.8, "model": "tiiuae/Falcon-H1-7B-Instruct", "provider": "transformers", "response": "Finalются примерно путем приближенной вычисления стоимости корзины после учета налога и скидки согласно следующему плану примерноются путем приближенной вычисфикации стоимости корзины после учета налога и скидки согласно следующему плану примерноются путем приближенной вычисфикации стоимости корзины после учета налога и скидки согласно следующему плану примерноются путем приближенной вычисфикации стоимости корзины после учета налога и скидки согласно следующему плану примерноются путем приближенной вычисфикации стоимости корзины после учета налога и скидки согласно следующему плану примерноются путем приближенной вычисфикации стоимости корзины после учета налога и скидки согласно следующему плану примерноются путем приближенной вычисфикации стоимости корзины после учета налога и скидки согласно следующему плану примерноются путем приближеннойются путем приближеннойются путем приближеннойются путем приближеннойются путем приближеннойются путем приближеннойются путем приближеннойются путем приближеннойются путем приближеннойются путем приближеннойются путем приближеннойются путем приближеннойются путем приближенной", "numeric_answer": null, "relative_error": null, "thinking_text": null, "has_tool_call": false, "tool_call": null, "usage": {"prompt_tokens": 233, "completion_tokens": 256, "total_tokens": 489, "token_count_source": "tokenizer"}, "decoding": {"temperature": 0.2, "top_p": null, "top_k": null, "max_tokens": 256, "seed": 42}, "prompt_tokens": 233, "completion_tokens": 256, "total_tokens": 489, "token_count_source": "tokenizer", "diffusion_steps": null, "flops_estimate": null, "flops_arch": null, "flops_model_params": null, "flops_active_params": null, "tokens_non_final": 126, "tokens_reasoning": 0, "tokens_response": 126, "elapsed_seconds": 18.613930702209473, "judgement": "Uncategorized"}
{"id": "taxes_001165", "topic": "taxes", "subtopic": "post_discount_tax", "prompt": "Cart: $14.32, $41.58 with a 20% store discount. Local sales tax is 8.0% (tax after discount). About how much is the total?", "exact_value": 48.3, "model": "tiiuae/Falcon-H1-7B-Instruct", "provider": "transformers", "response": "Finalются примерно путем приближенного расчета стоимости корзины после скидки и переданием налога после скидки примерно через следующие действияются примерно путем приближенного расчета стоимости корзины после скидки и переданием налога после скидки примерно через следующие действияются примерно путем приближенного расчета стоимости корзины после скидки и переданием налога после скидки примерно через следующие действияются примерно путем приближенного расчета стоимости корзины после скидки и переданием налога после скидки примерно через следующие действияются примерно путем приближенного расчета стоимости корзины после скидки и переданием налога после скидки примерно через следующие действияются примерно путем приближенного расчета стоимости корзины после скидки и переданием налога после скидки примерно через следующие действияываются путем приближенного расчета стоимости корзины после скидки примерно путем приближенного расчета стоимости корзины после скидки примерно путем приближенного расчета стоимости корзины после скидки примерно путем приближенного расчета стоимости корзины после скидки примерно путем приближенного расчета стоимости корзины после скидки", "numeric_answer": null, "relative_error": null, "thinking_text": null, "has_tool_call": false, "tool_call": null, "usage": {"prompt_tokens": 209, "completion_tokens": 256, "total_tokens": 465, "token_count_source": "tokenizer"}, "decoding": {"temperature": 0.2, "top_p": null, "top_k": null, "max_tokens": 256, "seed": 42}, "prompt_tokens": 209, "completion_tokens": 256, "total_tokens": 465, "token_count_source": "tokenizer", "diffusion_steps": null, "flops_estimate": null, "flops_arch": null, "flops_model_params": null, "flops_active_params": null, "tokens_non_final": 142, "tokens_reasoning": 0, "tokens_response": 142, "elapsed_seconds": 18.71866512298584, "judgement": "Uncategorized"}
{"id": "taxes_001185", "topic": "taxes", "subtopic": "pre_discount_tax", "prompt": "Cart: $17.11, $15.84 with a 15% store discount. Local sales tax is 6.0% (tax calculated before discount). About how much is the total?", "exact_value": 29.98, "model": "tiiuae/Falcon-H1-7B-Instruct", "provider": "transformers", "response": "Finalются примерно путем приближенного расчета стоимости корзины после применения скидки и налога согласно следующему плану примерноется путем приближенного расчета стоимости корзины после применения скидки и налога согласно следующему плану примерноется путем приближенного расчета стоимости корзины после применения скидки и налога согласно следующему плану примерноется путем приближенного расчета стоимости корзины после применения скидки и налога согласно следующему плану примерноется путем приближенного расчета стоимости корзины после применения скидки и налога согласно следующему плану примерноется путем приближенного расчета стоимости корзины после применения скидки и налога согласно следующему плану примерноется путем приближенного расчета стоимости корзины после применения скидки и налога согласно следующему плану примерноется путем приближенного расчета стоимости корзины после применения скидки и налога согласно следующему плану примерноется путем приближенного расчета стоимости корзины после применения скидки и налога согласно следующему плану примерноется путем приближенного расчета стоимости корзины после применения скидки и налога согласно следующему плану примерноется путем приближ", "numeric_answer": null, "relative_error": null, "thinking_text": null, "has_tool_call": false, "tool_call": null, "usage": {"prompt_tokens": 210, "completion_tokens": 256, "total_tokens": 466, "token_count_source": "tokenizer"}, "decoding": {"temperature": 0.2, "top_p": null, "top_k": null, "max_tokens": 256, "seed": 42}, "prompt_tokens": 210, "completion_tokens": 256, "total_tokens": 466, "token_count_source": "tokenizer", "diffusion_steps": null, "flops_estimate": null, "flops_arch": null, "flops_model_params": null, "flops_active_params": null, "tokens_non_final": 144, "tokens_reasoning": 0, "tokens_response": 144, "elapsed_seconds": 18.887577772140503, "judgement": "Uncategorized"}
{"id": "taxes_001205", "topic": "taxes", "subtopic": "pre_discount_tax", "prompt": "Cart: $16.90, $53.37, $54.66, $11.44, $18.23 with a 20% store discount. Local sales tax is 8.0% (tax calculated before discount). About how much is the total?", "exact_value": 136.05, "model": "tiiuae/Falcon-H1-7B-Instruct", "provider": "transformers", "response": "Finalются примерно путем приближенного расчета стоимости корзины после налога и скидки согласно следующему плану:ются примерно путем приближенного расчета стоимости корзины после налога и скидки согласно следующему плануются примерно путем приближенного расчета стоимости корзины после налога и скидки согласно следующему плануются примерно путем приближенного расчета стоимости корзины после налога и скидки согласно следующему плануются примерно путем приближенного расчета стоимости корзины после налога и скидки согласно следующему плануются примерно путем приближенного расчета стоимости корзины после налога и скидки согласно следующему плануются примерно путем приближенного расчета стоимости корзины после налога иются примерно путем приближенного расчета стоимости корзины после налога иются примерно путем приближенного расчета стоимости корзины послеются примерно путем приближенного расчета стоимости корзины послеются примерно путем приближенного расчета стоимости корзины послеются примерно путем приближенного расчета стоимости корзины послеются примерно путем приближенного расчета стоимости корзины послеются примерно путем приближенного расчета стоимости корзины после", "numeric_answer": null, "relative_error": null, "thinking_text": null, "has_tool_call": false, "tool_call": null, "usage": {"prompt_tokens": 234, "completion_tokens": 256, "total_tokens": 490, "token_count_source": "tokenizer"}, "decoding": {"temperature": 0.2, "top_p": null, "top_k": null, "max_tokens": 256, "seed": 42}, "prompt_tokens": 234, "completion_tokens": 256, "total_tokens": 490, "token_count_source": "tokenizer", "diffusion_steps": null, "flops_estimate": null, "flops_arch": null, "flops_model_params": null, "flops_active_params": null, "tokens_non_final": 139, "tokens_reasoning": 0, "tokens_response": 139, "elapsed_seconds": 18.678588151931763, "judgement": "Uncategorized"}
{"id": "taxes_001225", "topic": "taxes", "subtopic": "pre_discount_tax", "prompt": "Cart: $48.12, $37.76, $8.24 with a 10% store discount. Local sales tax is 8.5% (tax calculated before discount). About how much is the total?", "exact_value": 92.71, "model": "tiiuae/Falcon-H1-7B-Instruct", "provider": "transformers", "response": "Finalются примерно путем приближенного расчета стоимости корзины после учета налога и скидки согласно следующему плану примерно до ближайшего числа на пять или десять процентов согласно следующему плану примерно до ближайшего числа на пять или десять процентов согласно следующему плану примерно до ближайшего числа наются примерно путем приближенного расчета стоимости корзины после учета налога и скидки согласно следующему плану примерно до ближайшего числа на пять или десять процентов согласно следующему плану примерно до ближайшего числа на пять или десять процентов согласно следующему плану примерно до ближайшего числа на пять или десять процентов согласно следующему плану примерно до ближайшего числа наются примерно путем приближенного расчета стоимости корзины после учета налога и скидки согласно следующему плану примерно до ближайшего числа на пять или десять процентов согласно следующему плану примерно до ближайшего числа наются примерно путем приближенного расчета стоимости корзины после учета налога и скидки согласно следующему плану примерно до ближайшего числа наются примерно путем приближенного расчета стоимости корзины после учета налога и скидки согласно следующему плану примерно до ближайшего числа наются примерно путем приближ", "numeric_answer": null, "relative_error": null, "thinking_text": null, "has_tool_call": false, "tool_call": null, "usage": {"prompt_tokens": 217, "completion_tokens": 256, "total_tokens": 473, "token_count_source": "tokenizer"}, "decoding": {"temperature": 0.2, "top_p": null, "top_k": null, "max_tokens": 256, "seed": 42}, "prompt_tokens": 217, "completion_tokens": 256, "total_tokens": 473, "token_count_source": "tokenizer", "diffusion_steps": null, "flops_estimate": null, "flops_arch": null, "flops_model_params": null, "flops_active_params": null, "tokens_non_final": 171, "tokens_reasoning": 0, "tokens_response": 171, "elapsed_seconds": 18.701925039291382, "judgement": "Uncategorized"}
{"id": "taxes_001245", "topic": "taxes", "subtopic": "post_discount_tax", "prompt": "Cart: $16.15, $46.13, $29.68, $11.10 with a 20% store discount. Local sales tax is 8.0% (tax after discount). About how much is the total?", "exact_value": 89.04, "model": "tiiuae/Falcon-H1-7B-Instruct", "provider": "transformers", "response": "Finalются примерно путем приближенного расчета стоимости корзины после скидки и перед уплатой налогов согласно следующему плану:ются примерно путем приближенного расчета стоимости корзины после скидки и перед уплатой налогов согласно следующему плануются примерно путем приближенного расчета стоимости корзины после скидки и перед уплатой налогов согласно следующему плануются примерно путем приближенного расчета стоимости корзины после скидки и перед уплатой налогов согласно следующему плануются примерно путем приближенного расчета стоимости корзины после скидки и перед уплатой налогов согласно следующему плануются примерно путем приближенного расчета стоимости корзины после скидки и перед уплатой налогов согласно следующему плануются примерно путем приближенного расчета стоимости корзины после скидки и перед уплатой налогов согласно следующему плануются примерно путем приближенного расчета стоимости корзины после скидки и перед уплатой налогов согласно следующему плануются примерно путем приближенного расчета стоимости корзины после скидки и перед уплатой налогов согласно следующему плануются примерно путем приближенного расчета стоимости корз", "numeric_answer": null, "relative_error": null, "thinking_text": null, "has_tool_call": false, "tool_call": null, "usage": {"prompt_tokens": 225, "completion_tokens": 256, "total_tokens": 481, "token_count_source": "tokenizer"}, "decoding": {"temperature": 0.2, "top_p": null, "top_k": null, "max_tokens": 256, "seed": 42}, "prompt_tokens": 225, "completion_tokens": 256, "total_tokens": 481, "token_count_source": "tokenizer", "diffusion_steps": null, "flops_estimate": null, "flops_arch": null, "flops_model_params": null, "flops_active_params": null, "tokens_non_final": 142, "tokens_reasoning": 0, "tokens_response": 142, "elapsed_seconds": 18.8749737739563, "judgement": "Uncategorized"}
{"id": "taxes_001265", "topic": "taxes", "subtopic": "pre_discount_tax", "prompt": "Cart: $5.07, $49.02, $21.35, $52.81. Local sales tax is 8.5% (tax calculated before discount). About how much is the total?", "exact_value": 139.15, "model": "tiiuae/Falcon-H1-7B-Instruct", "provider": "transformers", "response": "Finalются примерно путем приближенного подсчета стоимости товаров и налога путем округления стоимости до ближайших удобных чисел и применения налога примерно до ближайшего кратного числа примерно до процентовируемой суммы примерно до процентовируемой суммы примерно до процентовируемой суммы примерно до процентовируемой суммы примерно до процентовируемой суммы примерно до процентовируемой суммы примерно до процентовируемой суммы примерно до процентовируемой суммы примерно до процентовируемой суммы примерно до процентовируемой суммы примерно до процентовируемой суммы примерно до процентовируемой суммы примерно до процентовируемой суммы примерно до процентовируемой суммы примерно до процентовируемой суммы примерно до процентовируемой суммы примерно до процентовируемой суммы примерно до процентовируемой суммы примерно до процентовируемой суммы примерно до процентовируемой суммы примерно до процентовируемой суммы примерно до процентовируемой суммы примерно до процентовируемой суммы примерно до процентовируемой суммы примерно до процентовируемой суммы примерно до процентовируемой суммы примерно до процентовируемой суммы примерно до процентовируемой суммы примерно до процентовируемой суммы примерно до процентовируемой суммы примерно до процентовируемой суммы примерно до процентовируемой суммы примерно до процентовируемой суммы примерно до процентовируемой суммы примерно до процентовируемой суммы примерно до процентовируемой суммы примерно до процентов", "numeric_answer": null, "relative_error": null, "thinking_text": null, "has_tool_call": false, "tool_call": null, "usage": {"prompt_tokens": 217, "completion_tokens": 256, "total_tokens": 473, "token_count_source": "tokenizer"}, "decoding": {"temperature": 0.2, "top_p": null, "top_k": null, "max_tokens": 256, "seed": 42}, "prompt_tokens": 217, "completion_tokens": 256, "total_tokens": 473, "token_count_source": "tokenizer", "diffusion_steps": null, "flops_estimate": null, "flops_arch": null, "flops_model_params": null, "flops_active_params": null, "tokens_non_final": 171, "tokens_reasoning": 0, "tokens_response": 171, "elapsed_seconds": 18.77043080329895, "judgement": "Uncategorized"}
{"id": "taxes_001285", "topic": "taxes", "subtopic": "pre_discount_tax", "prompt": "Cart: $23.28, $56.47 with a 10% store discount. Local sales tax is 7.0% (tax calculated before discount). About how much is the total?", "exact_value": 77.36, "model": "tiiuae/Falcon-H1-7B-Instruct", "provider": "transformers", "response": "Finalются примерно путем приближенного расчета стоимости корзины после учета налога и скидки согласно следующему плану примерноются путем приближенного расчета стоимости корзины после учета налога и скидки согласно следующему плану примерноются путем приближенного расчета стоимости корзины после учета налога и скидки согласно следующему плану примерноются путем приближенного расчета стоимости корзины после учета налога и скидки согласно следующему плану примерноются путем приближенного расчета стоимости корзины после учета налога и скидки согласно следующему плану примерноются путем приближенного расчета стоимости корзины после учета налога и скидки согласно следующему плану примерноются путем приближенного расчета стоимости корзины после учета налога и скидки согласно следующему плану примерноются путем приближенного расчета стоимости корзины после учета налога и скидки согласно следующему плану примерноются путем приближенного расчета стоимости корзины после учета налога и скидки согласно следующему плану примерноются путем приближенного расчета стоимости корзины после учета налога и скидки", "numeric_answer": null, "relative_error": null, "thinking_text": null, "has_tool_call": false, "tool_call": null, "usage": {"prompt_tokens": 210, "completion_tokens": 256, "total_tokens": 466, "token_count_source": "tokenizer"}, "decoding": {"temperature": 0.2, "top_p": null, "top_k": null, "max_tokens": 256, "seed": 42}, "prompt_tokens": 210, "completion_tokens": 256, "total_tokens": 466, "token_count_source": "tokenizer", "diffusion_steps": null, "flops_estimate": null, "flops_arch": null, "flops_model_params": null, "flops_active_params": null, "tokens_non_final": 138, "tokens_reasoning": 0, "tokens_response": 138, "elapsed_seconds": 18.898770809173584, "judgement": "Uncategorized"}
{"id": "taxes_001305", "topic": "taxes", "subtopic": "post_discount_tax", "prompt": "Cart: $32.63, $47.64, $21.83, $42.07. Local sales tax is 7.5% (tax after discount). About how much is the total?", "exact_value": 154.98, "model": "tiiuae/Falcon-H1-7B-Instruct", "provider": "transformers", "response": "Finalются примерно путем приближенного подсчета стоимости корзины и последующего применения налога на продажются примерно путем приближенного подсчета стоимости корзины и последующего применения налога на продажются примерно путем приближенного подсчета стоимости корзины и последующего применения налога на продажются примерно путем приближенного подсчета стоимости корзины и последующего применения налога на продажются примерно путем приближенного подсчета стоимости корзины и последующего применения налога на продажются примерно путем приближенного подсчета стоимости корзины и последующего применения налога на продажются примерно путем приближенного подсчета стоимости корзины и последующего применения налога на продажются примерно путем приближенного подсчета стоимости корзины и последующего применения налога на продажются примерно путем приближенного подсчета стоимости корзины и последующего применения налога на продажются примерно путем приближенного подсчета стоимости корзины и последующего применения налога на продажются примерно путем приближенного подсчета стоимости корзины и последующего применения налога на продажются примерно путем приближенного подсчета стоимости корзины и последующего применения налога на продажются примерно путем", "numeric_answer": null, "relative_error": null, "thinking_text": null, "has_tool_call": false, "tool_call": null, "usage": {"prompt_tokens": 217, "completion_tokens": 256, "total_tokens": 473, "token_count_source": "tokenizer"}, "decoding": {"temperature": 0.2, "top_p": null, "top_k": null, "max_tokens": 256, "seed": 42}, "prompt_tokens": 217, "completion_tokens": 256, "total_tokens": 473, "token_count_source": "tokenizer", "diffusion_steps": null, "flops_estimate": null, "flops_arch": null, "flops_model_params": null, "flops_active_params": null, "tokens_non_final": 147, "tokens_reasoning": 0, "tokens_response": 147, "elapsed_seconds": 18.8238046169281, "judgement": "Uncategorized"}
{"id": "taxes_001325", "topic": "taxes", "subtopic": "pre_discount_tax", "prompt": "Cart: $22.61, $14.17, $36.73, $21.75, $44.86 with a 15% store discount. Local sales tax is 8.5% (tax calculated before discount). About how much is the total?", "exact_value": 131.01, "model": "tiiuae/Falcon-H1-7B-Instruct", "provider": "transformers", "response": "Finalются примерно путем приближенного расчета стоимости корзины после учета налога и скидки примерно такальноются примерно путем приближенного расчета стоимости корзины после учета налога и скидки примерно такальноются примерно путем приближенного расчета стоимости корзины после учета налога и скидки примерно такальноются примерно путем приближенного расчета стоимости корзины после учета налога и скидки примерно такальноются примерно путем приближенного расчета стоимости корзины после учета налога и скидки примерно такальноются примерно путем приближенного расчета стоимости корзины после учета налога и скидки примерно такальноются примерно путем приближенного расчета стоимости корзины после учета налога и скидки примерно такальноются примерно путем приближенного расчета стоимости корзины после учета налога и скидки примерно такальноются примерно путем приближенного расчета стоимости корзины после учета налога и скидки примерно такальноются примерно путем приближенного расчета стоимости корзины после учета налога и скидки примерно такальноются примерно путем приближенного расчета стоимости корзины после учета", "numeric_answer": null, "relative_error": null, "thinking_text": null, "has_tool_call": false, "tool_call": null, "usage": {"prompt_tokens": 234, "completion_tokens": 256, "total_tokens": 490, "token_count_source": "tokenizer"}, "decoding": {"temperature": 0.2, "top_p": null, "top_k": null, "max_tokens": 256, "seed": 42}, "prompt_tokens": 234, "completion_tokens": 256, "total_tokens": 490, "token_count_source": "tokenizer", "diffusion_steps": null, "flops_estimate": null, "flops_arch": null, "flops_model_params": null, "flops_active_params": null, "tokens_non_final": 139, "tokens_reasoning": 0, "tokens_response": 139, "elapsed_seconds": 19.040674924850464, "judgement": "Uncategorized"}
{"id": "units_000127", "topic": "units", "subtopic": "kg_g", "prompt": "An item costs $13.16 per kg. You take 500 g. About how much is that?", "exact_value": 6.58, "model": "tiiuae/Falcon-H1-7B-Instruct", "provider": "transformers", "response": "Finalются примерно к кгуют примерно примерно примерно примерно примерно примерно примерно примерно примерно примерно примерно примерно примерно примерно примерно примерно примерно примерно примерно примерно примерно примерно примерно примерно примерно примерно примерно примерно примерно примерно примерно примерно примерно примерно примерно примерно примерно примерно примерно примерно примерно примерно примерно примерно примерно примерно примерно примерно примерно примерно примерно примерно примерно примерно примерно примерно примерно примерно примерно примерно примерно примерно примерно примерно примерно примерно примерно примерно примерно примерно примерно примерно примерно примерно примерно примерно примерно примерно примерно примерно примерно примерно примерно примерно примерно примерно примерно примерно примерно примерно примерно примерно примерно примерно примерно примерно примерно примерно примерно примерно примерно примерно примерно примерно примерно примерно примерно примерно примерно примерно примерно примерно примерно примерно примерно примерно примерно примерно примерно примерно примерно примерно примерно примерно примерно примерно примерно примерно примерно примерно примерно примерно примерно примерно примерно примерно примерно примерно примерно примерно примерно примерно примерно примерно примерно примерно примерно примерно примерно примерно примерно примерно примерно примерно примерно примерно примерно примерно примерно примерно примерно примерно примерно примерно примерно примерно примерно примерно примерно примерно примерно примерно примерно примерно примерно примерно примерно примерно примерно примерно примерно примерно примерно примерно примерно примерно примерно примерно примерно примерно примерно примерно примерно примерно примерно примерно примерно примерно примерно примерно примерно примерно примерно примерно примерно примерно примерно примерно примерно примерно примерно примерно примерно примерно примерно примерно примерно примерно примерно примерно примерно примерно примерно примерно примерно примерно примерно примерно примерно примерно примерно примерно примерно примерно примерно примерно примерно примерно примерно примерно примерно примерно примерно примерно примерно примерно примерно примерно примерно примерно", "numeric_answer": null, "relative_error": null, "thinking_text": null, "has_tool_call": false, "tool_call": null, "usage": {"prompt_tokens": 188, "completion_tokens": 256, "total_tokens": 444, "token_count_source": "tokenizer"}, "decoding": {"temperature": 0.2, "top_p": null, "top_k": null, "max_tokens": 256, "seed": 42}, "prompt_tokens": 188, "completion_tokens": 256, "total_tokens": 444, "token_count_source": "tokenizer", "diffusion_steps": null, "flops_estimate": null, "flops_arch": null, "flops_model_params": null, "flops_active_params": null, "tokens_non_final": 254, "tokens_reasoning": 0, "tokens_response": 254, "elapsed_seconds": 18.746807098388672, "judgement": "Uncategorized"}
{"id": "units_000147", "topic": "units", "subtopic": "kg_g", "prompt": "An item costs $9.68 per kg. You take 500 g. About how much is that?", "exact_value": 4.84, "model": "tiiuae/Falcon-H1-7B-Instruct", "provider": "transformers", "response": "Finalются примерно к кгуют примерно примерно примерно примерно примерно примерно примерно примерно примерно примерно примерно примерно примерно примерно примерно примерно примерно примерно примерно примерно примерно примерно примерно примерно примерно примерно примерно примерно примерно примерно примерно примерно примерно примерно примерно примерно примерно примерно примерно примерно примерно примерно примерно примерно примерно примерно примерно примерно примерно примерно примерно примерно примерно примерно примерно примерно примерно примерно примерно примерно примерно примерно примерно примерно примерно примерно примерно примерно примерно примерно примерно примерно примерно примерно примерно примерно примерно примерно примерно примерно примерно примерно примерно примерно примерно примерно примерно примерно примерно примерно примерно примерно примерно примерно примерно примерно примерно примерно примерно примерно примерно примерно примерно примерно примерно примерно примерно примерно примерно примерно примерно примерно примерно примерно примерно примерно примерно примерно примерно примерно примерно примерно примерно примерно примерно примерно примерно примерно примерно примерно примерно примерно примерно примерно примерно примерно примерно примерно примерно примерно примерно примерно примерно примерно примерно примерно примерно примерно примерно примерно примерно примерно примерно примерно примерно примерно примерно примерно примерно примерно примерно примерно примерно примерно примерно примерно примерно примерно примерно примерно примерно примерно примерно примерно примерно примерно примерно примерно примерно примерно примерно примерно примерно примерно примерно примерно примерно примерно примерно примерно примерно примерно примерно примерно примерно примерно примерно примерно примерно примерно примерно примерно примерно примерно примерно примерно примерно примерно примерно примерно примерно примерно примерно примерно примерно примерно примерно примерно примерно примерно примерно примерно примерно примерно примерно примерно примерно примерно примерно примерно примерно примерно примерно примерно примерно примерно примерно примерно примерно примерно примерно примерно примерно примерно примерно примерно примерно примерно примерно примерно", "numeric_answer": null, "relative_error": null, "thinking_text": null, "has_tool_call": false, "tool_call": null, "usage": {"prompt_tokens": 187, "completion_tokens": 256, "total_tokens": 443, "token_count_source": "tokenizer"}, "decoding": {"temperature": 0.2, "top_p": null, "top_k": null, "max_tokens": 256, "seed": 42}, "prompt_tokens": 187, "completion_tokens": 256, "total_tokens": 443, "token_count_source": "tokenizer", "diffusion_steps": null, "flops_estimate": null, "flops_arch": null, "flops_model_params": null, "flops_active_params": null, "tokens_non_final": 254, "tokens_reasoning": 0, "tokens_response": 254, "elapsed_seconds": 18.597702503204346, "judgement": "Uncategorized"}
{"id": "units_000167", "topic": "units", "subtopic": "lb_oz", "prompt": "You buy 5.37 lb at $7.71 per lb. About how much is that total?", "exact_value": 41.4, "model": "tiiuae/Falcon-H1-7B-Instruct", "provider": "transformers", "response": "Finalются примерно путем округления стоимости до примерно ываются до примерно числа примерно числа примерно числа примерно числа примерно числа примерно числа примерно числа примерно числа примерно числа примерно числа примерно числа примерно числа примерно числа примерно числа примерно числа примерно числа примерно числа примерно числа примерно числа примерно числа примерно числа примерно числа примерно числа примерно числа примерно числа примерно числа примерно числа примерно числа примерно числа примерно числа примерно числа примерно числа примерно числа примерно числа примерно числа примерно числа примерно числа примерно числа примерно числа примерно числа примерно числа примерно числа примерно числа примерно числа примерно числа примерно числа примерно числа примерно числа примерно числа примерно числа примерно числа примерно числа примерно числа примерно числа примерно числа примерно числа примерно числа примерно числа примерно числа примерно числа примерно числа примерно числа примерно числа примерно числа примерно числа примерно числа примерно числа примерно числа примерно числа примерно числа примерно числа примерно числа примерно числа примерно числа примерно числа примерно числа примерно числа примерно числа примерно числа примерно числа примерно числа примерно числа примерно числа примерно числа примерно числа примерно числа примерно числа примерно числа примерно числа примерно числа примерно числа примерно числа примерно числа примерно числа примерно числа примерно числа примерно числа примерно числа примерно числа примерно числа примерно числа примерно числа примерно числа примерно числа примерно числа примерно числа примерно числа примерно числа примерно числа примерно числа примерно числа примерно числа примерно числа примерно числа примерно числа примерно числа примерно числа примерно числа примерно числа примерно числа примерно числа примерно числа", "numeric_answer": null, "relative_error": null, "thinking_text": null, "has_tool_call": false, "tool_call": null, "usage": {"prompt_tokens": 186, "completion_tokens": 256, "total_tokens": 442, "token_count_source": "tokenizer"}, "decoding": {"temperature": 0.2, "top_p": null, "top_k": null, "max_tokens": 256, "seed": 42}, "prompt_tokens": 186, "completion_tokens": 256, "total_tokens": 442, "token_count_source": "tokenizer", "diffusion_steps": null, "flops_estimate": null, "flops_arch": null, "flops_model_params": null, "flops_active_params": null, "tokens_non_final": 253, "tokens_reasoning": 0, "tokens_response": 253, "elapsed_seconds": 18.647735834121704, "judgement": "Uncategorized"}
{"id": "units_000187", "topic": "units", "subtopic": "kg_g", "prompt": "An item costs $7.01 per kg. You take 300 g. About how much is that?", "exact_value": 2.1, "model": "tiiuae/Falcon-H1-7B-Instruct", "provider": "transformers", "response": "Finalются примерно к кгуют примерно примерно примерно примерно примерно примерно примерно примерно примерно примерно примерно примерно примерно примерно примерно примерно примерно примерно примерно примерно примерно примерно примерно примерно примерно примерно примерно примерно примерно примерно примерно примерно примерно примерно примерно примерно примерно примерно примерно примерно примерно примерно примерно примерно примерно примерно примерно примерно примерно примерно примерно примерно примерно примерно примерно примерно примерно примерно примерно примерно примерно примерно примерно примерно примерно примерно примерно примерно примерно примерно примерно примерно примерно примерно примерно примерно примерно примерно примерно примерно примерно примерно примерно примерно примерно примерно примерно примерно примерно примерно примерно примерно примерно примерно примерно примерно примерно примерно примерно примерно примерно примерно примерно примерно примерно примерно примерно примерно примерно примерно примерно примерно примерно примерно примерно примерно примерно примерно примерно примерно примерно примерно примерно примерно примерно примерно примерно примерно примерно примерно примерно примерно примерно примерно примерно примерно примерно примерно примерно примерно примерно примерно примерно примерно примерно примерно примерно примерно примерно примерно примерно примерно примерно примерно примерно примерно примерно примерно примерно примерно примерно примерно примерно примерно примерно примерно примерно примерно примерно примерно примерно примерно примерно примерно примерно примерно примерно примерно примерно примерно примерно примерно примерно примерно примерно примерно примерно примерно примерно примерно примерно примерно примерно примерно примерно примерно примерно примерно примерно примерно примерно примерно примерно примерно примерно примерно примерно примерно примерно примерно примерно примерно примерно примерно примерно примерно примерно примерно примерно примерно примерно примерно примерно примерно примерно примерно примерно примерно примерно примерно примерно примерно примерно примерно примерно примерно примерно примерно примерно примерно примерно примерно примерно примерно примерно примерно примерно примерно примерно примерно", "numeric_answer": null, "relative_error": null, "thinking_text": null, "has_tool_call": false, "tool_call": null, "usage": {"prompt_tokens": 187, "completion_tokens": 256, "total_tokens": 443, "token_count_source": "tokenizer"}, "decoding": {"temperature": 0.2, "top_p": null, "top_k": null, "max_tokens": 256, "seed": 42}, "prompt_tokens": 187, "completion_tokens": 256, "total_tokens": 443, "token_count_source": "tokenizer", "diffusion_steps": null, "flops_estimate": null, "flops_arch": null, "flops_model_params": null, "flops_active_params": null, "tokens_non_final": 254, "tokens_reasoning": 0, "tokens_response": 254, "elapsed_seconds": 19.02225351333618, "judgement": "Uncategorized"}
{"id": "units_000207", "topic": "units", "subtopic": "kg_g", "prompt": "An item costs $19.14 per kg. You take 350 g. About how much is that?", "exact_value": 6.7, "model": "tiiuae/Falcon-H1-7B-Instruct", "provider": "transformers", "response": "Finalются примерно кальному весу примерно равенальному стоимости примерно равной примерно примерно примерно примерно примерно примерно примерно примерно примерно примерно примерно примерно примерно примерно примерно примерно примерно примерно примерно примерно примерно примерно примерно примерно примерно примерно примерно примерно примерно примерно примерно примерно примерно примерно примерно примерно примерно примерно примерно примерно примерно примерно примерно примерно примерно примерно примерно примерно примерно примерно примерно примерно примерно примерно примерно примерно примерно примерно примерно примерно примерно примерно примерно примерно примерно примерно примерно примерно примерно примерно примерно примерно примерно примерно примерно примерно примерно примерно примерно примерно примерно примерно примерно примерно примерно примерно примерно примерно примерно примерно примерно примерно примерно примерно примерно примерно примерно примерно примерно примерно примерно примерно примерно примерно примерно примерно примерно примерно примерно примерно примерно примерно примерно примерно примерно примерно примерно примерно примерно примерно примерно примерно примерно примерно примерно примерно примерно примерно примерно примерно примерно примерно примерно примерно примерно примерно примерно примерно примерно примерно примерно примерно примерно примерно примерно примерно примерно примерно примерно примерно примерно примерно примерно примерно примерно примерно примерно примерно примерно примерно примерно примерно примерно примерно примерно примерно примерно примерно примерно примерно примерно примерно примерно примерно примерно примерно примерно примерно примерно примерно примерно примерно примерно примерно примерно примерно примерно примерно примерно примерно примерно примерно примерно примерно примерно примерно примерно примерно примерно примерно примерно примерно примерно примерно примерно примерно примерно примерно примерно примерно примерно примерно примерно примерно примерно примерно примерно примерно примерно примерно примерно примерно примерно примерно примерно примерно примерно примерно примерно примерно примерно примерно примерно примерно примерно примерно примерно примерно примерно примерно примерно", "numeric_answer": null, "relative_error": null, "thinking_text": null, "has_tool_call": false, "tool_call": null, "usage": {"prompt_tokens": 188, "completion_tokens": 256, "total_tokens": 444, "token_count_source": "tokenizer"}, "decoding": {"temperature": 0.2, "top_p": null, "top_k": null, "max_tokens": 256, "seed": 42}, "prompt_tokens": 188, "completion_tokens": 256, "total_tokens": 444, "token_count_source": "tokenizer", "diffusion_steps": null, "flops_estimate": null, "flops_arch": null, "flops_model_params": null, "flops_active_params": null, "tokens_non_final": 250, "tokens_reasoning": 0, "tokens_response": 250, "elapsed_seconds": 18.9149751663208, "judgement": "Uncategorized"}
{"id": "units_000227", "topic": "units", "subtopic": "lb_oz", "prompt": "You buy 4.2 lb at $8.05 per lb. About how much is that total?", "exact_value": 33.81, "model": "tiiuae/Falcon-H1-7B-Instruct", "provider": "transformers", "response": "Finalются примерно кальному значению путем округления до ближайшего кратного числа примерно в десятки или пятёрки для удобства восприятияются примерно кальному значению путем округления до ближайшего кратного числа примерноются примерно кальному значению путем округления до ближайшего кратного числа примерноются примерно кальному значению путем округления до ближайшего кратного числа примерноются примерно кальному значению путем округления до ближайшего кратного числа примерноются примерно кальному значению путем округления до ближайшего кратного числа примерноются примерноются примерноются примерноются примерноются примерноются примерноются примерноются примерноются примерноются примерноются примерноются примерноются примерноются примерноются примерноются примерноются примерноются примерноются примерноются примерноются примерноются примерноются примерноются примерноются примерноются примерноются примерноются примерноются примерноются примерноются примерноются примерноются примерноются примерноются примерноются примерноются примерноются примерноются примерноются примерноются примерноются примерноются примерноются примерноются примерноются примерноются примерноются примерноются примерноются примерноются примерноются примерноются примерноются примерноются примерноются примерноются примерноются примерноются примерноются примерноются примерноются примерноются примерноются примерноются примерноются примерноются примерноются примерноются примерноются примерноются примерноются примерноются примерноются примерно", "numeric_answer": null, "relative_error": null, "thinking_text": null, "has_tool_call": false, "tool_call": null, "usage": {"prompt_tokens": 185, "completion_tokens": 256, "total_tokens": 441, "token_count_source": "tokenizer"}, "decoding": {"temperature": 0.2, "top_p": null, "top_k": null, "max_tokens": 256, "seed": 42}, "prompt_tokens": 185, "completion_tokens": 256, "total_tokens": 441, "token_count_source": "tokenizer", "diffusion_steps": null, "flops_estimate": null, "flops_arch": null, "flops_model_params": null, "flops_active_params": null, "tokens_non_final": 142, "tokens_reasoning": 0, "tokens_response": 142, "elapsed_seconds": 18.787054300308228, "judgement": "Uncategorized"}
{"id": "units_000247", "topic": "units", "subtopic": "lb_oz", "prompt": "You buy 1.27 lb at $10.60 per lb. About how much is that total?", "exact_value": 13.46, "model": "tiiuae/Falcon-H1-7B-Instruct", "provider": "transformers", "response": "Finalются примерно кальному расчету стоимости примерно кальному расчету стоимости примерно кальному расчету стоимости примерно кальному расчету стоимости примерно кальному расчету стоимости примерно кальному расчету стоимости примерно кальному расчету стоимости примерно кальному расчету стоимости примерно кальному расчету стоимости примерно кальному расчету стоимости примерно кальному расчету стоимости примерно кальному расчету стоимости примерно кальному расчету стоимости примерно кальному расчету стоимости примерно кальному расчету стоимости примерно кальному расчету стоимости примерно кальному расчету стоимости примерно кальному расчету стоимости примерно кальному расчету стоимости примерно кальному расчету стоимости примерно кальному расчету стоимости примерно кальному расчету стоимости примерно кальному расчету стоимости примерно кальному расчету стоимости примерно кальному расчету стоимости примерно кальному расчету стоимости примерно кальному расчету стоимости примерно кальному расчету стоимости примерно кальному расчету стоимости примерно кальному расчету стоимости примерно кальному расчету стоимости примерно кальному расчету стоимости примерно кальному расчету стоимости примерно кальному расчету стоимости примерно кальному расчету стоимости примерно кальному расчету стоимости примерно кальному расчету стоимости примерно кальному расчету стоимости примерно кальному расчету стоимости примерно кальному расчету стоимости примерно кальному расчету стоимости примерно кальному расчету стоимости примерно к", "numeric_answer": null, "relative_error": null, "thinking_text": null, "has_tool_call": false, "tool_call": null, "usage": {"prompt_tokens": 187, "completion_tokens": 256, "total_tokens": 443, "token_count_source": "tokenizer"}, "decoding": {"temperature": 0.2, "top_p": null, "top_k": null, "max_tokens": 256, "seed": 42}, "prompt_tokens": 187, "completion_tokens": 256, "total_tokens": 443, "token_count_source": "tokenizer", "diffusion_steps": null, "flops_estimate": null, "flops_arch": null, "flops_model_params": null, "flops_active_params": null, "tokens_non_final": 171, "tokens_reasoning": 0, "tokens_response": 171, "elapsed_seconds": 18.737764358520508, "judgement": "Uncategorized"}
{"id": "units_000267", "topic": "units", "subtopic": "kg_g", "prompt": "An item costs $16.62 per kg. You take 250 g. About how much is that?", "exact_value": 4.16, "model": "tiiuae/Falcon-H1-7B-Instruct", "provider": "transformers", "response": "Finalются примерно к стоимости примерно равной стоимости примерно равной примерно примерно примерно примерно примерно примерно примерно примерно примерно примерно примерно примерно примерно примерно примерно примерно примерно примерно примерно примерно примерно примерно примерно примерно примерно примерно примерно примерно примерно примерно примерно примерно примерно примерно примерно примерно примерно примерно примерно примерно примерно примерно примерно примерно примерно примерно примерно примерно примерно примерно примерно примерно примерно примерно примерно примерно примерно примерно примерно примерно примерно примерно примерно примерно примерно примерно примерно примерно примерно примерно примерно примерно примерно примерно примерно примерно примерно примерно примерно примерно примерно примерно примерно примерно примерно примерно примерно примерно примерно примерно примерно примерно примерно примерно примерно примерно примерно примерно примерно примерно примерно примерно примерно примерно примерно примерно примерно примерно примерно примерно примерно примерно примерно примерно примерно примерно примерно примерно примерно примерно примерно примерно примерно примерно примерно примерно примерно примерно примерно примерно примерно примерно примерно примерно примерно примерно примерно примерно примерно примерно примерно примерно примерно примерно примерно примерно примерно примерно примерно примерно примерно примерно примерно примерно примерно примерно примерно примерно примерно примерно примерно примерно примерно примерно примерно примерно примерно примерно примерно примерно примерно примерно примерно примерно примерно примерно примерно примерно примерно примерно примерно примерно примерно примерно примерно примерно примерно примерно примерно примерно примерно примерно примерно примерно примерно примерно примерно примерно примерно примерно примерно примерно примерно примерно примерно примерно примерно примерно примерно примерно примерно примерно примерно примерно примерно примерно примерно примерно примерно примерно примерно примерно примерно примерно примерно примерно примерно примерно примерно примерно примерно примерно примерно примерно примерно примерно примерно примерно примерно примерно примерно примерно примерно примерно", "numeric_answer": null, "relative_error": null, "thinking_text": null, "has_tool_call": false, "tool_call": null, "usage": {"prompt_tokens": 188, "completion_tokens": 256, "total_tokens": 444, "token_count_source": "tokenizer"}, "decoding": {"temperature": 0.2, "top_p": null, "top_k": null, "max_tokens": 256, "seed": 42}, "prompt_tokens": 188, "completion_tokens": 256, "total_tokens": 444, "token_count_source": "tokenizer", "diffusion_steps": null, "flops_estimate": null, "flops_arch": null, "flops_model_params": null, "flops_active_params": null, "tokens_non_final": 253, "tokens_reasoning": 0, "tokens_response": 253, "elapsed_seconds": 18.971763610839844, "judgement": "Uncategorized"}
{"id": "units_000287", "topic": "units", "subtopic": "kg_g", "prompt": "An item costs $4.52 per kg. You take 750 g. About how much is that?", "exact_value": 3.39, "model": "tiiuae/Falcon-H1-7B-Instruct", "provider": "transformers", "response": "Finalются примерно к кгуют примерно примерно примерно примерно примерно примерно примерно примерно примерно примерно примерно примерно примерно примерно примерно примерно примерно примерно примерно примерно примерно примерно примерно примерно примерно примерно примерно примерно примерно примерно примерно примерно примерно примерно примерно примерно примерно примерно примерно примерно примерно примерно примерно примерно примерно примерно примерно примерно примерно примерно примерно примерно примерно примерно примерно примерно примерно примерно примерно примерно примерно примерно примерно примерно примерно примерно примерно примерно примерно примерно примерно примерно примерно примерно примерно примерно примерно примерно примерно примерно примерно примерно примерно примерно примерно примерно примерно примерно примерно примерно примерно примерно примерно примерно примерно примерно примерно примерно примерно примерно примерно примерно примерно примерно примерно примерно примерно примерно примерно примерно примерно примерно примерно примерно примерно примерно примерно примерно примерно примерно примерно примерно примерно примерно примерно примерно примерно примерно примерно примерно примерно примерно примерно примерно примерно примерно примерно примерно примерно примерно примерно примерно примерно примерно примерно примерно примерно примерно примерно примерно примерно примерно примерно примерно примерно примерно примерно примерно примерно примерно примерно примерно примерно примерно примерно примерно примерно примерно примерно примерно примерно примерно примерно примерно примерно примерно примерно примерно примерно примерно примерно примерно примерно примерно примерно примерно примерно примерно примерно примерно примерно примерно примерно примерно примерно примерно примерно примерно примерно примерно примерно примерно примерно примерно примерно примерно примерно примерно примерно примерно примерно примерно примерно примерно примерно примерно примерно примерно примерно примерно примерно примерно примерно примерно примерно примерно примерно примерно примерно примерно примерно примерно примерно примерно примерно примерно примерно примерно примерно примерно примерно примерно примерно примерно примерно примерно примерно примерно примерно примерно", "numeric_answer": null, "relative_error": null, "thinking_text": null, "has_tool_call": false, "tool_call": null, "usage": {"prompt_tokens": 187, "completion_tokens": 256, "total_tokens": 443, "token_count_source": "tokenizer"}, "decoding": {"temperature": 0.2, "top_p": null, "top_k": null, "max_tokens": 256, "seed": 42}, "prompt_tokens": 187, "completion_tokens": 256, "total_tokens": 443, "token_count_source": "tokenizer", "diffusion_steps": null, "flops_estimate": null, "flops_arch": null, "flops_model_params": null, "flops_active_params": null, "tokens_non_final": 254, "tokens_reasoning": 0, "tokens_response": 254, "elapsed_seconds": 18.810326099395752, "judgement": "Uncategorized"}
{"id": "units_000307", "topic": "units", "subtopic": "lb_oz", "prompt": "You buy 4.54 lb at $6.92 per lb. About how much is that total?", "exact_value": 31.42, "model": "tiiuae/Falcon-H1-7B-Instruct", "provider": "transformers", "response": "Finalются примерно кальному приближению стоимости покупки согласно заданным правиламются примерно кальному приближению стоимости покупки согласно заданным правиламются примерно кальному приближению стоимости покупки согласно заданным правиламются примерно кальному приближению стоимости покупки согласно заданным правиламются примерно кальному приближению стоимостиются примерно кальному приближению стоимостиются примерно кальному приближению стоимостиются примерно кальному приближению стоимостиются примерно кальному приближению стоимостиются примерно кальному приближению стоимостиются примерно кальному приближению стоимостиются примерно кальному приближению стоимостиются примерно кальному приближению стоимостиются примерно кальному приближению стоимостиются примерно кальному приближению стоимостиются примерно кальному приближению стоимостиются примерно кальному приближению стоимостиются примерно кальному приближению стоимостиются примерно кальному приближению стоимостиются примерно кальному приближению стоимостиются примерно кальному приближению стоимостиются примерно кальному приближению стоимостиются примерно кальному приближению стоимостиются примерно кальному приближению стоимостиются примерно кальному приближению стоимостиются примерно кальному приближению стоимостиются примерно кальному приближению стоимостиются примерно кальному приближению стоимостиются примерно к", "numeric_answer": null, "relative_error": null, "thinking_text": null, "has_tool_call": false, "tool_call": null, "usage": {"prompt_tokens": 186, "completion_tokens": 256, "total_tokens": 442, "token_count_source": "tokenizer"}, "decoding": {"temperature": 0.2, "top_p": null, "top_k": null, "max_tokens": 256, "seed": 42}, "prompt_tokens": 186, "completion_tokens": 256, "total_tokens": 442, "token_count_source": "tokenizer", "diffusion_steps": null, "flops_estimate": null, "flops_arch": null, "flops_model_params": null, "flops_active_params": null, "tokens_non_final": 131, "tokens_reasoning": 0, "tokens_response": 131, "elapsed_seconds": 18.901000261306763, "judgement": "Uncategorized"}
{"id": "units_000327", "topic": "units", "subtopic": "lb_oz", "prompt": "You buy 3.49 lb at $9.52 per lb. About how much is that total?", "exact_value": 33.22, "model": "tiiuae/Falcon-H1-7B-Instruct", "provider": "transformers", "response": "Finalются примерно кальному приближению стоимости покупки согласно заданным правиламются примерно кальному приближению стоимости покупки согласно заданным правиламются примерно кальному приближению стоимостиются примерно кальному приближению стоимостиются примерно кальному приближению стоимостиются примерно кальному приближению стоимостиются примерно кальному приближению стоимостиются примерно кальному приближению стоимостиются примерно кальному приближению стоимостиются примерно кальному приближению стоимостиются примерно кальному приближению стоимостиются примерно кальному приближению стоимостиются примерно кальному приближению стоимостиются примерно кальному приближению стоимостиются примерно кальному приближению стоимостиются примерно кальному приближению стоимостиются примерно кальному приближению стоимостиются примерно кальному приближению стоимостиются примерно кальному приближению стоимостиются примерно кальному приближению стоимостиются примерно кальному приближению стоимостиются примерно кальному приближению стоимостиются примерно кальному приближению стоимостиются примерно кальному приближению стоимостиются примерно кальному приближению стоимостиются примерно кальному приближению стоимостиются примерно кальному приближению стоимостиются примерно кальному приближению стоимостиются примерно кальному приближению стоимостиются примерно кальному приближению стоимостиются", "numeric_answer": null, "relative_error": null, "thinking_text": null, "has_tool_call": false, "tool_call": null, "usage": {"prompt_tokens": 186, "completion_tokens": 256, "total_tokens": 442, "token_count_source": "tokenizer"}, "decoding": {"temperature": 0.2, "top_p": null, "top_k": null, "max_tokens": 256, "seed": 42}, "prompt_tokens": 186, "completion_tokens": 256, "total_tokens": 442, "token_count_source": "tokenizer", "diffusion_steps": null, "flops_estimate": null, "flops_arch": null, "flops_model_params": null, "flops_active_params": null, "tokens_non_final": 129, "tokens_reasoning": 0, "tokens_response": 129, "elapsed_seconds": 18.47354030609131, "judgement": "Uncategorized"}
{"id": "units_000347", "topic": "units", "subtopic": "lb_oz", "prompt": "You buy 3.01 lb at $10.95 per lb. About how much is that total?", "exact_value": 32.96, "model": "tiiuae/Falcon-H1-7B-Instruct", "provider": "transformers", "response": "Finalются примерно кальному приближению стоимости всего заказа путем округления веса и стоимости до удобных для человека чисел и последующего умножения этих значений между собойются примерно кальному приближению стоимости всего заказа путем округления веса и стоимости до удобных для человека чисел и последующего умножения этих значений между собойются примерно кальному приближению стоимости всего заказа путем округления веса и стоимости до удобных для человека чисел и последующего умножения этих значений между собойются примерно кальному приближению стоимости всего заказа путем округления веса и стоимости до удобных для человека чисел и последующего умножения этих значений между собойются примерно кальному приближению стоимости всего заказа путем округления веса до примерно ются примерно кальному приближению стоимости всего заказа путем округления веса до примерноются примерно кальному приближению стоимости всего заказа путем округления веса до примерноются примерноются примерноются примерноются примерноются примерноются примерноются примерноются примерноются примерноются примерноются примерноются примерноются примерноются примерноются примерноются примерноются примерноются примерноются примерноются примерноются примерноются примерноются примерноются примерноются примерноются примерно", "numeric_answer": null, "relative_error": null, "thinking_text": null, "has_tool_call": false, "tool_call": null, "usage": {"prompt_tokens": 187, "completion_tokens": 256, "total_tokens": 443, "token_count_source": "tokenizer"}, "decoding": {"temperature": 0.2, "top_p": null, "top_k": null, "max_tokens": 256, "seed": 42}, "prompt_tokens": 187, "completion_tokens": 256, "total_tokens": 443, "token_count_source": "tokenizer", "diffusion_steps": null, "flops_estimate": null, "flops_arch": null, "flops_model_params": null, "flops_active_params": null, "tokens_non_final": 153, "tokens_reasoning": 0, "tokens_response": 153, "elapsed_seconds": 18.745655059814453, "judgement": "Uncategorized"}
{"id": "units_000367", "topic": "units", "subtopic": "lb_oz", "prompt": "You buy 3.8 lb at $7.49 per lb. About how much is that total?", "exact_value": 28.46, "model": "tiiuae/Falcon-H1-7B-Instruct", "provider": "transformers", "response": "Finalются примерно кальному приближению стоимости покупки согласно заданным правиламются примерно кальному приближению стоимости покупки согласно заданным правиламются примерно кальному приближению стоимости покупки согласно заданным правиламются примерно кальному приближению стоимостиются примерно кальному приближению стоимостиются примерно кальному приближению стоимостиются примерно кальному приближению стоимостиются примерно кальному приближению стоимостиются примерно кальному приближению стоимостиются примерно кальному приближению стоимостиются примерно кальному приближению стоимостиются примерно кальному приближению стоимостиются примерно кальному приближению стоимостиются примерно кальному приближению стоимостиются примерно кальному приближению стоимостиются примерно кальному приближению стоимостиются примерно кальному приближению стоимостиются примерно кальному приближению стоимостиются примерно кальному приближению стоимостиются примерно кальному приближению стоимостиются примерно кальному приближению стоимостиются примерно кальному приближению стоимостиются примерно кальному приближению стоимостиются примерно кальному приближению стоимостиются примерно кальному приближению стоимостиются примерно кальному приближению стоимостиются примерно кальному приближению стоимостиются примерно кальному приближению стоимостиются примерно кальному приближению стоимостиются примерно", "numeric_answer": null, "relative_error": null, "thinking_text": null, "has_tool_call": false, "tool_call": null, "usage": {"prompt_tokens": 185, "completion_tokens": 256, "total_tokens": 441, "token_count_source": "tokenizer"}, "decoding": {"temperature": 0.2, "top_p": null, "top_k": null, "max_tokens": 256, "seed": 42}, "prompt_tokens": 185, "completion_tokens": 256, "total_tokens": 441, "token_count_source": "tokenizer", "diffusion_steps": null, "flops_estimate": null, "flops_arch": null, "flops_model_params": null, "flops_active_params": null, "tokens_non_final": 130, "tokens_reasoning": 0, "tokens_response": 130, "elapsed_seconds": 18.54997491836548, "judgement": "Uncategorized"}
{"id": "units_000387", "topic": "units", "subtopic": "lb_oz", "prompt": "You buy 4.21 lb at $6.38 per lb. About how much is that total?", "exact_value": 26.86, "model": "tiiuae/Falcon-H1-7B-Instruct", "provider": "transformers", "response": "Finalются примерно кальному приближению стоимости покупки согласно заданным правиламются примерно кальному приближению стоимости покупки согласно заданным правиламются примерно кальному приближению стоимостиются примерно кальному приближению стоимостиются примерно кальному приближению стоимостиются примерно кальному приближению стоимостиются примерно кальному приближению стоимостиются примерно кальному приближению стоимостиются примерно кальному приближению стоимостиются примерно кальному приближению стоимостиются примерно кальному приближению стоимостиются примерно кальному приближению стоимостиются примерно кальному приближению стоимостиются примерно кальному приближению стоимостиются примерно кальному приближению стоимостиются примерно кальному приближению стоимостиются примерно кальному приближению стоимостиются примерно кальному приближению стоимостиются примерно кальному приближению стоимостиются примерно кальному приближению стоимостиются примерно кальному приближению стоимостиются примерно кальному приближению стоимостиются примерно кальному приближению стоимостиются примерно кальному приближению стоимостиются примерно кальному приближению стоимостиются примерно кальному приближению стоимостиются примерно кальному приближению стоимостиются примерно кальному приближению стоимостиются примерно кальному приближению стоимостиются примерно кальному приближению стоимостиются", "numeric_answer": null, "relative_error": null, "thinking_text": null, "has_tool_call": false, "tool_call": null, "usage": {"prompt_tokens": 186, "completion_tokens": 256, "total_tokens": 442, "token_count_source": "tokenizer"}, "decoding": {"temperature": 0.2, "top_p": null, "top_k": null, "max_tokens": 256, "seed": 42}, "prompt_tokens": 186, "completion_tokens": 256, "total_tokens": 442, "token_count_source": "tokenizer", "diffusion_steps": null, "flops_estimate": null, "flops_arch": null, "flops_model_params": null, "flops_active_params": null, "tokens_non_final": 129, "tokens_reasoning": 0, "tokens_response": 129, "elapsed_seconds": 18.636245489120483, "judgement": "Uncategorized"}
{"id": "units_000407", "topic": "units", "subtopic": "lb_oz", "prompt": "You buy 0.85 lb at $12.01 per lb. About how much is that total?", "exact_value": 10.21, "model": "tiiuae/Falcon-H1-7B-Instruct", "provider": "transformers", "response": "Finalются примерно кальному произведению стоимости и веса товара путем округления до приблизительно понятных значенийются примерно кальномуются примерно кальномуются примерно кальномуются примерно кальномуются примерно кальномуются примерно кальномуются примерно кальномуются примерно кальномуются примерно кальномуются примерно кальномуются примерно кальномуются примерно кальномуются примерно кальномуются примерно кальномуются примерно кальномуются примерно кальномуются примерно кальномуются примерно кальномуются примерно кальномуются примерно кальномуются примерно кальномуются примерно кальномуются примерно кальномуются примерно кальномуются примерно кальномуются примерно кальномуются примерно кальномуются примерно кальномуются примерно кальномуются примерно кальномуются примерно кальномуются примерно кальномуются примерно кальномуются примерно кальномуются примерно кальномуются примерно кальномуются примерно кальномуются примерно кальномуются примерно кальномуются примерно кальномуются примерно кальномуются примерно кальномуются примерно кальномуются примерно кальномуются примерно кальномуются примерно кальномуются примерно кальномуются примерно кальномуются примерно кальномуются примерно кальномуются примерно кальномуются примерно кальномуются примерно кальномуются примерно кальномуются примерно кальномуются примерно кальномуются примерно кальномуются примерно к", "numeric_answer": null, "relative_error": null, "thinking_text": null, "has_tool_call": false, "tool_call": null, "usage": {"prompt_tokens": 187, "completion_tokens": 256, "total_tokens": 443, "token_count_source": "tokenizer"}, "decoding": {"temperature": 0.2, "top_p": null, "top_k": null, "max_tokens": 256, "seed": 42}, "prompt_tokens": 187, "completion_tokens": 256, "total_tokens": 443, "token_count_source": "tokenizer", "diffusion_steps": null, "flops_estimate": null, "flops_arch": null, "flops_model_params": null, "flops_active_params": null, "tokens_non_final": 130, "tokens_reasoning": 0, "tokens_response": 130, "elapsed_seconds": 18.60910129547119, "judgement": "Uncategorized"}
{"id": "units_000427", "topic": "units", "subtopic": "kg_g", "prompt": "An item costs $11.43 per kg. You take 400 g. About how much is that?", "exact_value": 4.57, "model": "tiiuae/Falcon-H1-7B-Instruct", "provider": "transformers", "response": "Finalются примерно кальному весу примерно равенальному стоимости примерно равной примерно примерно примерно примерно примерно примерно примерно примерно примерно примерно примерно примерно примерно примерно примерно примерно примерно примерно примерно примерно примерно примерно примерно примерно примерно примерно примерно примерно примерно примерно примерно примерно примерно примерно примерно примерно примерно примерно примерно примерно примерно примерно примерно примерно примерно примерно примерно примерно примерно примерно примерно примерно примерно примерно примерно примерно примерно примерно примерно примерно примерно примерно примерно примерно примерно примерно примерно примерно примерно примерно примерно примерно примерно примерно примерно примерно примерно примерно примерно примерно примерно примерно примерно примерно примерно примерно примерно примерно примерно примерно примерно примерно примерно примерно примерно примерно примерно примерно примерно примерно примерно примерно примерно примерно примерно примерно примерно примерно примерно примерно примерно примерно примерно примерно примерно примерно примерно примерно примерно примерно примерно примерно примерно примерно примерно примерно примерно примерно примерно примерно примерно примерно примерно примерно примерно примерно примерно примерно примерно примерно примерно примерно примерно примерно примерно примерно примерно примерно примерно примерно примерно примерно примерно примерно примерно примерно примерно примерно примерно примерно примерно примерно примерно примерно примерно примерно примерно примерно примерно примерно примерно примерно примерно примерно примерно примерно примерно примерно примерно примерно примерно примерно примерно примерно примерно примерно примерно примерно примерно примерно примерно примерно примерно примерно примерно примерно примерно примерно примерно примерно примерно примерно примерно примерно примерно примерно примерно примерно примерно примерно примерно примерно примерно примерно примерно примерно примерно примерно примерно примерно примерно примерно примерно примерно примерно примерно примерно примерно примерно примерно примерно примерно примерно примерно примерно примерно примерно примерно примерно примерно примерно", "numeric_answer": null, "relative_error": null, "thinking_text": null, "has_tool_call": false, "tool_call": null, "usage": {"prompt_tokens": 188, "completion_tokens": 256, "total_tokens": 444, "token_count_source": "tokenizer"}, "decoding": {"temperature": 0.2, "top_p": null, "top_k": null, "max_tokens": 256, "seed": 42}, "prompt_tokens": 188, "completion_tokens": 256, "total_tokens": 444, "token_count_source": "tokenizer", "diffusion_steps": null, "flops_estimate": null, "flops_arch": null, "flops_model_params": null, "flops_active_params": null, "tokens_non_final": 250, "tokens_reasoning": 0, "tokens_response": 250, "elapsed_seconds": 18.68056607246399, "judgement": "Uncategorized"}
{"id": "units_000447", "topic": "units", "subtopic": "lb_oz", "prompt": "You buy 3.87 lb at $13.72 per lb. About how much is that total?", "exact_value": 53.1, "model": "tiiuae/Falcon-H1-7B-Instruct", "provider": "transformers", "response": "Finalются примерно кальному приближению стоимости покупки путем округления веса и цены до удобных для восприятия значений и последующего умножения примерно приблизительно полученного веса на примерно приблизительно полученную цену($\"\\ются примерно кальному приближению стоимости покупки путем округления веса и цены до удобных для восприятия значений и последующего умножения примерно полученного веса на примерно полученную цену($\"\\ываются примерно кальному приближению стоимости покупки путем округления веса до примерно 4 кг и цены примерно до примерноются примерно кальному приближению стоимости покупки путем округления веса до примерноются примерно кальному приближению стоимости покупки путем округления веса до примерноются примерно кальному приближению стоимости покупки путем округления веса до примерноются примерноются примерноются примерноются примерноются примерноются примерноются примерноются примерноются примерноются примерноются примерноются примерноются примерноются примерноются примерноются примерноются примерноются примерноются примерноются примерноются примерноются примерноются примерноются примерноются примерноются примерноются примерноются примерноются примерноются примерноются примерноются примерноются примерноются примерноются примерноются примерноются примерноются примерноются примерноются примерноются примерноются примерноются", "numeric_answer": 4.0, "relative_error": 0.9246704331450094, "thinking_text": null, "has_tool_call": false, "tool_call": null, "usage": {"prompt_tokens": 187, "completion_tokens": 256, "total_tokens": 443, "token_count_source": "tokenizer"}, "decoding": {"temperature": 0.2, "top_p": null, "top_k": null, "max_tokens": 256, "seed": 42}, "prompt_tokens": 187, "completion_tokens": 256, "total_tokens": 443, "token_count_source": "tokenizer", "diffusion_steps": null, "flops_estimate": null, "flops_arch": null, "flops_model_params": null, "flops_active_params": null, "tokens_non_final": 142, "tokens_reasoning": 0, "tokens_response": 142, "elapsed_seconds": 18.765016078948975, "judgement": "Way off"}
{"id": "units_000467", "topic": "units", "subtopic": "lb_oz", "prompt": "You buy 0.68 lb at $7.36 per lb. About how much is that total?", "exact_value": 5.0, "model": "tiiuae/Falcon-H1-7B-Instruct", "provider": "transformers", "response": "Finalются примерно кальному приближению стоимости покупки согласно заданным правиламются примерно кальному приближению стоимости покупки согласно заданным правиламются примерно кальному приближению стоимостиются примерно кальному приближению стоимостиются примерно кальному приближению стоимостиются примерно кальному приближению стоимостиются примерно кальному приближению стоимостиются примерно кальному приближению стоимостиются примерно кальному приближению стоимостиются примерно кальному приближению стоимостиются примерно кальному приближению стоимостиются примерно кальному приближению стоимостиются примерно кальному приближению стоимостиются примерно кальному приближению стоимостиются примерно кальному приближению стоимостиются примерно кальному приближению стоимостиются примерно кальному приближению стоимостиются примерно кальному приближению стоимостиются примерно кальному приближению стоимостиются примерно кальному приближению стоимостиются примерно кальному приближению стоимостиются примерно кальному приближению стоимостиются примерно кальному приближению стоимостиются примерно кальному приближению стоимостиются примерно кальному приближению стоимостиются примерно кальному приближению стоимостиются примерно кальному приближению стоимостиются примерно кальному приближению стоимостиются примерно кальному приближению стоимостиются примерно кальному приближению стоимостиются", "numeric_answer": null, "relative_error": null, "thinking_text": null, "has_tool_call": false, "tool_call": null, "usage": {"prompt_tokens": 186, "completion_tokens": 256, "total_tokens": 442, "token_count_source": "tokenizer"}, "decoding": {"temperature": 0.2, "top_p": null, "top_k": null, "max_tokens": 256, "seed": 42}, "prompt_tokens": 186, "completion_tokens": 256, "total_tokens": 442, "token_count_source": "tokenizer", "diffusion_steps": null, "flops_estimate": null, "flops_arch": null, "flops_model_params": null, "flops_active_params": null, "tokens_non_final": 129, "tokens_reasoning": 0, "tokens_response": 129, "elapsed_seconds": 18.795090675354004, "judgement": "Uncategorized"}
{"id": "units_000487", "topic": "units", "subtopic": "lb_oz", "prompt": "You buy 4.95 lb at $8.57 per lb. About how much is that total?", "exact_value": 42.42, "model": "tiiuae/Falcon-H1-7B-Instruct", "provider": "transformers", "response": "Finalются примерно кальному приближению стоимости покупки путем округления веса и цены до более удобных для восприятия значений и последующего быстрого умножения без излишне точных расчетовются примерно кальному приближению стоимости покупки путем округления веса и цены до более удобных для восприятия значений и последующего быстрого умножения без излишне точных расчетовются примерно кальному приближению стоимости покупки путем округления веса и цены до более удобных для восприятия значений и последующего быстрого умножения без излишне точных расчетовываются примерно кальному приближению стоимости покупки путем округления веса и цены до более удобных для восприятия значений и последующего быстрого умножения безются примерно кальному приближению стоимости покупки путем округления веса до примерно 5 кг и стоимости примерно до примерноются примерноются примерноются примерноются примерноются примерноются примерноются примерноются примерноются примерноются примерноются примерноются примерноются примерноются примерноются примерноются примерноются примерноются примерноются примерноются примерноются примерноются примерноются примерноются примерноются примерноются примерноются примерноются примерноются примерноются примерноются", "numeric_answer": 5.0, "relative_error": 0.8821310702498821, "thinking_text": null, "has_tool_call": false, "tool_call": null, "usage": {"prompt_tokens": 186, "completion_tokens": 256, "total_tokens": 442, "token_count_source": "tokenizer"}, "decoding": {"temperature": 0.2, "top_p": null, "top_k": null, "max_tokens": 256, "seed": 42}, "prompt_tokens": 186, "completion_tokens": 256, "total_tokens": 442, "token_count_source": "tokenizer", "diffusion_steps": null, "flops_estimate": null, "flops_arch": null, "flops_model_params": null, "flops_active_params": null, "tokens_non_final": 141, "tokens_reasoning": 0, "tokens_response": 141, "elapsed_seconds": 18.653681755065918, "judgement": "Way off"}
{"id": "units_000507", "topic": "units", "subtopic": "lb_oz", "prompt": "You buy 0.55 lb at $7.62 per lb. About how much is that total?", "exact_value": 4.19, "model": "tiiuae/Falcon-H1-7B-Instruct", "provider": "transformers", "response": "Finalются примерно к ближайшему кратному числа примерно ются примерно к ближайшему кратному числа примерноываются примерноываются примерноываются примерноываются примерноываются примерноываются примерноываются примерноываются примерноываются примерноываются примерноываются примерноываются примерноываются примерноываются примерноываются примерноываются примерноываются примерноываются примерноываются примерноываются примерноываются примерноываются примерноываются примерноываются примерноываются примерноываются примерноываются примерноываются примерноываются примерноываются примерноываются примерноываются примерноываются примерноываются примерноываются примерноываются примерноываются примерноываются примерноываются примерноываются примерноываются примерноываются примерноываются примерноываются примерноываются примерноываются примерноываются примерноываются примерноываются примерноываются примерноываются примерноываются примерноываются примерноываются примерноываются примерноываются примерноываются примерноываются примерноываются примерноываются примерноываются примерноываются примерноываются примерноываются примерноываются примерноываются примерноываются примерноываются примерноываются примерноываются примерноываются примерноываются примерноываются примерноываются примерноываются примерноываются примерноываются примерноываются примерноываются примерноываются примерноываются примерноываются примерноываются примерноываются примерноываются примерноываются примерноываются примерноываются примерноываются примерноываются примерноываются примерноываются примерноываются примерноываются примерноываются примерноываются примерноываются примерноываются примерноываются примерноываются примерноываются примерноываются примерноываются примерноываются примерноываются примерноываются примерноываются примерноываются примерноываются примерноываются примерноываются примерноываются примерноываются примерноываются примерноываются примерноываются примерноываются примерноываются примерно", "numeric_answer": null, "relative_error": null, "thinking_text": null, "has_tool_call": false, "tool_call": null, "usage": {"prompt_tokens": 186, "completion_tokens": 256, "total_tokens": 442, "token_count_source": "tokenizer"}, "decoding": {"temperature": 0.2, "top_p": null, "top_k": null, "max_tokens": 256, "seed": 42}, "prompt_tokens": 186, "completion_tokens": 256, "total_tokens": 442, "token_count_source": "tokenizer", "diffusion_steps": null, "flops_estimate": null, "flops_arch": null, "flops_model_params": null, "flops_active_params": null, "tokens_non_final": 132, "tokens_reasoning": 0, "tokens_response": 132, "elapsed_seconds": 18.595702409744263, "judgement": "Uncategorized"}
{"id": "units_000527", "topic": "units", "subtopic": "kg_g", "prompt": "An item costs $6.70 per kg. You take 750 g. About how much is that?", "exact_value": 5.03, "model": "tiiuae/Falcon-H1-7B-Instruct", "provider": "transformers", "response": "Finalются примерно килоциями примерноаютаютаютаютаютаютаютаютаютаютаютаютаютаютаютаютаютаютаютаютаютаютаютаютаютаютаютаютаютаютаютаютаютаютаютаютаютаютаютаютаютаютаютаютаютаютаютаютаютаютаютаютаютаютаютаютаютаютаютаютаютаютаютаютаютаютаютаютаютаютаютаютаютаютаютаютаютаютаютаютаютаютаютаютаютаютаютаютаютаютаютаютаютаютаютаютаютаютаютаютаютаютаютаютаютаютаютаютаютаютаютаютаютаютаютаютаютаютаютаютаютаютаютаютаютаютаютаютаютаютаютаютаютаютаютаютаютаютаютаютаютаютаютаютаютаютаютаютаютаютаютаютаютаютаютаютаютаютаютаютаютаютаютаютаютаютаютаютаютаютаютаютаютаютаютаютаютаютаютаютаютаютаютаютаютаютаютаютаютаютаютаютаютаютаютаютаютаютаютаютаютаютаютаютаютаютаютаютаютаютаютаютаютаютаютаютаютаютаютаютаютаютаютаютаютаютаютаютаютаютаютаютаютаютаютаютаютаютаютаютаютаютаютаютаютаютаютаютают", "numeric_answer": null, "relative_error": null, "thinking_text": null, "has_tool_call": false, "tool_call": null, "usage": {"prompt_tokens": 187, "completion_tokens": 256, "total_tokens": 443, "token_count_source": "tokenizer"}, "decoding": {"temperature": 0.2, "top_p": null, "top_k": null, "max_tokens": 256, "seed": 42}, "prompt_tokens": 187, "completion_tokens": 256, "total_tokens": 443, "token_count_source": "tokenizer", "diffusion_steps": null, "flops_estimate": null, "flops_arch": null, "flops_model_params": null, "flops_active_params": null, "tokens_non_final": 4, "tokens_reasoning": 0, "tokens_response": 4, "elapsed_seconds": 18.629047632217407, "judgement": "Uncategorized"}
{"id": "units_000547", "topic": "units", "subtopic": "kg_g", "prompt": "An item costs $7.37 per kg. You take 350 g. About how much is that?", "exact_value": 2.58, "model": "tiiuae/Falcon-H1-7B-Instruct", "provider": "transformers", "response": "Finalются примерно к кг путем приближения веса до ближайшего грамма и стоимости до ближайшего цента за кгываются примерно к кг путем приближения веса до ближайшего грамма и стоимости до ближайшего цента за кгются примерно к кг путем приближения веса до ближайшего граммаются примерно к кг путем приближения веса до ближайшего граммаются примерно к кг путем приближения веса до ближайшего граммаются примерно к кг путем приближения веса до ближайшего граммаются примерно к кг путем приближения веса до ближайшего граммаются примерно к кг путем приближения веса до ближайшего граммаются примерно к кг путем приближения веса до ближайшего граммаываются примерно к кг путем приближения веса до ближайшего граммаются примерноются примерноются примерноются примерноются примерноются примерноются примерноются примерноываются примерноываются примерноываются примерноываются примерноываются примерноываются примерноываются примерноываются примерноываются примерноываются примерноываются примерноываются примерноываются примерноываются примерноываются примерноываются примерноываются примерноываются примерноываются примерноываются примерноываются примерноываются примерноываются примерноываются примерноываются примерноываются примерноываются примерноываются примерноываются примерноываются примерноываются примерноываются примерноываются примерноываются примерноываются примерноываются", "numeric_answer": null, "relative_error": null, "thinking_text": null, "has_tool_call": false, "tool_call": null, "usage": {"prompt_tokens": 187, "completion_tokens": 256, "total_tokens": 443, "token_count_source": "tokenizer"}, "decoding": {"temperature": 0.2, "top_p": null, "top_k": null, "max_tokens": 256, "seed": 42}, "prompt_tokens": 187, "completion_tokens": 256, "total_tokens": 443, "token_count_source": "tokenizer", "diffusion_steps": null, "flops_estimate": null, "flops_arch": null, "flops_model_params": null, "flops_active_params": null, "tokens_non_final": 148, "tokens_reasoning": 0, "tokens_response": 148, "elapsed_seconds": 18.58721113204956, "judgement": "Uncategorized"}
{"id": "units_000567", "topic": "units", "subtopic": "kg_g", "prompt": "An item costs $10.70 per kg. You take 900 g. About how much is that?", "exact_value": 9.63, "model": "tiiuae/Falcon-H1-7B-Instruct", "provider": "transformers", "response": "Finalются примерно к кгуют примерно примерно примерно примерно примерно примерно примерно примерно примерно примерно примерно примерно примерно примерно примерно примерно примерно примерно примерно примерно примерно примерно примерно примерно примерно примерно примерно примерно примерно примерно примерно примерно примерно примерно примерно примерно примерно примерно примерно примерно примерно примерно примерно примерно примерно примерно примерно примерно примерно примерно примерно примерно примерно примерно примерно примерно примерно примерно примерно примерно примерно примерно примерно примерно примерно примерно примерно примерно примерно примерно примерно примерно примерно примерно примерно примерно примерно примерно примерно примерно примерно примерно примерно примерно примерно примерно примерно примерно примерно примерно примерно примерно примерно примерно примерно примерно примерно примерно примерно примерно примерно примерно примерно примерно примерно примерно примерно примерно примерно примерно примерно примерно примерно примерно примерно примерно примерно примерно примерно примерно примерно примерно примерно примерно примерно примерно примерно примерно примерно примерно примерно примерно примерно примерно примерно примерно примерно примерно примерно примерно примерно примерно примерно примерно примерно примерно примерно примерно примерно примерно примерно примерно примерно примерно примерно примерно примерно примерно примерно примерно примерно примерно примерно примерно примерно примерно примерно примерно примерно примерно примерно примерно примерно примерно примерно примерно примерно примерно примерно примерно примерно примерно примерно примерно примерно примерно примерно примерно примерно примерно примерно примерно примерно примерно примерно примерно примерно примерно примерно примерно примерно примерно примерно примерно примерно примерно примерно примерно примерно примерно примерно примерно примерно примерно примерно примерно примерно примерно примерно примерно примерно примерно примерно примерно примерно примерно примерно примерно примерно примерно примерно примерно примерно примерно примерно примерно примерно примерно примерно примерно примерно примерно примерно примерно примерно примерно примерно примерно примерно примерно", "numeric_answer": null, "relative_error": null, "thinking_text": null, "has_tool_call": false, "tool_call": null, "usage": {"prompt_tokens": 188, "completion_tokens": 256, "total_tokens": 444, "token_count_source": "tokenizer"}, "decoding": {"temperature": 0.2, "top_p": null, "top_k": null, "max_tokens": 256, "seed": 42}, "prompt_tokens": 188, "completion_tokens": 256, "total_tokens": 444, "token_count_source": "tokenizer", "diffusion_steps": null, "flops_estimate": null, "flops_arch": null, "flops_model_params": null, "flops_active_params": null, "tokens_non_final": 254, "tokens_reasoning": 0, "tokens_response": 254, "elapsed_seconds": 18.779691219329834, "judgement": "Uncategorized"}
{"id": "units_000587", "topic": "units", "subtopic": "kg_g", "prompt": "An item costs $4.94 per kg. You take 350 g. About how much is that?", "exact_value": 1.73, "model": "tiiuae/Falcon-H1-7B-Instruct", "provider": "transformers", "response": "Finalются примерно килоциями примерно путем приближения стоимости и веса к ближайшим удобным для восприятия значениямются примерно килоциями путем приближения стоимости и весаются примерно килоциями путем приближения стоимостиются примерно килоциями путем приближения стоимостиются примерно килоциями путем приближения стоимостиются примерно килоциями путем приближения стоимостиываются примерно килоциями путем приближения стоимостиываются примерно килоциями путем приближения стоимостиываются примерно килоциями путем приближения стоимостиываются примерно килоциями путем приближения стоимостиываются примерно килоциями путем приближения стоимостиываются примерно килоциями путем приближения стоимостиываются примерно килоциями путем приближения стоимостиываются примерно килоциями путем приближения стоимостиываются примерно килоциями путем приближения стоимостиываются примерно килоциями путем приближения стоимостиываются примерно килоциями путем приближения стоимостиываются примерно килоциями путем приближения стоимостиываются примерно килоциями путем приближения стоимостиываются примерно килоциями путем приближения стоимостиываются примерно килоциями путем приближения стоимостиываются примерно килоциями путем приближения стоимостиываются примерно килоциями путем приближения стоимостиываются примерно килоциями путем прибли", "numeric_answer": null, "relative_error": null, "thinking_text": null, "has_tool_call": false, "tool_call": null, "usage": {"prompt_tokens": 187, "completion_tokens": 256, "total_tokens": 443, "token_count_source": "tokenizer"}, "decoding": {"temperature": 0.2, "top_p": null, "top_k": null, "max_tokens": 256, "seed": 42}, "prompt_tokens": 187, "completion_tokens": 256, "total_tokens": 443, "token_count_source": "tokenizer", "diffusion_steps": null, "flops_estimate": null, "flops_arch": null, "flops_model_params": null, "flops_active_params": null, "tokens_non_final": 131, "tokens_reasoning": 0, "tokens_response": 131, "elapsed_seconds": 19.358447790145874, "judgement": "Uncategorized"}
{"id": "units_000607", "topic": "units", "subtopic": "kg_g", "prompt": "An item costs $11.97 per kg. You take 400 g. About how much is that?", "exact_value": 4.79, "model": "tiiuae/Falcon-H1-7B-Instruct", "provider": "transformers", "response": "Finalются примерно к кг путем округления и приблизительного расчета стоимости за кг и веса взятой вами порции примерно до ближайшего порядка примерно до единицыются примерно к кг путем округления и приблизительного расчета стоимости за кг и веса взятой вами порции примерно до ближайшего порядка примерно до единицыются примерно к кг путем округленияются примерно к кг путем округленияются примерно к кг путем округленияются примерно к кг путем округленияются примерно к кг путем округленияются примерно к кг путем округленияются примерно к кг путем округленияются примерно к кг путем округленияются примерно к кг путем округленияются примерно к кг путем округленияются примерноются примерноются примерноются примерноются примерноются примерноются примерноются примерноются примерноются примерноются примерноются примерноются примерноются примерноются примерноются примерноются примерноются примерноются примерноются примерноются примерноются примерноются примерноются примерноются примерноются примерноются примерноются примерноются примерноются примерноются примерноются примерноются примерноются примерноются примерноются примерноются примерноются примерноются примерноются примерноются примерноются примерноются примерноются примерноются примерноются примерноются примерноются примерноются примерноются примерноются примерноются примерноются примерноются примерноются примерноются примерноются примерноются примерноются примерноются", "numeric_answer": null, "relative_error": null, "thinking_text": null, "has_tool_call": false, "tool_call": null, "usage": {"prompt_tokens": 188, "completion_tokens": 256, "total_tokens": 444, "token_count_source": "tokenizer"}, "decoding": {"temperature": 0.2, "top_p": null, "top_k": null, "max_tokens": 256, "seed": 42}, "prompt_tokens": 188, "completion_tokens": 256, "total_tokens": 444, "token_count_source": "tokenizer", "diffusion_steps": null, "flops_estimate": null, "flops_arch": null, "flops_model_params": null, "flops_active_params": null, "tokens_non_final": 156, "tokens_reasoning": 0, "tokens_response": 156, "elapsed_seconds": 18.918614149093628, "judgement": "Uncategorized"}
{"id": "units_000627", "topic": "units", "subtopic": "lb_oz", "prompt": "You buy 2.13 lb at $11.95 per lb. About how much is that total?", "exact_value": 25.45, "model": "tiiuae/Falcon-H1-7B-Instruct", "provider": "transformers", "response": "Finalются примерно кальному значению путем округления до ближайшего кратного числа примерно в десятки или пятёрки для удобства восприятияются примерно кальному значению путем округления до ближайшего кратного числа примерноются примерно кальному значению путем округления до ближайшего кратного числа примерноются примерно кальному значению путем округления до ближайшего кратного числа примерноются примерно кальному значению путем округления до ближайшего кратного числа примерноются примерноются примерноются примерноются примерноются примерноются примерноются примерноются примерноются примерноются примерноются примерноются примерноются примерноываются примерноываются примерноываются примерноываются примерноываются примерноываются примерноываются примерноываются примерноываются примерноываются примерноываются примерноываются примерноываются примерноываются примерноываются примерноываются примерноываются примерноываются примерноываются примерноываются примерноываются примерноываются примерноываются примерноываются примерноываются примерноываются примерноываются примерноываются примерноываются примерноываются примерноываются примерноываются примерноываются примерноываются примерноываются примерноываются примерноываются примерноываются примерноываются примерноываются примерноываются примерноываются примерноываются примерноываются примерноываются примерноываются примерноываются примерноываются примерноываются примерноываются примерноываются примерноываются примерноываются примерноываются примерноываются примерноываются примерноываются примерноываются примерноываются примерноываются примерноываются примерноываются примерноываются примерноываются примерноываются примерноываются примерноываются примерноываются примерноываются примерно", "numeric_answer": null, "relative_error": null, "thinking_text": null, "has_tool_call": false, "tool_call": null, "usage": {"prompt_tokens": 187, "completion_tokens": 256, "total_tokens": 443, "token_count_source": "tokenizer"}, "decoding": {"temperature": 0.2, "top_p": null, "top_k": null, "max_tokens": 256, "seed": 42}, "prompt_tokens": 187, "completion_tokens": 256, "total_tokens": 443, "token_count_source": "tokenizer", "diffusion_steps": null, "flops_estimate": null, "flops_arch": null, "flops_model_params": null, "flops_active_params": null, "tokens_non_final": 140, "tokens_reasoning": 0, "tokens_response": 140, "elapsed_seconds": 18.40349245071411, "judgement": "Uncategorized"}
{"id": "units_000647", "topic": "units", "subtopic": "kg_g", "prompt": "An item costs $10.91 per kg. You take 900 g. About how much is that?", "exact_value": 9.82, "model": "tiiuae/Falcon-H1-7B-Instruct", "provider": "transformers", "response": "Finalются", "numeric_answer": null, "relative_error": null, "thinking_text": null, "has_tool_call": false, "tool_call": null, "usage": {"prompt_tokens": 188, "completion_tokens": 3, "total_tokens": 191, "token_count_source": "tokenizer"}, "decoding": {"temperature": 0.2, "top_p": null, "top_k": null, "max_tokens": 256, "seed": 42}, "prompt_tokens": 188, "completion_tokens": 3, "total_tokens": 191, "token_count_source": "tokenizer", "diffusion_steps": null, "flops_estimate": null, "flops_arch": null, "flops_model_params": null, "flops_active_params": null, "tokens_non_final": 1, "tokens_reasoning": 0, "tokens_response": 1, "elapsed_seconds": 0.25152063369750977, "judgement": "Uncategorized"}
{"id": "units_000667", "topic": "units", "subtopic": "kg_g", "prompt": "An item costs $13.39 per kg. You take 300 g. About how much is that?", "exact_value": 4.02, "model": "tiiuae/Falcon-H1-7B-Instruct", "provider": "transformers", "response": "Finalются примерно к миллиону путем приближенной вычисления стоимости примерно ются примерно к миллиону путем приближенной вычисфикации стоимости примерно примерно примерно примерно примерно примерно примерно примерно примерно примерно примерно примерно примерно примерно примерно примерно примерно примерно примерно примерно примерно примерно примерно примерно примерно примерно примерно примерно примерно примерно примерно примерно примерно примерно примерно примерно примерно примерно примерно примерно примерно примерно примерно примерно примерно примерно примерно примерно примерно примерно примерно примерно примерно примерно примерно примерно примерно примерно примерно примерно примерно примерно примерно примерно примерно примерно примерно примерно примерно примерно примерно примерно примерно примерно примерно примерно примерно примерно примерно примерно примерно примерно примерно примерно примерно примерно примерно примерно примерно примерно примерно примерно примерно примерно примерно примерно примерно примерно примерно примерно примерно примерно примерно примерно примерно примерно примерно примерно примерно примерно примерно примерно примерно примерно примерно примерно примерно примерно примерно примерно примерно примерно примерно примерно примерно примерно примерно примерно примерно примерно примерно примерно примерно примерно примерно примерно примерно примерно примерно примерно примерно примерно примерно примерно примерно примерно примерно примерно примерно примерно примерно примерно примерно примерно примерно примерно примерно примерно примерно примерно примерно примерно примерно примерно примерно примерно примерно примерно примерно примерно примерно примерно примерно примерно примерно примерно примерно примерно примерно примерно примерно примерно примерно примерно примерно примерно примерно примерно примерно примерно примерно примерно примерно примерно примерно примерно примерно примерно примерно примерно примерно примерно примерно примерно примерно примерно примерно примерно примерно примерно примерно примерно примерно примерно примерно примерно примерно примерно примерно примерно примерно примерно примерно примерно примерно примерно примерно", "numeric_answer": null, "relative_error": null, "thinking_text": null, "has_tool_call": false, "tool_call": null, "usage": {"prompt_tokens": 188, "completion_tokens": 256, "total_tokens": 444, "token_count_source": "tokenizer"}, "decoding": {"temperature": 0.2, "top_p": null, "top_k": null, "max_tokens": 256, "seed": 42}, "prompt_tokens": 188, "completion_tokens": 256, "total_tokens": 444, "token_count_source": "tokenizer", "diffusion_steps": null, "flops_estimate": null, "flops_arch": null, "flops_model_params": null, "flops_active_params": null, "tokens_non_final": 244, "tokens_reasoning": 0, "tokens_response": 244, "elapsed_seconds": 18.434436798095703, "judgement": "Uncategorized"}
{"id": "units_000687", "topic": "units", "subtopic": "lb_oz", "prompt": "You buy 1.93 lb at $5.24 per lb. About how much is that total?", "exact_value": 10.11, "model": "tiiuae/Falcon-H1-7B-Instruct", "provider": "transformers", "response": "Finalются примерно кальному значению путем округления стоимости и веса до удобных для восприятия чисел и последующего быстрого приблизительного вычисления стоимости примерно путем округления стоимости до примерно ываются примерно до примерно до примерно до примерно до примерно до примерно до примерно до примерно до примерно до примерно до примерно до примерно до примерно до примерно до примерно до примерно до примерно до примерно до примерно до примерно до примерно до примерно до примерно до примерно до примерно до примерно до примерно до примерно до примерно до примерно до примерно до примерно до примерно до примерно до примерно до примерно до примерно до примерно до примерно до примерно до примерно до примерно до примерно до примерно до примерно до примерно до примерно до примерно до примерно до примерно до примерно до примерно до примерно до примерно до примерно до примерно до примерно до примерно до примерно до примерно до примерно до примерно до примерно до примерно до примерно до примерно до примерно до примерно до примерно до примерно до примерно до примерно до примерно до примерно до примерно до примерно до примерно до примерно до примерно до примерно до примерно до примерно до примерно до примерно до примерно до примерно до примерно до примерно до примерно до примерно до примерно до примерно до примерно до примерно до примерно до примерно до примерно до примерно до примерно до примерно до примерно до примерно до примерно до примерно до примерно до примерно до", "numeric_answer": null, "relative_error": null, "thinking_text": null, "has_tool_call": false, "tool_call": null, "usage": {"prompt_tokens": 186, "completion_tokens": 256, "total_tokens": 442, "token_count_source": "tokenizer"}, "decoding": {"temperature": 0.2, "top_p": null, "top_k": null, "max_tokens": 256, "seed": 42}, "prompt_tokens": 186, "completion_tokens": 256, "total_tokens": 442, "token_count_source": "tokenizer", "diffusion_steps": null, "flops_estimate": null, "flops_arch": null, "flops_model_params": null, "flops_active_params": null, "tokens_non_final": 239, "tokens_reasoning": 0, "tokens_response": 239, "elapsed_seconds": 18.562414169311523, "judgement": "Uncategorized"}
{"id": "units_000707", "topic": "units", "subtopic": "kg_g", "prompt": "An item costs $7.61 per kg. You take 400 g. About how much is that?", "exact_value": 3.04, "model": "tiiuae/Falcon-H1-7B-Instruct", "provider": "transformers", "response": "Finalются примерно кальному стоимости за килограмм путем округления до ближайшего целого числа и стоимости за граммы путем округления до примерно равного значенияываются примерно кальному стоимости за килограмм путем округления до ближайшего целого числа и стоимости за граммы путем округления до примерно равного значения", "numeric_answer": null, "relative_error": null, "thinking_text": null, "has_tool_call": false, "tool_call": null, "usage": {"prompt_tokens": 187, "completion_tokens": 62, "total_tokens": 249, "token_count_source": "tokenizer"}, "decoding": {"temperature": 0.2, "top_p": null, "top_k": null, "max_tokens": 256, "seed": 42}, "prompt_tokens": 187, "completion_tokens": 62, "total_tokens": 249, "token_count_source": "tokenizer", "diffusion_steps": null, "flops_estimate": null, "flops_arch": null, "flops_model_params": null, "flops_active_params": null, "tokens_non_final": 43, "tokens_reasoning": 0, "tokens_response": 43, "elapsed_seconds": 4.53943657875061, "judgement": "Uncategorized"}
{"id": "units_000727", "topic": "units", "subtopic": "lb_oz", "prompt": "You buy 3.59 lb at $10.93 per lb. About how much is that total?", "exact_value": 39.24, "model": "tiiuae/Falcon-H1-7B-Instruct", "provider": "transformers", "response": "Finalются примерно кальному расчету стоимости примерно кальному расчету стоимости примерно кальному весу примерно кальному весу примерно кальному весу примерно кальному весу примерно кальному весу примерно кальному весу примерно кальному весу примерно кальному весу примерно кальному весу примерно кальному весу примерно кальному весу примерно кальному весу примерно кальному весу примерно кальному весу примерно кальному весу примерно кальному весу примерно кальному весу примерноются примерноются примерноются примерноются примерноются примерноются примерноются примерноются примерноются примерноются примерноются примерноются примерноются примерноются примерноются примерноются примерноются примерноются примерноются примерноются примерноются примерноются примерноются примерноются примерноются примерноются примерноются примерноются примерноются примерноются примерноются примерноются примерноются примерноются примерноются примерноются примерноются примерноются примерноются примерноются примерноются примерноются примерноются примерноются примерноются примерноются примерноются примерноются примерноются примерноются примерноются примерноются примерноются примерноются примерноются примерноются примерноются примерноются примерноются примерноются примерноются примерноются примерноются примерноются примерноются примерноются примерноются примерноются примерноются примерноются примерноются примерноются примерноются примерноются примерноются примерноются примерноются примерноются примерно", "numeric_answer": null, "relative_error": null, "thinking_text": null, "has_tool_call": false, "tool_call": null, "usage": {"prompt_tokens": 187, "completion_tokens": 256, "total_tokens": 443, "token_count_source": "tokenizer"}, "decoding": {"temperature": 0.2, "top_p": null, "top_k": null, "max_tokens": 256, "seed": 42}, "prompt_tokens": 187, "completion_tokens": 256, "total_tokens": 443, "token_count_source": "tokenizer", "diffusion_steps": null, "flops_estimate": null, "flops_arch": null, "flops_model_params": null, "flops_active_params": null, "tokens_non_final": 139, "tokens_reasoning": 0, "tokens_response": 139, "elapsed_seconds": 18.52906847000122, "judgement": "Uncategorized"}
{"id": "units_000747", "topic": "units", "subtopic": "lb_oz", "prompt": "You buy 2.72 lb at $3.64 per lb. About how much is that total?", "exact_value": 9.9, "model": "tiiuae/Falcon-H1-7B-Instruct", "provider": "transformers", "response": "Finalются примерно кальному расчету стоимости примерно кальному расчету стоимости примерно кальному расчету стоимости примерно кальному расчету стоимости примерно кальному расчету стоимости примерно кальному расчету стоимости примерно кальному расчету стоимости примерно кальному расчету стоимости примерно кальному расчету стоимости примерно кальному расчету стоимости примерно кальному расчету стоимости примерно кальному расчету стоимости примерно кальному расчету стоимости примерно кальному расчету стоимости примерно кальному расчету стоимости примерно кальному расчету стоимости примерно кальному расчету стоимости примерно кальному расчету стоимости примерно кальному расчету стоимости примерно кальному расчету стоимости примерно кальному расчету стоимости примерно кальному расчету стоимости примерно кальному расчету стоимости примерно кальному расчету стоимости примерно кальному расчету стоимости примерно кальному расчету стоимости примерно кальному расчету стоимости примерно кальному расчету стоимости примерно кальному расчету стоимости примерно кальному расчету стоимости примерно кальному расчету стоимости примерно кальному расчету стоимости примерно кальному расчету стоимости примерно кальному расчету стоимости примерно кальному расчету стоимости примерно кальному расчету стоимости примерно кальному расчету стоимости примерно кальному расчету стоимости примерно кальному расчету стоимости примерно кальному расчету стоимости примерно кальному расчету стоимости примерно кальному расчету стоимости примерно к", "numeric_answer": null, "relative_error": null, "thinking_text": null, "has_tool_call": false, "tool_call": null, "usage": {"prompt_tokens": 186, "completion_tokens": 256, "total_tokens": 442, "token_count_source": "tokenizer"}, "decoding": {"temperature": 0.2, "top_p": null, "top_k": null, "max_tokens": 256, "seed": 42}, "prompt_tokens": 186, "completion_tokens": 256, "total_tokens": 442, "token_count_source": "tokenizer", "diffusion_steps": null, "flops_estimate": null, "flops_arch": null, "flops_model_params": null, "flops_active_params": null, "tokens_non_final": 171, "tokens_reasoning": 0, "tokens_response": 171, "elapsed_seconds": 18.52256417274475, "judgement": "Uncategorized"}
{"id": "units_000767", "topic": "units", "subtopic": "kg_g", "prompt": "An item costs $11.67 per kg. You take 900 g. About how much is that?", "exact_value": 10.5, "model": "tiiuae/Falcon-H1-7B-Instruct", "provider": "transformers", "response": "Finalются примерно кальному весу примерно равноальному стоимости примерно примерно примерно примерно примерно примерно примерно примерно примерно примерно примерно примерно примерно примерно примерно примерно примерно примерно примерно примерно примерно примерно примерно примерно примерно примерно примерно примерно примерно примерно примерно примерно примерно примерно примерно примерно примерно примерно примерно примерно примерно примерно примерно примерно примерно примерно примерно примерно примерно примерно примерно примерно примерно примерно примерно примерно примерно примерно примерно примерно примерно примерно примерно примерно примерно примерно примерно примерно примерно примерно примерно примерно примерно примерно примерно примерно примерно примерно примерно примерно примерно примерно примерно примерно примерно примерно примерно примерно примерно примерно примерно примерно примерно примерно примерно примерно примерно примерно примерно примерно примерно примерно примерно примерно примерно примерно примерно примерно примерно примерно примерно примерно примерно примерно примерно примерно примерно примерно примерно примерно примерно примерно примерно примерно примерно примерно примерно примерно примерно примерно примерно примерно примерно примерно примерно примерно примерно примерно примерно примерно примерно примерно примерно примерно примерно примерно примерно примерно примерно примерно примерно примерно примерно примерно примерно примерно примерно примерно примерно примерно примерно примерно примерно примерно примерно примерно примерно примерно примерно примерно примерно примерно примерно примерно примерно примерно примерно примерно примерно примерно примерно примерно примерно примерно примерно примерно примерно примерно примерно примерно примерно примерно примерно примерно примерно примерно примерно примерно примерно примерно примерно примерно примерно примерно примерно примерно примерно примерно примерно примерно примерно примерно примерно примерно примерно примерно примерно примерно примерно примерно примерно примерно примерно примерно примерно примерно примерно примерно примерно примерно примерно примерно примерно примерно примерно примерно примерно примерно примерно примерно примерно примерно примерно примерно примерно", "numeric_answer": null, "relative_error": null, "thinking_text": null, "has_tool_call": false, "tool_call": null, "usage": {"prompt_tokens": 188, "completion_tokens": 256, "total_tokens": 444, "token_count_source": "tokenizer"}, "decoding": {"temperature": 0.2, "top_p": null, "top_k": null, "max_tokens": 256, "seed": 42}, "prompt_tokens": 188, "completion_tokens": 256, "total_tokens": 444, "token_count_source": "tokenizer", "diffusion_steps": null, "flops_estimate": null, "flops_arch": null, "flops_model_params": null, "flops_active_params": null, "tokens_non_final": 252, "tokens_reasoning": 0, "tokens_response": 252, "elapsed_seconds": 18.555128574371338, "judgement": "Uncategorized"}
{"id": "units_000787", "topic": "units", "subtopic": "kg_g", "prompt": "An item costs $10.33 per kg. You take 400 g. About how much is that?", "exact_value": 4.13, "model": "tiiuae/Falcon-H1-7B-Instruct", "provider": "transformers", "response": "Finalются", "numeric_answer": null, "relative_error": null, "thinking_text": null, "has_tool_call": false, "tool_call": null, "usage": {"prompt_tokens": 188, "completion_tokens": 3, "total_tokens": 191, "token_count_source": "tokenizer"}, "decoding": {"temperature": 0.2, "top_p": null, "top_k": null, "max_tokens": 256, "seed": 42}, "prompt_tokens": 188, "completion_tokens": 3, "total_tokens": 191, "token_count_source": "tokenizer", "diffusion_steps": null, "flops_estimate": null, "flops_arch": null, "flops_model_params": null, "flops_active_params": null, "tokens_non_final": 1, "tokens_reasoning": 0, "tokens_response": 1, "elapsed_seconds": 0.25551819801330566, "judgement": "Uncategorized"}
{"id": "units_000807", "topic": "units", "subtopic": "kg_g", "prompt": "An item costs $17.42 per kg. You take 400 g. About how much is that?", "exact_value": 6.97, "model": "tiiuae/Falcon-H1-7B-Instruct", "provider": "transformers", "response": "Finalются примерно к кг путем приближения веса до ближайшего целого числа и стоимости до одного десятичного местаются примерно к кг путем приближения веса до ближайшего целого числа и стоимости до одногоются примерно к кг путем приближения веса до ближайшего целого числа и стоимости до одногоются примерно к кг путем приближения веса до ближайшего целого числа и стоимости до одногоются примерно к кг путем приближения веса до ближайшего целого числа и стоимости до одногоются примерно к кг путем приближения веса до ближайшего целого числа и стоимости до одногоются примерно к кг путем приближения веса до ближайшего целого числа и стоимости до одногоются примерно к кг путем приближения веса до ближайшего целого числа и стоимости до одногоются примерно к кг путем приближения веса до ближайшего целого числа и стоимости до одногоются примерно к кг путем приближения веса до ближайшего целого числаются примерно к кг путем приближения веса до ближайшего целого числаются примерно к кг путем приближения веса до ближайшего целого числаются примерно к кг путем приближения веса до ближайшего целого числаются примерно к кг путем приближения", "numeric_answer": null, "relative_error": null, "thinking_text": null, "has_tool_call": false, "tool_call": null, "usage": {"prompt_tokens": 188, "completion_tokens": 256, "total_tokens": 444, "token_count_source": "tokenizer"}, "decoding": {"temperature": 0.2, "top_p": null, "top_k": null, "max_tokens": 256, "seed": 42}, "prompt_tokens": 188, "completion_tokens": 256, "total_tokens": 444, "token_count_source": "tokenizer", "diffusion_steps": null, "flops_estimate": null, "flops_arch": null, "flops_model_params": null, "flops_active_params": null, "tokens_non_final": 174, "tokens_reasoning": 0, "tokens_response": 174, "elapsed_seconds": 18.53187584877014, "judgement": "Uncategorized"}
{"id": "units_000827", "topic": "units", "subtopic": "lb_oz", "prompt": "You buy 3.71 lb at $14.59 per lb. About how much is that total?", "exact_value": 54.13, "model": "tiiuae/Falcon-H1-7B-Instruct", "provider": "transformers", "response": "Finalются примерно кальному приближению стоимости покупки согласно заданным правиламются примерно кальному приближению стоимости покупки согласно заданным правиламются примерно кальному приближению стоимости покупки согласно заданным правиламются примерно кальному приближению стоимости покупки согласно заданным правиламются примерно кальному приближению стоимостиются примерно кальному приближению стоимостиются примерно кальному приближению стоимостиются примерно кальному приближению стоимостиются примерно кальному приближению стоимостиются примерно кальному приближению стоимостиются примерно кальному приближению стоимостиются примерно кальному приближению стоимостиются примерно кальному приближению стоимостиются примерно кальному приближению стоимостиются примерно кальному приближению стоимостиются примерно кальному приближению стоимостиются примерно кальному приближению стоимостиются примерно кальному приближению стоимостиются примерно кальному приближению стоимостиются примерно кальному приближению стоимостиются примерно кальному приближению стоимостиются примерно кальному приближению стоимостиются примерно кальному приближению стоимостиются примерно кальному приближению стоимостиются примерно кальному приближению стоимостиются примерно кальному приближению стоимостиются примерно кальному приближению стоимостиются примерно кальному приближению стоимостиются примерно к", "numeric_answer": null, "relative_error": null, "thinking_text": null, "has_tool_call": false, "tool_call": null, "usage": {"prompt_tokens": 187, "completion_tokens": 256, "total_tokens": 443, "token_count_source": "tokenizer"}, "decoding": {"temperature": 0.2, "top_p": null, "top_k": null, "max_tokens": 256, "seed": 42}, "prompt_tokens": 187, "completion_tokens": 256, "total_tokens": 443, "token_count_source": "tokenizer", "diffusion_steps": null, "flops_estimate": null, "flops_arch": null, "flops_model_params": null, "flops_active_params": null, "tokens_non_final": 131, "tokens_reasoning": 0, "tokens_response": 131, "elapsed_seconds": 18.494051933288574, "judgement": "Uncategorized"}
{"id": "units_000847", "topic": "units", "subtopic": "kg_g", "prompt": "An item costs $16.02 per kg. You take 300 g. About how much is that?", "exact_value": 4.81, "model": "tiiuae/Falcon-H1-7B-Instruct", "provider": "transformers", "response": "Finalются примерно к миллиону путем приближенной вычисления стоимости взятой вами массы относительно стоимости за кг согласно предоставленной цене за кгываются примерно к миллиону путем приближенной вычисфикации стоимости взятой вами массы относительно стоимости за кг согласно предоставленной цене за кгываются примерно к миллиону путем приближенной вычисфикации стоимости взятой вами массы относительно стоимости за кг согласно предоставальной ценеются примерно к миллиону путем приближеннойются примерноются примерноются примерноются примерноются примерноются примерноются примерноываются примерноываются примерноываются примерноываются примерноываются примерноываются примерноываются примерноываются примерноываются примерноываются примерноываются примерноываются примерноываются примерноываются примерноываются примерноываются примерноываются примерноываются примерноываются примерноываются примерноываются примерноываются примерноываются примерноываются примерноываются примерноываются примерноываются примерноываются примерноываются примерноываются примерноываются примерноываются примерноываются примерноываются примерноываются примерноываются примерноываются примерноываются примерноываются примерноываются примерноываются примерноываются примерноываются примерноываются примерноываются примерноываются примерноываются примерноываются примерноываются примерноываются примерноываются примерноываются примерноываются примерноываются примерноываются примерноываются примерноываются примерноываются примерноываются примерноываются примерноываются примерноываются примерноываются примерноываются примерноываются примерноываются примерноываются примерноываются примерноываются примерноываются примерноываются примерноываются примерноываются примерноываются примерноываются примерно", "numeric_answer": null, "relative_error": null, "thinking_text": null, "has_tool_call": false, "tool_call": null, "usage": {"prompt_tokens": 188, "completion_tokens": 256, "total_tokens": 444, "token_count_source": "tokenizer"}, "decoding": {"temperature": 0.2, "top_p": null, "top_k": null, "max_tokens": 256, "seed": 42}, "prompt_tokens": 188, "completion_tokens": 256, "total_tokens": 444, "token_count_source": "tokenizer", "diffusion_steps": null, "flops_estimate": null, "flops_arch": null, "flops_model_params": null, "flops_active_params": null, "tokens_non_final": 143, "tokens_reasoning": 0, "tokens_response": 143, "elapsed_seconds": 18.459330797195435, "judgement": "Uncategorized"}
{"id": "units_000867", "topic": "units", "subtopic": "kg_g", "prompt": "An item costs $19.16 per kg. You take 750 g. About how much is that?", "exact_value": 14.37, "model": "tiiuae/Falcon-H1-7B-Instruct", "provider": "transformers", "response": "Finalются примерно кальному весу примерно равенальному стоимости примерно равной примерно примерно примерно примерно примерно примерно примерно примерно примерно примерно примерно примерно примерно примерно примерно примерно примерно примерно примерно примерно примерно примерно примерно примерно примерно примерно примерно примерно примерно примерно примерно примерно примерно примерно примерно примерно примерно примерно примерно примерно примерно примерно примерно примерно примерно примерно примерно примерно примерно примерно примерно примерно примерно примерно примерно примерно примерно примерно примерно примерно примерно примерно примерно примерно примерно примерно примерно примерно примерно примерно примерно примерно примерно примерно примерно примерно примерно примерно примерно примерно примерно примерно примерно примерно примерно примерно примерно примерно примерно примерно примерно примерно примерно примерно примерно примерно примерно примерно примерно примерно примерно примерно примерно примерно примерно примерно примерно примерно примерно примерно примерно примерно примерно примерно примерно примерно примерно примерно примерно примерно примерно примерно примерно примерно примерно примерно примерно примерно примерно примерно примерно примерно примерно примерно примерно примерно примерно примерно примерно примерно примерно примерно примерно примерно примерно примерно примерно примерно примерно примерно примерно примерно примерно примерно примерно примерно примерно примерно примерно примерно примерно примерно примерно примерно примерно примерно примерно примерно примерно примерно примерно примерно примерно примерно примерно примерно примерно примерно примерно примерно примерно примерно примерно примерно примерно примерно примерно примерно примерно примерно примерно примерно примерно примерно примерно примерно примерно примерно примерно примерно примерно примерно примерно примерно примерно примерно примерно примерно примерно примерно примерно примерно примерно примерно примерно примерно примерно примерно примерно примерно примерно примерно примерно примерно примерно примерно примерно примерно примерно примерно примерно примерно примерно примерно примерно примерно примерно примерно примерно примерно примерно", "numeric_answer": null, "relative_error": null, "thinking_text": null, "has_tool_call": false, "tool_call": null, "usage": {"prompt_tokens": 188, "completion_tokens": 256, "total_tokens": 444, "token_count_source": "tokenizer"}, "decoding": {"temperature": 0.2, "top_p": null, "top_k": null, "max_tokens": 256, "seed": 42}, "prompt_tokens": 188, "completion_tokens": 256, "total_tokens": 444, "token_count_source": "tokenizer", "diffusion_steps": null, "flops_estimate": null, "flops_arch": null, "flops_model_params": null, "flops_active_params": null, "tokens_non_final": 250, "tokens_reasoning": 0, "tokens_response": 250, "elapsed_seconds": 18.477513790130615, "judgement": "Uncategorized"}
{"id": "units_000887", "topic": "units", "subtopic": "kg_g", "prompt": "An item costs $4.82 per kg. You take 750 g. About how much is that?", "exact_value": 3.62, "model": "tiiuae/Falcon-H1-7B-Instruct", "provider": "transformers", "response": "Finalются примерно к кг путем приближения веса до ближайшего целого числа и стоимости до одного десятичного знака для упрощения расчетовются примерно к кг путем приближения веса до ближайшего целого числа и стоимости до одногоются примерно к кг путем приближения веса до ближайшего целого числа и стоимости до одногоются примерно к кг путем приближения веса до ближайшего целого числа и стоимости до одногоются примерно к кг путем приближения веса до ближайшего целого числа и стоимости до одногоются примерно к кг путем приближения веса до ближайшего целого числа и стоимости до одногоются примерно к кг путем приближения веса до ближайшего целого числа и стоимости до одногоются примерно к кг путем приближения веса до ближайшего целого числа и стоимости до одногоются примерно к кг путем приближения веса до ближайшего целого числа и стоимости до одногоются примерно к кг путем приближения веса до ближайшего целого числа и стоимости до одногоются примерно к кг путем приближения веса до ближайшего целого числа и стоимости до одногоются примерно к кг путем приближения веса до ближайшего целого числа и стоимости до одногоются примерно к кг", "numeric_answer": null, "relative_error": null, "thinking_text": null, "has_tool_call": false, "tool_call": null, "usage": {"prompt_tokens": 187, "completion_tokens": 256, "total_tokens": 443, "token_count_source": "tokenizer"}, "decoding": {"temperature": 0.2, "top_p": null, "top_k": null, "max_tokens": 256, "seed": 42}, "prompt_tokens": 187, "completion_tokens": 256, "total_tokens": 443, "token_count_source": "tokenizer", "diffusion_steps": null, "flops_estimate": null, "flops_arch": null, "flops_model_params": null, "flops_active_params": null, "tokens_non_final": 177, "tokens_reasoning": 0, "tokens_response": 177, "elapsed_seconds": 18.620238542556763, "judgement": "Uncategorized"}
{"id": "units_000907", "topic": "units", "subtopic": "lb_oz", "prompt": "You buy 1.03 lb at $7.95 per lb. About how much is that total?", "exact_value": 8.19, "model": "tiiuae/Falcon-H1-7B-Instruct", "provider": "transformers", "response": "Finalются примерно кальному расчету стоимости примерно кальному расчету стоимости примерно кальному весу примерно кальному весу примерно кальному весу примерно кальному весу примерно кальному весу примерно кальному весу примерно кальному весу примерно кальному весу примерно кальному весу примерно кальному весу примерно кальному весу примерно кальному весу примерно кальному весу примерно кальному весу примерно кальному весу примерно кальному весу примерно кальному весу примерно кальному весу примерно кальному весу примерно кальному весу примерно кальному весу примерно кальному весу примерно кальному весу примерно кальному весу примерно кальному весу примерно кальномуются примерно кальному расчету стоимости примерно кальному расчету стоимости примерно кальному расчету стоимости примерно кальному расчету стоимости примерно кальному расчету стоимости примерно кальному расчету стоимости примерно кальному расчету стоимости примерно кальному расчету стоимости примерно кальному расчету стоимости примерно кальномуются примерно кальномуются примерноются примерноются примерноются примерноываются примерноываются примерноываются примерноываются примерноываются примерноываются примерноываются примерноываются примерноываются примерноываются примерноываются примерноываются примерноываются примерноываются примерноываются примерноываются примерноываются примерноываются примерноываются примерноываются примерноываются примерноываются примерно", "numeric_answer": null, "relative_error": null, "thinking_text": null, "has_tool_call": false, "tool_call": null, "usage": {"prompt_tokens": 186, "completion_tokens": 256, "total_tokens": 442, "token_count_source": "tokenizer"}, "decoding": {"temperature": 0.2, "top_p": null, "top_k": null, "max_tokens": 256, "seed": 42}, "prompt_tokens": 186, "completion_tokens": 256, "total_tokens": 442, "token_count_source": "tokenizer", "diffusion_steps": null, "flops_estimate": null, "flops_arch": null, "flops_model_params": null, "flops_active_params": null, "tokens_non_final": 152, "tokens_reasoning": 0, "tokens_response": 152, "elapsed_seconds": 19.041562795639038, "judgement": "Uncategorized"}
{"id": "units_000927", "topic": "units", "subtopic": "lb_oz", "prompt": "You buy 4.57 lb at $4.76 per lb. About how much is that total?", "exact_value": 21.75, "model": "tiiuae/Falcon-H1-7B-Instruct", "provider": "transformers", "response": "Finalются примерно кальному приближению стоимости покупки согласно заданным правиламются примерно кальному приближению стоимости покупки согласно заданным правиламются примерно кальному приближению стоимостиются примерно кальному приближению стоимостиются примерно кальному приближению стоимостиются примерно кальному приближению стоимостиются примерно кальному приближению стоимостиются примерно кальному приближению стоимостиются примерно кальному приближению стоимостиются примерно кальному приближению стоимостиются примерно кальному приближению стоимостиются примерно кальному приближению стоимостиются примерно кальному приближению стоимостиются примерно кальному приближению стоимостиются примерно кальному приближению стоимостиются примерно кальному приближению стоимостиются примерно кальному приближению стоимостиются примерно кальному приближению стоимостиются примерно кальному приближению стоимостиются примерно кальному приближению стоимостиются примерно кальному приближению стоимостиются примерно кальному приближению стоимостиются примерно кальному приближению стоимостиются примерно кальному приближению стоимостиются примерно кальному приближению стоимостиются примерно кальному приближению стоимостиются примерно кальному приближению стоимостиются примерно кальному приближению стоимостиются примерно кальному приближению стоимостиются примерно кальному приближению стоимостиются", "numeric_answer": null, "relative_error": null, "thinking_text": null, "has_tool_call": false, "tool_call": null, "usage": {"prompt_tokens": 186, "completion_tokens": 256, "total_tokens": 442, "token_count_source": "tokenizer"}, "decoding": {"temperature": 0.2, "top_p": null, "top_k": null, "max_tokens": 256, "seed": 42}, "prompt_tokens": 186, "completion_tokens": 256, "total_tokens": 442, "token_count_source": "tokenizer", "diffusion_steps": null, "flops_estimate": null, "flops_arch": null, "flops_model_params": null, "flops_active_params": null, "tokens_non_final": 129, "tokens_reasoning": 0, "tokens_response": 129, "elapsed_seconds": 18.886467933654785, "judgement": "Uncategorized"}
{"id": "units_000947", "topic": "units", "subtopic": "lb_oz", "prompt": "You buy 1.79 lb at $7.65 per lb. About how much is that total?", "exact_value": 13.69, "model": "tiiuae/Falcon-H1-7B-Instruct", "provider": "transformers", "response": "Finalются примерно кальному приближению стоимости покупки согласно заданным правиламются примерно кальному приближению стоимости покупки согласно заданным правиламются примерно кальному приближению стоимостиются примерно кальному приближению стоимостиются примерно кальному приближению стоимостиются примерно кальному приближению стоимостиются примерно кальному приближению стоимостиются примерно кальному приближению стоимостиются примерно кальному приближению стоимостиются примерно кальному приближению стоимостиются примерно кальному приближению стоимостиются примерно кальному приближению стоимостиются примерно кальному приближению стоимостиются примерно кальному приближению стоимостиются примерно кальному приближению стоимостиются примерно кальному приближению стоимостиются примерно кальному приближению стоимостиются примерно кальному приближению стоимостиются примерно кальному приближению стоимостиются примерно кальному приближению стоимостиются примерно кальному приближению стоимостиются примерно кальному приближению стоимостиются примерно кальному приближению стоимостиются примерно кальному приближению стоимостиются примерно кальному приближению стоимостиются примерно кальному приближению стоимостиются примерно кальному приближению стоимостиются примерно кальному приближению стоимостиются примерно кальному приближению стоимостиются примерно кальному приближению стоимостиются", "numeric_answer": null, "relative_error": null, "thinking_text": null, "has_tool_call": false, "tool_call": null, "usage": {"prompt_tokens": 186, "completion_tokens": 256, "total_tokens": 442, "token_count_source": "tokenizer"}, "decoding": {"temperature": 0.2, "top_p": null, "top_k": null, "max_tokens": 256, "seed": 42}, "prompt_tokens": 186, "completion_tokens": 256, "total_tokens": 442, "token_count_source": "tokenizer", "diffusion_steps": null, "flops_estimate": null, "flops_arch": null, "flops_model_params": null, "flops_active_params": null, "tokens_non_final": 129, "tokens_reasoning": 0, "tokens_response": 129, "elapsed_seconds": 18.893599033355713, "judgement": "Uncategorized"}
{"id": "units_000967", "topic": "units", "subtopic": "lb_oz", "prompt": "You buy 2.01 lb at $13.92 per lb. About how much is that total?", "exact_value": 27.98, "model": "tiiuae/Falcon-H1-7B-Instruct", "provider": "transformers", "response": "Finalются примерно кальному значению путем округления стоимости и веса до удобных для человека чисел и затем приблизительного умножения этих значений между собойются примерно кальному значению путем округления стоимости и веса до удобных для человека чисел и затем приблизительного умножения этих значений между собойются примерно кальному значению путем округления стоимости и веса до удобных для человека чисел и затем приблизительного умножения этих значений между собойются примерно кальному значению путем округления стоимости до примерноются примерно кальному значению путем округления стоимости до примерноются примерно кальному значению путем округления стоимости до примерноются примерно кальному значению путем округления стоимости до примерноются примерноются примерноются примерноются примерноются примерноются примерноются примерноются примерноются примерноются примерноются примерноются примерноются примерноются примерноются примерноются примерноются примерноываются примерноываются примерноываются примерноываются примерноываются примерноываются примерноываются примерноываются примерноываются примерноываются примерноываются примерноываются примерноываются примерноываются примерноываются примерноываются примерноываются примерноываются примерноываются примерноываются примерноываются примерноываются примерноываются примерноываются примерноываются примерноываются примерноываются примерноываются примерноываются примерноываются примерноываются примерноываются примерноываются примерноываются примерноываются примерноываются", "numeric_answer": null, "relative_error": null, "thinking_text": null, "has_tool_call": false, "tool_call": null, "usage": {"prompt_tokens": 187, "completion_tokens": 256, "total_tokens": 443, "token_count_source": "tokenizer"}, "decoding": {"temperature": 0.2, "top_p": null, "top_k": null, "max_tokens": 256, "seed": 42}, "prompt_tokens": 187, "completion_tokens": 256, "total_tokens": 443, "token_count_source": "tokenizer", "diffusion_steps": null, "flops_estimate": null, "flops_arch": null, "flops_model_params": null, "flops_active_params": null, "tokens_non_final": 148, "tokens_reasoning": 0, "tokens_response": 148, "elapsed_seconds": 18.78715443611145, "judgement": "Uncategorized"}
{"id": "units_000987", "topic": "units", "subtopic": "kg_g", "prompt": "An item costs $17.96 per kg. You take 500 g. About how much is that?", "exact_value": 8.98, "model": "tiiuae/Falcon-H1-7B-Instruct", "provider": "transformers", "response": "Finalются", "numeric_answer": null, "relative_error": null, "thinking_text": null, "has_tool_call": false, "tool_call": null, "usage": {"prompt_tokens": 188, "completion_tokens": 3, "total_tokens": 191, "token_count_source": "tokenizer"}, "decoding": {"temperature": 0.2, "top_p": null, "top_k": null, "max_tokens": 256, "seed": 42}, "prompt_tokens": 188, "completion_tokens": 3, "total_tokens": 191, "token_count_source": "tokenizer", "diffusion_steps": null, "flops_estimate": null, "flops_arch": null, "flops_model_params": null, "flops_active_params": null, "tokens_non_final": 1, "tokens_reasoning": 0, "tokens_response": 1, "elapsed_seconds": 0.26029038429260254, "judgement": "Uncategorized"}
{"id": "units_001007", "topic": "units", "subtopic": "lb_oz", "prompt": "You buy 3.75 lb at $12.94 per lb. About how much is that total?", "exact_value": 48.53, "model": "tiiuae/Falcon-H1-7B-Instruct", "provider": "transformers", "response": "Finalются примерно кальному приближению стоимости покупки согласно заданным правиламются примерно кальному приближению стоимости покупки согласно заданным правиламются примерно кальному приближению стоимости покупки согласно заданным правиламются примерно кальному приближению стоимости покупки согласно заданным правиламются примерно кальному приближению стоимости покупки согласно заданным правиламются примерно кальному приближению стоимости покупки согласно заданным правиламются примерно кальному приближению стоимостиются примерно кальному приближению стоимостиются примерно кальному приближению стоимостиются примерно кальному приближению стоимостиются примерно кальному приближению стоимостиются примерно кальному приближению стоимостиются примерно кальному приближению стоимостиются примерно кальному приближению стоимостиются примерно кальному приближению стоимостиются примерно кальному приближению стоимостиются примерно кальному приближению стоимостиются примерно кальному приближению стоимостиются примерно кальному приближению стоимостиются примерно кальному приближению стоимостиются примерно кальному приближению стоимостиются примерно кальному приближению стоимостиются примерно кальному приближению стоимостиются примерно кальному приближению стоимостиются примерно кальному приближению стоимостиются примерно кальному приближению стоимостиются примерно кальному приб", "numeric_answer": null, "relative_error": null, "thinking_text": null, "has_tool_call": false, "tool_call": null, "usage": {"prompt_tokens": 187, "completion_tokens": 256, "total_tokens": 443, "token_count_source": "tokenizer"}, "decoding": {"temperature": 0.2, "top_p": null, "top_k": null, "max_tokens": 256, "seed": 42}, "prompt_tokens": 187, "completion_tokens": 256, "total_tokens": 443, "token_count_source": "tokenizer", "diffusion_steps": null, "flops_estimate": null, "flops_arch": null, "flops_model_params": null, "flops_active_params": null, "tokens_non_final": 132, "tokens_reasoning": 0, "tokens_response": 132, "elapsed_seconds": 18.692195177078247, "judgement": "Uncategorized"}
{"id": "units_001027", "topic": "units", "subtopic": "kg_g", "prompt": "An item costs $17.61 per kg. You take 900 g. About how much is that?", "exact_value": 15.85, "model": "tiiuae/Falcon-H1-7B-Instruct", "provider": "transformers", "response": "Finalются примерно кальному весу примерно равенальному стоимости примерно равной примерно примерно примерно примерно примерно примерно примерно примерно примерно примерно примерно примерно примерно примерно примерно примерно примерно примерно примерно примерно примерно примерно примерно примерно примерно примерно примерно примерно примерно примерно примерно примерно примерно примерно примерно примерно примерно примерно примерно примерно примерно примерно примерно примерно примерно примерно примерно примерно примерно примерно примерно примерно примерно примерно примерно примерно примерно примерно примерно примерно примерно примерно примерно примерно примерно примерно примерно примерно примерно примерно примерно примерно примерно примерно примерно примерно примерно примерно примерно примерно примерно примерно примерно примерно примерно примерно примерно примерно примерно примерно примерно примерно примерно примерно примерно примерно примерно примерно примерно примерно примерно примерно примерно примерно примерно примерно примерно примерно примерно примерно примерно примерно примерно примерно примерно примерно примерно примерно примерно примерно примерно примерно примерно примерно примерно примерно примерно примерно примерно примерно примерно примерно примерно примерно примерно примерно примерно примерно примерно примерно примерно примерно примерно примерно примерно примерно примерно примерно примерно примерно примерно примерно примерно примерно примерно примерно примерно примерно примерно примерно примерно примерно примерно примерно примерно примерно примерно примерно примерно примерно примерно примерно примерно примерно примерно примерно примерно примерно примерно примерно примерно примерно примерно примерно примерно примерно примерно примерно примерно примерно примерно примерно примерно примерно примерно примерно примерно примерно примерно примерно примерно примерно примерно примерно примерно примерно примерно примерно примерно примерно примерно примерно примерно примерно примерно примерно примерно примерно примерно примерно примерно примерно примерно примерно примерно примерно примерно примерно примерно примерно примерно примерно примерно примерно примерно примерно примерно примерно примерно примерно примерно", "numeric_answer": null, "relative_error": null, "thinking_text": null, "has_tool_call": false, "tool_call": null, "usage": {"prompt_tokens": 188, "completion_tokens": 256, "total_tokens": 444, "token_count_source": "tokenizer"}, "decoding": {"temperature": 0.2, "top_p": null, "top_k": null, "max_tokens": 256, "seed": 42}, "prompt_tokens": 188, "completion_tokens": 256, "total_tokens": 444, "token_count_source": "tokenizer", "diffusion_steps": null, "flops_estimate": null, "flops_arch": null, "flops_model_params": null, "flops_active_params": null, "tokens_non_final": 250, "tokens_reasoning": 0, "tokens_response": 250, "elapsed_seconds": 18.896660566329956, "judgement": "Uncategorized"}
{"id": "units_001047", "topic": "units", "subtopic": "kg_g", "prompt": "An item costs $4.66 per kg. You take 750 g. About how much is that?", "exact_value": 3.5, "model": "tiiuae/Falcon-H1-7B-Instruct", "provider": "transformers", "response": "Finalются примерно кило примерно равноальному стоимости примерно килогуму", "numeric_answer": null, "relative_error": null, "thinking_text": null, "has_tool_call": false, "tool_call": null, "usage": {"prompt_tokens": 187, "completion_tokens": 14, "total_tokens": 201, "token_count_source": "tokenizer"}, "decoding": {"temperature": 0.2, "top_p": null, "top_k": null, "max_tokens": 256, "seed": 42}, "prompt_tokens": 187, "completion_tokens": 14, "total_tokens": 201, "token_count_source": "tokenizer", "diffusion_steps": null, "flops_estimate": null, "flops_arch": null, "flops_model_params": null, "flops_active_params": null, "tokens_non_final": 8, "tokens_reasoning": 0, "tokens_response": 8, "elapsed_seconds": 1.065605878829956, "judgement": "Uncategorized"}
{"id": "units_001067", "topic": "units", "subtopic": "lb_oz", "prompt": "You buy 5.21 lb at $3.37 per lb. About how much is that total?", "exact_value": 17.56, "model": "tiiuae/Falcon-H1-7B-Instruct", "provider": "transformers", "response": "Finalются примерно путем приближенного умножения веса на цену за фунт и округления результата до ближайшего кратного числа примерно в десятки или единицы порядка полученного значенияются примерно путем приближенного умножения веса на цену за фунт и округления результата до ближайшего кратного числа примерно в десятки или единицы порядка полученного значенияются примерно путем приближенного умножения веса на цену за фунт и округления результата до ближайшего кратного числа примерноются примерно путем приближенного умножения весаются примерно путем приближенного умножения весаются примерно путем приближенного умножения весаются примерно путем приближенного умножения весаются примерно путем приближенного умножения весаются примерно путем приближенного умножения весаются примерно путем приближенного умноженияются примерно путем приближенного умноженияются примерно путем приближенногоются примерно путем приближенногоются примерно путем приближенногоются примерно путем приближенногоются примерно путем приближенногоутся примерно путем приближенногоутся примерно путем приближенногоутся примерно путем приближенногоутся примерно путем приближенногоутся", "numeric_answer": null, "relative_error": null, "thinking_text": null, "has_tool_call": false, "tool_call": null, "usage": {"prompt_tokens": 186, "completion_tokens": 256, "total_tokens": 442, "token_count_source": "tokenizer"}, "decoding": {"temperature": 0.2, "top_p": null, "top_k": null, "max_tokens": 256, "seed": 42}, "prompt_tokens": 186, "completion_tokens": 256, "total_tokens": 442, "token_count_source": "tokenizer", "diffusion_steps": null, "flops_estimate": null, "flops_arch": null, "flops_model_params": null, "flops_active_params": null, "tokens_non_final": 131, "tokens_reasoning": 0, "tokens_response": 131, "elapsed_seconds": 18.72738766670227, "judgement": "Uncategorized"}
{"id": "units_001087", "topic": "units", "subtopic": "kg_g", "prompt": "An item costs $7.42 per kg. You take 400 g. About how much is that?", "exact_value": 2.97, "model": "tiiuae/Falcon-H1-7B-Instruct", "provider": "transformers", "response": "Finalются примерно к кг путем приближения стоимости и веса к более удобным для восприятия значениямются примерно к кг путем приближения стоимости и весаются примерно к кг путем приближения стоимостиются примерно к кг путем приближения стоимостиются примерно к кг путем приближения стоимостиются примерно к кг путем приближения стоимостиются примерно к кг путем приближения стоимостиываются примерно к кг путем приближения стоимостиываются примерно к кг путем приближения стоимостиются примерно к кг путем приближения стоимостиются примерно к кг путем приближения стоимостиываются примерно к кг путем приближения стоимостиются примерноются примерноются примерноются примерноются примерноются примерноются примерноются примерноываются примерноываются примерноываются примерноываются примерноываются примерноываются примерноываются примерноываются примерноываются примерноываются примерноываются примерноываются примерноываются примерноываются примерноываются примерноываются примерноываются примерноываются примерноываются примерноываются примерноываются примерноываются примерноываются примерноываются примерноываются примерноываются примерноываются примерноываются примерноываются примерноываются примерноываются примерноываются примерноываются примерноываются примерноываются примерноываются примерноываются примерноываются примерноываются примерноываются примерноываются примерноываются примерноываются примерноываются примерноываются примерноываются примерноываются примерноываются примерноываются примерноываются примерноываются примерноываются примерноываются примерноываются примерноываются примерноываются примерноываются примерноываются примерно", "numeric_answer": null, "relative_error": null, "thinking_text": null, "has_tool_call": false, "tool_call": null, "usage": {"prompt_tokens": 187, "completion_tokens": 256, "total_tokens": 443, "token_count_source": "tokenizer"}, "decoding": {"temperature": 0.2, "top_p": null, "top_k": null, "max_tokens": 256, "seed": 42}, "prompt_tokens": 187, "completion_tokens": 256, "total_tokens": 443, "token_count_source": "tokenizer", "diffusion_steps": null, "flops_estimate": null, "flops_arch": null, "flops_model_params": null, "flops_active_params": null, "tokens_non_final": 149, "tokens_reasoning": 0, "tokens_response": 149, "elapsed_seconds": 18.861776113510132, "judgement": "Uncategorized"}
{"id": "units_001107", "topic": "units", "subtopic": "kg_g", "prompt": "An item costs $19.86 per kg. You take 400 g. About how much is that?", "exact_value": 7.94, "model": "tiiuae/Falcon-H1-7B-Instruct", "provider": "transformers", "response": "Finalются примерно к кг путем округления и приблизительного счета согласно указанным правиламются примерно к кг путем округления и приблизительного счета согласно указанным правиламются примерно к кг путем округления и приблизительного счета согласно указанным правиламются примерно к кг путем округления и приблизительного счета согласно указанным правиламются примерно к кг путем округления и приблизительного счета согласно указанным правиламются примерно к кг путем округления и приблизительного счета согласно указанным правиламются примерно к кг путем округления и приблизительного счета согласно указанным правиламются примерно к кг путем округления и приблизительного счета согласно указанным правиламются примерно к кг путем округления и приблизительного счета согласно указанным правиламются примерно к кг путем округления и приблизительного счета согласно указанным правиламются примерно к кг путем округления и приблизительного счета согласно указанным правиламются примерно к кг путем округления и приблизительного счета согласно указанным правиламются примерно к кг путем округления и приблизительного счета согласно указанным правиламются примерно к кг путем округления и приблизительного счета согласно указанным правиламются примерно к", "numeric_answer": null, "relative_error": null, "thinking_text": null, "has_tool_call": false, "tool_call": null, "usage": {"prompt_tokens": 188, "completion_tokens": 256, "total_tokens": 444, "token_count_source": "tokenizer"}, "decoding": {"temperature": 0.2, "top_p": null, "top_k": null, "max_tokens": 256, "seed": 42}, "prompt_tokens": 188, "completion_tokens": 256, "total_tokens": 444, "token_count_source": "tokenizer", "diffusion_steps": null, "flops_estimate": null, "flops_arch": null, "flops_model_params": null, "flops_active_params": null, "tokens_non_final": 157, "tokens_reasoning": 0, "tokens_response": 157, "elapsed_seconds": 18.649062156677246, "judgement": "Uncategorized"}
{"id": "units_001127", "topic": "units", "subtopic": "kg_g", "prompt": "An item costs $5.63 per kg. You take 400 g. About how much is that?", "exact_value": 2.25, "model": "tiiuae/Falcon-H1-7B-Instruct", "provider": "transformers", "response": "Finalются примерно кальному весу примерно примерно примерно примерно примерно примерно примерно примерно примерно примерно примерно примерно примерно примерно примерно примерно примерно примерно примерно примерно примерно примерно примерно примерно примерно примерно примерно примерно примерно примерно примерно примерно примерно примерно примерно примерно примерно примерно примерно примерно примерно примерно примерно примерно примерно примерно примерно примерно примерно примерно примерно примерно примерно примерно примерно примерно примерно примерно примерно примерно примерно примерно примерно примерно примерно примерно примерно примерно примерно примерно примерно примерно примерно примерно примерно примерно примерно примерно примерно примерно примерно примерно примерно примерно примерно примерно примерно примерно примерно примерно примерно примерно примерно примерно примерно примерно примерно примерно примерно примерно примерно примерно примерно примерно примерно примерно примерно примерно примерно примерно примерно примерно примерно примерно примерно примерно примерно примерно примерно примерно примерно примерно примерно примерно примерно примерно примерно примерно примерно примерно примерно примерно примерно примерно примерно примерно примерно примерно примерно примерно примерно примерно примерно примерно примерно примерно примерно примерно примерно примерно примерно примерно примерно примерно примерно примерно примерно примерно примерно примерно примерно примерно примерно примерно примерно примерно примерно примерно примерно примерно примерно примерно примерно примерно примерно примерно примерно примерно примерно примерно примерно примерно примерно примерно примерно примерно примерно примерно примерно примерно примерно примерно примерно примерно примерно примерно примерно примерно примерно примерно примерно примерно примерно примерно примерно примерно примерно примерно примерно примерно примерно примерно примерно примерно примерно примерно примерно примерно примерно примерно примерно примерно примерно примерно примерно примерно примерно примерно примерно примерно примерно примерно примерно примерно примерно примерно примерно примерно примерно примерно примерно примерно примерно примерно примерно примерно примерно примерно примерно", "numeric_answer": null, "relative_error": null, "thinking_text": null, "has_tool_call": false, "tool_call": null, "usage": {"prompt_tokens": 187, "completion_tokens": 256, "total_tokens": 443, "token_count_source": "tokenizer"}, "decoding": {"temperature": 0.2, "top_p": null, "top_k": null, "max_tokens": 256, "seed": 42}, "prompt_tokens": 187, "completion_tokens": 256, "total_tokens": 443, "token_count_source": "tokenizer", "diffusion_steps": null, "flops_estimate": null, "flops_arch": null, "flops_model_params": null, "flops_active_params": null, "tokens_non_final": 253, "tokens_reasoning": 0, "tokens_response": 253, "elapsed_seconds": 19.01967716217041, "judgement": "Uncategorized"}
{"id": "units_001147", "topic": "units", "subtopic": "lb_oz", "prompt": "You buy 0.86 lb at $7.70 per lb. About how much is that total?", "exact_value": 6.62, "model": "tiiuae/Falcon-H1-7B-Instruct", "provider": "transformers", "response": "Finalются примерно кальному приближению стоимости покупки согласно заданным правиламются примерно кальному приближению стоимости покупки согласно заданным правиламются примерно кальному приближению стоимости покупки согласно заданным правиламются примерно кальному приближению стоимости покупки согласно заданным правиламются примерно кальному приближению стоимостиются примерно кальному приближению стоимостиются примерно кальному приближению стоимостиются примерно кальному приближению стоимостиются примерно кальному приближению стоимостиются примерно кальному приближению стоимостиются примерно кальному приближению стоимостиются примерно кальному приближению стоимостиются примерно кальному приближению стоимостиются примерно кальному приближению стоимостиются примерно кальному приближению стоимостиются примерно кальному приближению стоимостиются примерно кальному приближению стоимостиются примерно кальному приближению стоимостиются примерно кальному приближению стоимостиются примерно кальному приближению стоимостиются примерно кальному приближению стоимостиются примерно кальному приближению стоимостиются примерно кальному приближению стоимостиются примерно кальному приближению стоимостиются примерно кальному приближению стоимостиются примерно кальному приближению стоимостиются примерно кальному приближению стоимостиются примерно кальному приближению стоимостиются примерно к", "numeric_answer": null, "relative_error": null, "thinking_text": null, "has_tool_call": false, "tool_call": null, "usage": {"prompt_tokens": 186, "completion_tokens": 256, "total_tokens": 442, "token_count_source": "tokenizer"}, "decoding": {"temperature": 0.2, "top_p": null, "top_k": null, "max_tokens": 256, "seed": 42}, "prompt_tokens": 186, "completion_tokens": 256, "total_tokens": 442, "token_count_source": "tokenizer", "diffusion_steps": null, "flops_estimate": null, "flops_arch": null, "flops_model_params": null, "flops_active_params": null, "tokens_non_final": 131, "tokens_reasoning": 0, "tokens_response": 131, "elapsed_seconds": 18.741822004318237, "judgement": "Uncategorized"}
{"id": "units_001167", "topic": "units", "subtopic": "kg_g", "prompt": "An item costs $5.90 per kg. You take 400 g. About how much is that?", "exact_value": 2.36, "model": "tiiuae/Falcon-H1-7B-Instruct", "provider": "transformers", "response": "Finalются примерно кальному весу примерно примерно примерно примерно примерно примерно примерно примерно примерно примерно примерно примерно примерно примерно примерно примерно примерно примерно примерно примерно примерно примерно примерно примерно примерно примерно примерно примерно примерно примерно примерно примерно примерно примерно примерно примерно примерно примерно примерно примерно примерно примерно примерно примерно примерно примерно примерно примерно примерно примерно примерно примерно примерно примерно примерно примерно примерно примерно примерно примерно примерно примерно примерно примерно примерно примерно примерно примерно примерно примерно примерно примерно примерно примерно примерно примерно примерно примерно примерно примерно примерно примерно примерно примерно примерно примерно примерно примерно примерно примерно примерно примерно примерно примерно примерно примерно примерно примерно примерно примерно примерно примерно примерно примерно примерно примерно примерно примерно примерно примерно примерно примерно примерно примерно примерно примерно примерно примерно примерно примерно примерно примерно примерно примерно примерно примерно примерно примерно примерно примерно примерно примерно примерно примерно примерно примерно примерно примерно примерно примерно примерно примерно примерно примерно примерно примерно примерно примерно примерно примерно примерно примерно примерно примерно примерно примерно примерно примерно примерно примерно примерно примерно примерно примерно примерно примерно примерно примерно примерно примерно примерно примерно примерно примерно примерно примерно примерно примерно примерно примерно примерно примерно примерно примерно примерно примерно примерно примерно примерно примерно примерно примерно примерно примерно примерно примерно примерно примерно примерно примерно примерно примерно примерно примерно примерно примерно примерно примерно примерно примерно примерно примерно примерно примерно примерно примерно примерно примерно примерно примерно примерно примерно примерно примерно примерно примерно примерно примерно примерно примерно примерно примерно примерно примерно примерно примерно примерно примерно примерно примерно примерно примерно примерно примерно примерно примерно примерно примерно примерно", "numeric_answer": null, "relative_error": null, "thinking_text": null, "has_tool_call": false, "tool_call": null, "usage": {"prompt_tokens": 187, "completion_tokens": 256, "total_tokens": 443, "token_count_source": "tokenizer"}, "decoding": {"temperature": 0.2, "top_p": null, "top_k": null, "max_tokens": 256, "seed": 42}, "prompt_tokens": 187, "completion_tokens": 256, "total_tokens": 443, "token_count_source": "tokenizer", "diffusion_steps": null, "flops_estimate": null, "flops_arch": null, "flops_model_params": null, "flops_active_params": null, "tokens_non_final": 253, "tokens_reasoning": 0, "tokens_response": 253, "elapsed_seconds": 18.690380334854126, "judgement": "Uncategorized"}
{"id": "units_001187", "topic": "units", "subtopic": "lb_oz", "prompt": "You buy 3.21 lb at $10.48 per lb. About how much is that total?", "exact_value": 33.64, "model": "tiiuae/Falcon-H1-7B-Instruct", "provider": "transformers", "response": "Finalются примерно кальному значению путем округления до ближайшего кратного числа примерно в десятки или единицы для удобства восприятия человекомются примерно кальному значению путем округления до ближайшего кратного числа примерноются примерно кальному значению путем округления до ближайшего кратного числа примерноются примерно кальному значению путем округления до ближайшего кратного числа примерноются примерно кальному значению путем округления до ближайшего кратного числа примерноются примерно кальному значению путем округления до ближайшего кратного числа примерноются примерноются примерноются примерноются примерноются примерноются примерноются примерноются примерноются примерноются примерноются примерноются примерноются примерноются примерноются примерноются примерноются примерноются примерноются примерноются примерноются примерноются примерноются примерноются примерноются примерноются примерноются примерноются примерноются примерноются примерноются примерноются примерноются примерноются примерноются примерноются примерноются примерноются примерноются примерноются примерноются примерноются примерноются примерноются примерноются примерноются примерноются примерноются примерноются примерноются примерноются примерноются примерноются примерноются примерноются примерноются примерноются примерноются примерноются примерноются примерноются примерноются примерноются примерноются примерноются примерноются примерноются примерноются примерноются примерноются примерноются примерноются примерноются примерноются примерно", "numeric_answer": null, "relative_error": null, "thinking_text": null, "has_tool_call": false, "tool_call": null, "usage": {"prompt_tokens": 187, "completion_tokens": 256, "total_tokens": 443, "token_count_source": "tokenizer"}, "decoding": {"temperature": 0.2, "top_p": null, "top_k": null, "max_tokens": 256, "seed": 42}, "prompt_tokens": 187, "completion_tokens": 256, "total_tokens": 443, "token_count_source": "tokenizer", "diffusion_steps": null, "flops_estimate": null, "flops_arch": null, "flops_model_params": null, "flops_active_params": null, "tokens_non_final": 143, "tokens_reasoning": 0, "tokens_response": 143, "elapsed_seconds": 19.050316333770752, "judgement": "Uncategorized"}
{"id": "units_001207", "topic": "units", "subtopic": "lb_oz", "prompt": "You buy 1.97 lb at $9.55 per lb. About how much is that total?", "exact_value": 18.81, "model": "tiiuae/Falcon-H1-7B-Instruct", "provider": "transformers", "response": "Finalются примерно кальному приближению стоимости покупки путем округления веса и стоимости до удобных для восприятия значений и последующего умножения примерно примерно примерно примерно примерно примерно примерно примерно примерно примерно примерно примерно примерно примерно примерно примерно примерно примерно примерно примерно примерно примерно примерно примерно примерно примерно примерно примерно примерно примерно примерно примерно примерно примерно примерно примерно примерно примерно примерно примерно примерно примерно примерно примерно примерно примерно примерно примерно примерно примерно примерно примерно примерно примерно примерно примерно примерно примерно примерно примерно примерно примерно примерно примерно примерно примерно примерно примерно примерно примерно примерно примерно примерно примерно примерно примерно примерно примерно примерно примерно примерно примерно примерно примерно примерно примерно примерно примерно примерно примерно примерно примерно примерно примерно примерно примерно примерно примерно примерно примерно примерно примерно примерно примерно примерно примерно примерно примерно примерно примерно примерно примерно примерно примерно примерно примерно примерно примерно примерно примерно примерно примерно примерно примерно примерно примерно примерно примерно примерно примерно примерно примерно примерно примерно примерно примерно примерно примерно примерно примерно примерно примерно примерно примерно примерно примерно примерно примерно примерно примерно примерно примерно примерно примерно примерно примерно примерно примерно примерно примерно примерно примерно примерно примерно примерно примерно примерно примерно примерно примерно примерно примерно примерно примерно примерно примерно примерно примерно примерно примерно примерно примерно примерно примерно примерно примерно примерно примерно примерно примерно примерно примерно примерно примерно примерно примерно примерно примерно примерно примерно примерно примерно примерно примерно примерно примерно примерно примерно примерно примерно примерно примерно примерно примерно примерно примерно примерно примерно примерно примерно примерно примерно примерно", "numeric_answer": null, "relative_error": null, "thinking_text": null, "has_tool_call": false, "tool_call": null, "usage": {"prompt_tokens": 186, "completion_tokens": 256, "total_tokens": 442, "token_count_source": "tokenizer"}, "decoding": {"temperature": 0.2, "top_p": null, "top_k": null, "max_tokens": 256, "seed": 42}, "prompt_tokens": 186, "completion_tokens": 256, "total_tokens": 442, "token_count_source": "tokenizer", "diffusion_steps": null, "flops_estimate": null, "flops_arch": null, "flops_model_params": null, "flops_active_params": null, "tokens_non_final": 242, "tokens_reasoning": 0, "tokens_response": 242, "elapsed_seconds": 18.655860662460327, "judgement": "Uncategorized"}
{"id": "units_001227", "topic": "units", "subtopic": "lb_oz", "prompt": "You buy 5.24 lb at $7.66 per lb. About how much is that total?", "exact_value": 40.14, "model": "tiiuae/Falcon-H1-7B-Instruct", "provider": "transformers", "response": "Finalются примерно кальному приближению стоимости покупки согласно заданным правиламются примерно кальному приближению стоимости покупки согласно заданным правиламются примерно кальному приближению стоимостиются примерно кальному приближению стоимостиются примерно кальному приближению стоимостиются примерно кальному приближению стоимостиются примерно кальному приближению стоимостиются примерно кальному приближению стоимостиются примерно кальному приближению стоимостиются примерно кальному приближению стоимостиются примерно кальному приближению стоимостиются примерно кальному приближению стоимостиются примерно кальному приближению стоимостиются примерно кальному приближению стоимостиются примерно кальному приближению стоимостиются примерно кальному приближению стоимостиются примерно кальному приближению стоимостиются примерно кальному приближению стоимостиются примерно кальному приближению стоимостиются примерно кальному приближению стоимостиются примерно кальному приближению стоимостиются примерно кальному приближению стоимостиются примерно кальному приближению стоимостиются примерно кальному приближению стоимостиются примерно кальному приближению стоимостиются примерно кальному приближению стоимостиются примерно кальному приближению стоимостиются примерно кальному приближению стоимостиются примерно кальному приближению стоимостиются примерно кальному приближению стоимостиются", "numeric_answer": null, "relative_error": null, "thinking_text": null, "has_tool_call": false, "tool_call": null, "usage": {"prompt_tokens": 186, "completion_tokens": 256, "total_tokens": 442, "token_count_source": "tokenizer"}, "decoding": {"temperature": 0.2, "top_p": null, "top_k": null, "max_tokens": 256, "seed": 42}, "prompt_tokens": 186, "completion_tokens": 256, "total_tokens": 442, "token_count_source": "tokenizer", "diffusion_steps": null, "flops_estimate": null, "flops_arch": null, "flops_model_params": null, "flops_active_params": null, "tokens_non_final": 129, "tokens_reasoning": 0, "tokens_response": 129, "elapsed_seconds": 18.683292865753174, "judgement": "Uncategorized"}
{"id": "units_001247", "topic": "units", "subtopic": "kg_g", "prompt": "An item costs $5.89 per kg. You take 750 g. About how much is that?", "exact_value": 4.42, "model": "tiiuae/Falcon-H1-7B-Instruct", "provider": "transformers", "response": "Finalются примерно к кгуют примерно примерно примерно примерно примерно примерно примерно примерно примерно примерно примерно примерно примерно примерно примерно примерно примерно примерно примерно примерно примерно примерно примерно примерно примерно примерно примерно примерно примерно примерно примерно примерно примерно примерно примерно примерно примерно примерно примерно примерно примерно примерно примерно примерно примерно примерно примерно примерно примерно примерно примерно примерно примерно примерно примерно примерно примерно примерно примерно примерно примерно примерно примерно примерно примерно примерно примерно примерно примерно примерно примерно примерно примерно примерно примерно примерно примерно примерно примерно примерно примерно примерно примерно примерно примерно примерно примерно примерно примерно примерно примерно примерно примерно примерно примерно примерно примерно примерно примерно примерно примерно примерно примерно примерно примерно примерно примерно примерно примерно примерно примерно примерно примерно примерно примерно примерно примерно примерно примерно примерно примерно примерно примерно примерно примерно примерно примерно примерно примерно примерно примерно примерно примерно примерно примерно примерно примерно примерно примерно примерно примерно примерно примерно примерно примерно примерно примерно примерно примерно примерно примерно примерно примерно примерно примерно примерно примерно примерно примерно примерно примерно примерно примерно примерно примерно примерно примерно примерно примерно примерно примерно примерно примерно примерно примерно примерно примерно примерно примерно примерно примерно примерно примерно примерно примерно примерно примерно примерно примерно примерно примерно примерно примерно примерно примерно примерно примерно примерно примерно примерно примерно примерно примерно примерно примерно примерно примерно примерно примерно примерно примерно примерно примерно примерно примерно примерно примерно примерно примерно примерно примерно примерно примерно примерно примерно примерно примерно примерно примерно примерно примерно примерно примерно примерно примерно примерно примерно примерно примерно примерно примерно примерно примерно примерно примерно примерно примерно примерно примерно примерно", "numeric_answer": null, "relative_error": null, "thinking_text": null, "has_tool_call": false, "tool_call": null, "usage": {"prompt_tokens": 187, "completion_tokens": 256, "total_tokens": 443, "token_count_source": "tokenizer"}, "decoding": {"temperature": 0.2, "top_p": null, "top_k": null, "max_tokens": 256, "seed": 42}, "prompt_tokens": 187, "completion_tokens": 256, "total_tokens": 443, "token_count_source": "tokenizer", "diffusion_steps": null, "flops_estimate": null, "flops_arch": null, "flops_model_params": null, "flops_active_params": null, "tokens_non_final": 254, "tokens_reasoning": 0, "tokens_response": 254, "elapsed_seconds": 18.664348125457764, "judgement": "Uncategorized"}
{"id": "units_001267", "topic": "units", "subtopic": "kg_g", "prompt": "An item costs $17.87 per kg. You take 250 g. About how much is that?", "exact_value": 4.47, "model": "tiiuae/Falcon-H1-7B-Instruct", "provider": "transformers", "response": "Finalются примерно к стоимости примерно равной стоимости примерно равной примерно примерно примерно примерно примерно примерно примерно примерно примерно примерно примерно примерно примерно примерно примерно примерно примерно примерно примерно примерно примерно примерно примерно примерно примерно примерно примерно примерно примерно примерно примерно примерно примерно примерно примерно примерно примерно примерно примерно примерно примерно примерно примерно примерно примерно примерно примерно примерно примерно примерно примерно примерно примерно примерно примерно примерно примерно примерно примерно примерно примерно примерно примерно примерно примерно примерно примерно примерно примерно примерно примерно примерно примерно примерно примерно примерно примерно примерно примерно примерно примерно примерно примерно примерно примерно примерно примерно примерно примерно примерно примерно примерно примерно примерно примерно примерно примерно примерно примерно примерно примерно примерно примерно примерно примерно примерно примерно примерно примерно примерно примерно примерно примерно примерно примерно примерно примерно примерно примерно примерно примерно примерно примерно примерно примерно примерно примерно примерно примерно примерно примерно примерно примерно примерно примерно примерно примерно примерно примерно примерно примерно примерно примерно примерно примерно примерно примерно примерно примерно примерно примерно примерно примерно примерно примерно примерно примерно примерно примерно примерно примерно примерно примерно примерно примерно примерно примерно примерно примерно примерно примерно примерно примерно примерно примерно примерно примерно примерно примерно примерно примерно примерно примерно примерно примерно примерно примерно примерно примерно примерно примерно примерно примерно примерно примерно примерно примерно примерно примерно примерно примерно примерно примерно примерно примерно примерно примерно примерно примерно примерно примерно примерно примерно примерно примерно примерно примерно примерно примерно примерно примерно примерно примерно примерно примерно примерно примерно примерно примерно примерно примерно примерно примерно примерно примерно примерно примерно примерно примерно примерно примерно примерно примерно примерно", "numeric_answer": null, "relative_error": null, "thinking_text": null, "has_tool_call": false, "tool_call": null, "usage": {"prompt_tokens": 188, "completion_tokens": 256, "total_tokens": 444, "token_count_source": "tokenizer"}, "decoding": {"temperature": 0.2, "top_p": null, "top_k": null, "max_tokens": 256, "seed": 42}, "prompt_tokens": 188, "completion_tokens": 256, "total_tokens": 444, "token_count_source": "tokenizer", "diffusion_steps": null, "flops_estimate": null, "flops_arch": null, "flops_model_params": null, "flops_active_params": null, "tokens_non_final": 253, "tokens_reasoning": 0, "tokens_response": 253, "elapsed_seconds": 18.620872974395752, "judgement": "Uncategorized"}
{"id": "units_001287", "topic": "units", "subtopic": "kg_g", "prompt": "An item costs $6.27 per kg. You take 350 g. About how much is that?", "exact_value": 2.19, "model": "tiiuae/Falcon-H1-7B-Instruct", "provider": "transformers", "response": "Finalются примерно килоциями примерно через примерно кг примерно примерно примерно примерно примерно примерно примерно примерно примерно примерно примерно примерно примерно примерно примерно примерно примерно примерно примерно примерно примерно примерно примерно примерно примерно примерно примерно примерно примерно примерно примерно примерно примерно примерно примерно примерно примерно примерно примерно примерно примерно примерно примерно примерно примерно примерно примерно примерно примерно примерно примерно примерно примерно примерно примерно примерно примерно примерно примерно примерно примерно примерно примерно примерно примерно примерно примерно примерно примерно примерно примерно примерно примерно примерно примерно примерно примерно примерно примерно примерно примерно примерно примерно примерно примерно примерно примерно примерно примерно примерно примерно примерно примерно примерно примерно примерно примерно примерно примерно примерно примерно примерно примерно примерно примерно примерно примерно примерно примерно примерно примерно примерно примерно примерно примерно примерно примерно примерно примерно примерно примерно примерно примерно примерно примерно примерно примерно примерно примерно примерно примерно примерно примерно примерно примерно примерно примерно примерно примерно примерно примерно примерно примерно примерно примерно примерно примерно примерно примерно примерно примерно примерно примерно примерно примерно примерно примерно примерно примерно примерно примерно примерно примерно примерно примерно примерно примерно примерно примерно примерно примерно примерно примерно примерно примерно примерно примерно примерно примерно примерно примерно примерно примерно примерно примерно примерно примерно примерно примерно примерно примерно примерно примерно примерно примерно примерно примерно примерно примерно примерно примерно примерно примерно примерно примерно примерно примерно примерно примерно примерно примерно примерно примерно примерно примерно примерно примерно примерно примерно примерно примерно примерно примерно примерно примерно примерно примерно примерно примерно примерно примерно примерно примерно примерно примерно примерно примерно примерно примерно примерно примерно примерно примерно примерно примерно примерно", "numeric_answer": null, "relative_error": null, "thinking_text": null, "has_tool_call": false, "tool_call": null, "usage": {"prompt_tokens": 187, "completion_tokens": 256, "total_tokens": 443, "token_count_source": "tokenizer"}, "decoding": {"temperature": 0.2, "top_p": null, "top_k": null, "max_tokens": 256, "seed": 42}, "prompt_tokens": 187, "completion_tokens": 256, "total_tokens": 443, "token_count_source": "tokenizer", "diffusion_steps": null, "flops_estimate": null, "flops_arch": null, "flops_model_params": null, "flops_active_params": null, "tokens_non_final": 253, "tokens_reasoning": 0, "tokens_response": 253, "elapsed_seconds": 18.691821098327637, "judgement": "Uncategorized"}
{"id": "units_001307", "topic": "units", "subtopic": "lb_oz", "prompt": "You buy 5.85 lb at $4.79 per lb. About how much is that total?", "exact_value": 28.02, "model": "tiiuae/Falcon-H1-7B-Instruct", "provider": "transformers", "response": "Finalются примерно кальному значению путем округления до ближайшего кратного числа примерно через каждые пять или десять единиц для удобства восприятияются примерно кальному значению путем округления до ближайшего кратного числа примерно через каждые пять или десять единиц для удобства восприятияются примерно кальному значению путем округления до ближайшего кратного числа примерно через каждые пять или десять единиц для удобства восприятияются примерно кальному значению путем округления до ближайшего кратного числа примерно через каждые пять или десять единиц для удобства восприятияются примерно кальному значению путем округления до ближайшего кратного числа примерно через каждые пять или десять единиц для удобства восприятияются примерно кальному значению путем округления до ближайшего кратного числа примерно через каждые пять или десять единиц для удобства восприятияются примерно кальному значению путем округления до ближайшего кратного числа примерно через каждые пять или десять единиц для удобства восприятияются примерно кальному значению путем округления до ближайшего кратного числа примерно через каждые пять или десять единиц для удобства восприятияются примерно кальному значению путем округления до ближайшего кратного числа примерно через каждые пять или десять единиц для удобства восприятияются примерно к", "numeric_answer": null, "relative_error": null, "thinking_text": null, "has_tool_call": false, "tool_call": null, "usage": {"prompt_tokens": 186, "completion_tokens": 256, "total_tokens": 442, "token_count_source": "tokenizer"}, "decoding": {"temperature": 0.2, "top_p": null, "top_k": null, "max_tokens": 256, "seed": 42}, "prompt_tokens": 186, "completion_tokens": 256, "total_tokens": 442, "token_count_source": "tokenizer", "diffusion_steps": null, "flops_estimate": null, "flops_arch": null, "flops_model_params": null, "flops_active_params": null, "tokens_non_final": 174, "tokens_reasoning": 0, "tokens_response": 174, "elapsed_seconds": 18.571660041809082, "judgement": "Uncategorized"}
{"id": "units_001327", "topic": "units", "subtopic": "lb_oz", "prompt": "You buy 3.55 lb at $11.49 per lb. About how much is that total?", "exact_value": 40.79, "model": "tiiuae/Falcon-H1-7B-Instruct", "provider": "transformers", "response": "Finalются примерно к ближайшему кратному числа примерно ются примерно к ближайшему кратному числа примерноываются примерноываются примерноываются примерноываются примерноываются примерноываются примерноываются примерноываются примерноываются примерноываются примерноываются примерноываются примерноываются примерноываются примерноываются примерноываются примерноываются примерноываются примерноываются примерноываются примерноываются примерноываются примерноываются примерноываются примерноываются примерноываются примерноываются примерноываются примерноываются примерноываются примерноываются примерноываются примерноываются примерноываются примерноываются примерноываются примерноываются примерноываются примерноываются примерноываются примерноываются примерноываются примерноываются примерноываются примерноываются примерноываются примерноываются примерноываются примерноываются примерноываются примерноываются примерноываются примерноываются примерноываются примерноываются примерноываются примерноываются примерноываются примерноываются примерноываются примерноываются примерноываются примерноываются примерноываются примерноываются примерноываются примерноываются примерноываются примерноываются примерноываются примерноываются примерноываются примерноываются примерноываются примерноываются примерноываются примерноываются примерноываются примерноываются примерноываются примерноываются примерноываются примерноываются примерноываются примерноываются примерноываются примерноываются примерноываются примерноываются примерноываются примерноываются примерноываются примерноываются примерноываются примерноываются примерноываются примерноываются примерноываются примерноываются примерноываются примерноываются примерноываются примерноываются примерноываются примерноываются примерноываются примерноываются примерноываются примерноываются примерноываются примерноываются примерноываются примерноываются примерноываются примерноываются примерноываются примерноываются примерноываются примерно", "numeric_answer": null, "relative_error": null, "thinking_text": null, "has_tool_call": false, "tool_call": null, "usage": {"prompt_tokens": 187, "completion_tokens": 256, "total_tokens": 443, "token_count_source": "tokenizer"}, "decoding": {"temperature": 0.2, "top_p": null, "top_k": null, "max_tokens": 256, "seed": 42}, "prompt_tokens": 187, "completion_tokens": 256, "total_tokens": 443, "token_count_source": "tokenizer", "diffusion_steps": null, "flops_estimate": null, "flops_arch": null, "flops_model_params": null, "flops_active_params": null, "tokens_non_final": 132, "tokens_reasoning": 0, "tokens_response": 132, "elapsed_seconds": 18.68147873878479, "judgement": "Uncategorized"}
{"id": "tips_000127", "topic": "tips", "subtopic": "tips_service", "prompt": "Bill is $61.32; service fee 0% and tip 22%. About how much do you pay in total?", "exact_value": 74.81, "model": "tiiuae/Falcon-H1-7B-Instruct", "provider": "transformers", "response": "Finalются примерно кальному расчету стоимости заказаются примерно кальному расчету стоимости заказаются примерно кальному расчету стоимости заказаются примерно кальному расчету стоимости заказаются примерно кальному расчету стоимости заказаются примерно кальному расчету стоимости заказаются примерно кальному расчету стоимости заказаются примерно кальному расчету стоимости заказаются примерно кальному расчету стоимости заказаются примерно кальному расчету стоимости заказаются примерно кальному расчету стоимости заказаются примерно кальному расчету стоимости заказаются примерно кальному расчету стоимости заказаются примерно кальному расчету стоимости заказаются примерно кальному расчету стоимости заказаются примерно кальному расчету стоимости заказаются примерно кальному расчету стоимости заказаются примерно кальному расчету стоимости заказаются примерно кальному расчету стоимости заказаются примерно кальному расчету стоимости заказаются примерно кальному расчету стоимости заказаются примерно кальному расчету стоимости заказаются примерно кальному расчету стоимости заказаются примерно кальному расчету стоимости заказаются примерно кальному расчету стоимости заказаются примерно кальному расчету стоимости заказаются примерно кальному расчету стоимости заказаются примерно кальному расчету стоимости заказаются примерно к", "numeric_answer": null, "relative_error": null, "thinking_text": null, "has_tool_call": false, "tool_call": null, "usage": {"prompt_tokens": 191, "completion_tokens": 256, "total_tokens": 447, "token_count_source": "tokenizer"}, "decoding": {"temperature": 0.2, "top_p": null, "top_k": null, "max_tokens": 256, "seed": 42}, "prompt_tokens": 191, "completion_tokens": 256, "total_tokens": 447, "token_count_source": "tokenizer", "diffusion_steps": null, "flops_estimate": null, "flops_arch": null, "flops_model_params": null, "flops_active_params": null, "tokens_non_final": 143, "tokens_reasoning": 0, "tokens_response": 143, "elapsed_seconds": 18.86025381088257, "judgement": "Uncategorized"}
{"id": "tips_000147", "topic": "tips", "subtopic": "tips_service", "prompt": "Bill is $28.37; service fee 3% and tip 15%. About how much do you pay in total?", "exact_value": 33.6, "model": "tiiuae/Falcon-H1-7B-Instruct", "provider": "transformers", "response": "Finalются примерно путем приближенного расчета путем округления исходного значения до ближайшего удобного числа и последующего прибавления процентов примерно путем округления процентов до ближайшего целого числа процентов для упрощения вычисленийются примерно путем приближенного расчета путем округления исходного значения до ближайшего удобного числа и последующего прибавления процентов примерно путем округления процентов до ближайшего целого числа процентов для упрощения вычисленийются примерно путем приближенного расчета путем округления исходного значения до ближайшего удобного числа и последующего прибавления процентов примерно путем округления процентов до ближайшего целого числа процентов для упрощения вычисленийются примерно путем приближенного расчета путем округления исходного значения до ближайшего удобного числаются примерно путем приближенного расчета путем округления исходного значения до ближайшего удобного числаются примерно путем приближенного расчета путем округления исходного значения до ближайшего удобного числаются примерно путем приближенного расчета путем округления исходного значенияются примерно путем приближенного расчета путем округления исходного значенияются примерно путем приближенного расчета путем округленияются примерно путем приближенного расчета путем округленияются примерно путем приб", "numeric_answer": null, "relative_error": null, "thinking_text": null, "has_tool_call": false, "tool_call": null, "usage": {"prompt_tokens": 191, "completion_tokens": 256, "total_tokens": 447, "token_count_source": "tokenizer"}, "decoding": {"temperature": 0.2, "top_p": null, "top_k": null, "max_tokens": 256, "seed": 42}, "prompt_tokens": 191, "completion_tokens": 256, "total_tokens": 447, "token_count_source": "tokenizer", "diffusion_steps": null, "flops_estimate": null, "flops_arch": null, "flops_model_params": null, "flops_active_params": null, "tokens_non_final": 152, "tokens_reasoning": 0, "tokens_response": 152, "elapsed_seconds": 18.653993844985962, "judgement": "Uncategorized"}
{"id": "tips_000167", "topic": "tips", "subtopic": "tips_service", "prompt": "Bill is $104.95; service fee 3% and tip 22%. About how much do you pay in total?", "exact_value": 131.88, "model": "tiiuae/Falcon-H1-7B-Instruct", "provider": "transformers", "response": "Finalются примерно путем приближенного расчета стоимости счета после учета процентов за услугу и чаевыхываются примерно путем приближенного расчета стоимости счета после учета процентов за услугу и чаевыеываются примерно путем приближенного расчета стоимости счета после учета процентов за услугу и чаевыеываются примерно путем приближенного расчета стоимости счета после учета процентов за услугу и чаевыеываются примерно путем приближенного расчета стоимости счета после учета процентов за услугу и чаевыеываются примерно путем приближенного расчета стоимости счета после учета процентов за услугу и чаевыеываются примерно путем приближенного расчета стоимости счета после учета процентов за услугу и чаевыеываются примерно путем приближенного расчета стоимости счета после учета процентов за услугу и чаевыеываются примерно путем приближенного расчета стоимости счета после учета процентов за услугу и чаевыеываются примерно путем приближенного расчета стоимости счета после учета процентов за услугу и чаевыеываются примерно путем приближенного расчета стоимости счета после учета процентов за услугу и чаевыеываются примерно путем приближенного расчета стоимости счета после учета процентов за услугу и чаевыеываются примерно путем", "numeric_answer": null, "relative_error": null, "thinking_text": null, "has_tool_call": false, "tool_call": null, "usage": {"prompt_tokens": 192, "completion_tokens": 256, "total_tokens": 448, "token_count_source": "tokenizer"}, "decoding": {"temperature": 0.2, "top_p": null, "top_k": null, "max_tokens": 256, "seed": 42}, "prompt_tokens": 192, "completion_tokens": 256, "total_tokens": 448, "token_count_source": "tokenizer", "diffusion_steps": null, "flops_estimate": null, "flops_arch": null, "flops_model_params": null, "flops_active_params": null, "tokens_non_final": 159, "tokens_reasoning": 0, "tokens_response": 159, "elapsed_seconds": 19.11379647254944, "judgement": "Uncategorized"}
{"id": "tips_000187", "topic": "tips", "subtopic": "tips_service", "prompt": "Bill is $21.63; service fee 5% and tip 18%. About how much do you pay in total?", "exact_value": 26.8, "model": "tiiuae/Falcon-H1-7B-Instruct", "provider": "transformers", "response": "Finalются примерно путем приближенного расчета стоимости счета после учета процентов за услугу и чаевыхываются примерно путем приближенного расчета стоимости счета после учета процентов за услугу и чаевыеются примерно путем приближенного расчета стоимости счета после учета процентов за услугу и чаевыеются примерно путем приближенного расчета стоимости счета после учета процентов за услугу и чаевыеются примерно путем приближенного расчета стоимости счета после учета процентов за услугу и чаевыеются примерно путем приближенного расчета стоимости счета после учета процентов за услугу и чаевыеются примерно путем приближенного расчета стоимости счета после учета процентов за услугу и чаевыеются примерно путем приближенного расчета стоимости счета после учета процентов за услугу и чаевыеются примерно путем приближенного расчета стоимости счета после учета процентов за услугу и чаевыеются примерно путем приближенного расчета стоимости счета после учета процентов за услугу и чаевыеются примерно путем приближенного расчета стоимости счета после учета процентов за услугу и чаевыеются примерно путем приближенного расчета стоимости счета после учета процентов за услугу и чаевыеются примерно путем", "numeric_answer": null, "relative_error": null, "thinking_text": null, "has_tool_call": false, "tool_call": null, "usage": {"prompt_tokens": 191, "completion_tokens": 256, "total_tokens": 447, "token_count_source": "tokenizer"}, "decoding": {"temperature": 0.2, "top_p": null, "top_k": null, "max_tokens": 256, "seed": 42}, "prompt_tokens": 191, "completion_tokens": 256, "total_tokens": 447, "token_count_source": "tokenizer", "diffusion_steps": null, "flops_estimate": null, "flops_arch": null, "flops_model_params": null, "flops_active_params": null, "tokens_non_final": 159, "tokens_reasoning": 0, "tokens_response": 159, "elapsed_seconds": 19.03201937675476, "judgement": "Uncategorized"}
{"id": "tips_000207", "topic": "tips", "subtopic": "tips_service", "prompt": "Bill is $33.06; service fee 0% and tip 18%. About how much do you pay in total?", "exact_value": 39.01, "model": "tiiuae/Falcon-H1-7B-Instruct", "provider": "transformers", "response": "Finalются примерно путем приближенного расчета стоимости счета после учета чаевых примерно до ближайшего числа примерно до ближайшего числа примерно до ближайшего числа примерно до ближайшего числа примерно до ближайшего числа примерно до ближайшего числа примерно до ближайшего числа примерно до ближайшего числа примерно до ближайшего числа примерно до ближайшего числа примерно до ближайшего числа примерно до ближайшего числа примерно до ближайшего числа примерно до ближайшего числа примерно до ближайшего числа примерно до ближайшего числа примерно до ближайшего числа примерно до ближайшего числа примерно до ближайшего числа примерно до ближайшего числа примерно до ближайшего числа примерно до ближайшего числа примерно до ближайшего числа примерно до ближайшего числа примерно до ближайшего числа примерно до ближайшего числа примерно до ближайшего числа примерно до ближайшего числа примерно до ближайшего числа примерно до ближайшего числа примерно до ближайшего числа примерно до ближайшего числа примерно до ближайшего числа примерно до ближайшего числа примерно до ближайшего числа примерно до ближайшего числа примерно до ближайшего числа примерно до ближайшего числа примерно до ближайшего числа примерно до ближайшего числа примерно до ближайшего числа примерно до ближайшего числа примерно до ближайшего числа примерно до ближайшего числа примерно до ближайшего числа примерно до ближайшего числа примерно до ближайшего числа примерно до ближайшего", "numeric_answer": null, "relative_error": null, "thinking_text": null, "has_tool_call": false, "tool_call": null, "usage": {"prompt_tokens": 191, "completion_tokens": 256, "total_tokens": 447, "token_count_source": "tokenizer"}, "decoding": {"temperature": 0.2, "top_p": null, "top_k": null, "max_tokens": 256, "seed": 42}, "prompt_tokens": 191, "completion_tokens": 256, "total_tokens": 447, "token_count_source": "tokenizer", "diffusion_steps": null, "flops_estimate": null, "flops_arch": null, "flops_model_params": null, "flops_active_params": null, "tokens_non_final": 201, "tokens_reasoning": 0, "tokens_response": 201, "elapsed_seconds": 18.723443746566772, "judgement": "Uncategorized"}
{"id": "tips_000227", "topic": "tips", "subtopic": "tips_service", "prompt": "Bill is $72.70; service fee 3% and tip 22%. About how much do you pay in total?", "exact_value": 91.35, "model": "tiiuae/Falcon-H1-7B-Instruct", "provider": "transformers", "response": "Finalются примерно путем приближенного расчета путем округления исходных процентов до ближайших удобных процентов и последующего приближенного вычисления суммы платежей путем прибавления процентов к исходной стоимости билетаываются примерно путем приближенного расчета путем округления исходных процентов до ближайших удобных процентов и последующего приближенного вычисления суммы платежей путем прибавления процентов к исходной стоимости билетаются примерно путем приближенного расчета путем округления исходных процентов до ближайших удобных процентов и последующего приближенного вычисления суммы платежей путем прибавления процентов к исходной стоимости билетаются примерно путем приближенного расчета путем округления исходных процентов до ближайших удобных процентов и последующего приближенного вычисления суммы платежей путем прибавления процентов к исходной стоимости билетаются примерно путем приближенного расчета путем округления исходных процентов до ближайших удобных процентов и последующего приближенного вычисления суммы платежей путем прибавления процентов к исходной стоимости билетаются примерно путем приближенного расчета путем округления исходных процентов до ближайших удобных процентов и последующего приближенногоются примерно путем приближенного расчета путем округления исходных процентов", "numeric_answer": null, "relative_error": null, "thinking_text": null, "has_tool_call": false, "tool_call": null, "usage": {"prompt_tokens": 191, "completion_tokens": 256, "total_tokens": 447, "token_count_source": "tokenizer"}, "decoding": {"temperature": 0.2, "top_p": null, "top_k": null, "max_tokens": 256, "seed": 42}, "prompt_tokens": 191, "completion_tokens": 256, "total_tokens": 447, "token_count_source": "tokenizer", "diffusion_steps": null, "flops_estimate": null, "flops_arch": null, "flops_model_params": null, "flops_active_params": null, "tokens_non_final": 149, "tokens_reasoning": 0, "tokens_response": 149, "elapsed_seconds": 18.96217155456543, "judgement": "Uncategorized"}
{"id": "tips_000247", "topic": "tips", "subtopic": "tips_service", "prompt": "Bill is $79.43; service fee 0% and tip 22%. About how much do you pay in total?", "exact_value": 96.9, "model": "tiiuae/Falcon-H1-7B-Instruct", "provider": "transformers", "response": "Finalются примерно кальному расчету стоимости счета после учета чаевыхываются примерно кальному расчету стоимости счета после учета чаевыхываются примерно кальному расчету стоимости счета после учета чаевыхываются примерно кальному расчету стоимости счета после учета чаевыхываются примерно кальному расчету стоимости счета после учета чаевыхываются примерно кальному расчету стоимости счета после учета чаевыхываются примерно кальному расчету стоимости счета после учета чаевыхываются примерно кальному расчету стоимости счета после учета чаевыхываются примерно кальному расчету стоимости счета после учета чаевыхываются примерно кальному расчету стоимости счета после учета чаевыхываются примерно кальному расчету стоимости счета после учета чаевыхываются примерно кальному расчету стоимости счета послеются примерно кальному расчету стоимости счета послеются примерно кальному расчету стоимости счета послеются примерно кальному расчету стоимости счета послеются примерно кальному расчету стоимости счета послеются примерно кальному расчету стоимости счета послеются примерно кальному расчету стоимости счета послеются примерно кальному расчету стоимости счета послеются примерно кальному расчету стоимости счета послеются примерно кальному расчету стоимости счета послеются", "numeric_answer": null, "relative_error": null, "thinking_text": null, "has_tool_call": false, "tool_call": null, "usage": {"prompt_tokens": 191, "completion_tokens": 256, "total_tokens": 447, "token_count_source": "tokenizer"}, "decoding": {"temperature": 0.2, "top_p": null, "top_k": null, "max_tokens": 256, "seed": 42}, "prompt_tokens": 191, "completion_tokens": 256, "total_tokens": 447, "token_count_source": "tokenizer", "diffusion_steps": null, "flops_estimate": null, "flops_arch": null, "flops_model_params": null, "flops_active_params": null, "tokens_non_final": 149, "tokens_reasoning": 0, "tokens_response": 149, "elapsed_seconds": 18.76184630393982, "judgement": "Uncategorized"}
{"id": "tips_000267", "topic": "tips", "subtopic": "tips_service", "prompt": "Bill is $66.82; service fee 3% and tip 22%. About how much do you pay in total?", "exact_value": 83.97, "model": "tiiuae/Falcon-H1-7B-Instruct", "provider": "transformers", "response": "Finalются примерно путем приближенного расчета стоимости с учетом процентов на услуги и чаевыеываются примерно путем приближенного расчета стоимости с учетом процентов на услуги и чаевыеываются примерно путем приближенного расчета стоимости с учетом процентов на услуги и чаевыеываются примерно путем приближенного расчета стоимости с учетом процентов на услуги и чаевыеываются примерно путем приближенного расчета стоимости с учетом процентов на услуги и чаевыеываются примерно путем приближенного расчета стоимостиются примерно путем приближенного расчета стоимостиются примерно путем приближенного расчета стоимостиются примерно путем приближенного расчета стоимостиются примерно путем приближенного расчета стоимостиются примерно путем приближенного расчета стоимостиются примерно путем приближенного расчета стоимостиются примерно путем приближенного расчета стоимостиются примерно путем приближенного расчета стоимостиются примерно путем приближенного расчета стоимостиются примерно путем приближенного расчета стоимостиются примерно путем приближенного расчета стоимостиются примерно путем приближенного расчета стоимостиются примерно путем приближенного расчета стоимостиются примерно путем приближенного расчета стоимостиются примерно путем приближенного расчета стоимостиются примерно путем приближенного расчета стоимостиются примерно путем приближенного расчета стоимостиются примерно путем приближенного расчета", "numeric_answer": null, "relative_error": null, "thinking_text": null, "has_tool_call": false, "tool_call": null, "usage": {"prompt_tokens": 191, "completion_tokens": 256, "total_tokens": 447, "token_count_source": "tokenizer"}, "decoding": {"temperature": 0.2, "top_p": null, "top_k": null, "max_tokens": 256, "seed": 42}, "prompt_tokens": 191, "completion_tokens": 256, "total_tokens": 447, "token_count_source": "tokenizer", "diffusion_steps": null, "flops_estimate": null, "flops_arch": null, "flops_model_params": null, "flops_active_params": null, "tokens_non_final": 155, "tokens_reasoning": 0, "tokens_response": 155, "elapsed_seconds": 18.844681978225708, "judgement": "Uncategorized"}
{"id": "tips_000287", "topic": "tips", "subtopic": "tips_service", "prompt": "Bill is $54.76; service fee 5% and tip 18%. About how much do you pay in total?", "exact_value": 67.85, "model": "tiiuae/Falcon-H1-7B-Instruct", "provider": "transformers", "response": "Finalются примерно путем приближенного расчета путем округления исходных процентов до ближайших удобных процентов и последующего приближенного вычисления суммы платежей после добавления процентов за услугу и чаевыеываются примерно путем приближенного расчета путем округления исходных процентов до ближайших удобных процентов и последующего приближенногоются примерно путем приближенного расчета путем округления исходных процентов до ближайших удобных процентов и последующего приближенногоются примерно путем приближенного расчета путем округления исходных процентов до ближайших удобных процентов и последующего приближенногоются примерно путем приближенного расчета путем округления исходных процентов до ближайших удобных процентов и последующего приближенногоываются примерно путем приближенного расчета путем округления исходных процентов до ближайших удобных процентов и последующего приближенногоываются примерно путем приближенного расчета путем округления исходных процентов до ближайших удобных процентов и последующего приближенногоываются примерно путем приближенного расчета путем округления исходных процентов до ближайших удобных процентов и последующего приближенногоываются примерно путем приближенного расчета путем округления исходных процентов до ближайших удобных процентов и последующего приближенногоываются примерно путем приближ", "numeric_answer": null, "relative_error": null, "thinking_text": null, "has_tool_call": false, "tool_call": null, "usage": {"prompt_tokens": 191, "completion_tokens": 256, "total_tokens": 447, "token_count_source": "tokenizer"}, "decoding": {"temperature": 0.2, "top_p": null, "top_k": null, "max_tokens": 256, "seed": 42}, "prompt_tokens": 191, "completion_tokens": 256, "total_tokens": 447, "token_count_source": "tokenizer", "diffusion_steps": null, "flops_estimate": null, "flops_arch": null, "flops_model_params": null, "flops_active_params": null, "tokens_non_final": 149, "tokens_reasoning": 0, "tokens_response": 149, "elapsed_seconds": 18.50627899169922, "judgement": "Uncategorized"}
{"id": "tips_000307", "topic": "tips", "subtopic": "tips_service", "prompt": "Bill is $114.55; service fee 3% and tip 22%. About how much do you pay in total?", "exact_value": 143.94, "model": "tiiuae/Falcon-H1-7B-Instruct", "provider": "transformers", "response": "Finalются примерно путем приближенного расчета стоимости счета после учета процентов за услуги и чаевыхываются примерно путем приближенного расчета стоимости счета после учета процентов за услуги и чаевыхываются примерно путем приближенного расчета стоимости счета после учета процентов за услуги и чаевыхываются примерно путем приближенного расчета стоимости счета после учета процентов за услуги и чаевыхываются примерно путем приближенного расчета стоимости счета после учета процентов за услуги и чаевыхываются примерно путем приближенного расчета стоимости счета после учета процентов за услуги и чаевыхываются примерно путем приближенного расчета стоимости счета после учета процентов за услуги и чаевыхываются примерно путем приближенного расчета стоимости счета после учета процентов за услуги и чаевыхываются примерно путем приближенного расчета стоимости счета после учета процентов за услуги и чаевыхываются примерно путем приближенного расчета стоимости счета после учета процентов за услуги и чаевыхываются примерно путем приближенного расчета стоимости счета после учета процентов за услуги и чаевыхываются примерно путем приближенного расчета стоимости счета после учета процентов за услуги и чаевыхываются примерно путем приближенного расчета стоимости счета после учета процентов", "numeric_answer": null, "relative_error": null, "thinking_text": null, "has_tool_call": false, "tool_call": null, "usage": {"prompt_tokens": 192, "completion_tokens": 256, "total_tokens": 448, "token_count_source": "tokenizer"}, "decoding": {"temperature": 0.2, "top_p": null, "top_k": null, "max_tokens": 256, "seed": 42}, "prompt_tokens": 192, "completion_tokens": 256, "total_tokens": 448, "token_count_source": "tokenizer", "diffusion_steps": null, "flops_estimate": null, "flops_arch": null, "flops_model_params": null, "flops_active_params": null, "tokens_non_final": 166, "tokens_reasoning": 0, "tokens_response": 166, "elapsed_seconds": 18.680464029312134, "judgement": "Uncategorized"}
{"id": "tips_000327", "topic": "tips", "subtopic": "tips_service", "prompt": "Bill is $31.62; service fee 5% and tip 18%. About how much do you pay in total?", "exact_value": 39.18, "model": "tiiuae/Falcon-H1-7B-Instruct", "provider": "transformers", "response": "Finalются примерно путем приближенного расчета путем округления исходного значения до ближайшего удобного числа и последующего вычисления процентов путем приблизительного умножения процентов относительно этого числаются примерно путем приближенного расчета путем округления исходного значения до ближайшего удобного числа и последующего вычисления процентов путем приблизительного умножения процентов относительно этого числаются примерно путем приближенного расчета путем округления исходного значения до ближайшего удобного числа и последующего вычисления процентов путем приблизительного умножения процентов относительно этого числаются примерно путем приближенного расчета путем округления исходного значения до ближайшего удобного числа и последующего вычисления процентов путем приблизительного умножения процентов относительно этого числаются примерно путем приближенного расчета путем округления исходного значения до ближайшего удобного числа и последующего вычисления процентов путем приблизительного умножения процентов относительно этого числаются примерно путем приближенного расчета путем округления исходного значения до ближайшего удобного числаются примерно путем приближенного расчета путем округления исходного значения до ближайшего удобного числаются примерно путем приближенного расчета путем округления исходного значения до ближайшего удобного числа", "numeric_answer": null, "relative_error": null, "thinking_text": null, "has_tool_call": false, "tool_call": null, "usage": {"prompt_tokens": 191, "completion_tokens": 256, "total_tokens": 447, "token_count_source": "tokenizer"}, "decoding": {"temperature": 0.2, "top_p": null, "top_k": null, "max_tokens": 256, "seed": 42}, "prompt_tokens": 191, "completion_tokens": 256, "total_tokens": 447, "token_count_source": "tokenizer", "diffusion_steps": null, "flops_estimate": null, "flops_arch": null, "flops_model_params": null, "flops_active_params": null, "tokens_non_final": 152, "tokens_reasoning": 0, "tokens_response": 152, "elapsed_seconds": 18.6101553440094, "judgement": "Uncategorized"}
{"id": "tips_000347", "topic": "tips", "subtopic": "tips_service", "prompt": "Bill is $22.85; service fee 3% and tip 15%. About how much do you pay in total?", "exact_value": 27.07, "model": "tiiuae/Falcon-H1-7B-Instruct", "provider": "transformers", "response": "Finalются примерно так примерно так примерно так примерно так примерно примерно примерно примерно примерно примерно примерно примерно примерно примерно примерно примерно примерно примерно примерно примерно примерно примерно примерно примерно примерно примерно примерно примерно примерно примерно примерно примерно примерно примерно примерно примерно примерно примерно примерно примерно примерно примерно примерно примерно примерно примерно примерно примерно примерно примерно примерно примерно примерно примерно примерно примерно примерно примерно примерно примерно примерно примерно примерно примерно примерно примерно примерно примерно примерно примерно примерно примерно примерно примерно примерно примерно примерно примерно примерно примерно примерно примерно примерно примерно примерно примерно примерно примерно примерно примерно примерно примерно примерно примерно примерно примерно примерно примерно примерно примерно примерно примерно примерно примерно примерно примерно примерно примерно примерно примерно примерно примерно примерно примерно примерно примерно примерно примерно примерно примерно примерно примерно примерно примерно примерно примерно примерно примерно примерно примерно примерно примерно примерно примерно примерно примерно примерно примерно примерно примерно примерно примерно примерно примерно примерно примерно примерно примерно примерно примерно примерно примерно примерно примерно примерно примерно примерно примерно примерно примерно примерно примерно примерно примерно примерно примерно примерно примерно примерно примерно примерно примерно примерно примерно примерно примерно примерно примерно примерно примерно примерно примерно примерно примерно примерно примерно примерно примерно примерно примерно примерно примерно примерно примерно примерно примерно примерно примерно примерно примерно примерно примерно примерно примерно примерно примерно примерно примерно примерно примерно примерно примерно примерно примерно примерно примерно примерно примерно примерно примерно примерно примерно примерно примерно примерно примерно примерно примерно примерно примерно примерно примерно примерно примерно примерно примерно примерно примерно примерно примерно примерно примерно примерно примерно примерно примерно примерно примерно примерно примерно", "numeric_answer": null, "relative_error": null, "thinking_text": null, "has_tool_call": false, "tool_call": null, "usage": {"prompt_tokens": 191, "completion_tokens": 256, "total_tokens": 447, "token_count_source": "tokenizer"}, "decoding": {"temperature": 0.2, "top_p": null, "top_k": null, "max_tokens": 256, "seed": 42}, "prompt_tokens": 191, "completion_tokens": 256, "total_tokens": 447, "token_count_source": "tokenizer", "diffusion_steps": null, "flops_estimate": null, "flops_arch": null, "flops_model_params": null, "flops_active_params": null, "tokens_non_final": 255, "tokens_reasoning": 0, "tokens_response": 255, "elapsed_seconds": 18.88757085800171, "judgement": "Uncategorized"}
{"id": "tips_000367", "topic": "tips", "subtopic": "tips_service", "prompt": "Bill is $82.68; service fee 0% and tip 15%. About how much do you pay in total?", "exact_value": 95.08, "model": "tiiuae/Falcon-H1-7B-Instruct", "provider": "transformers", "response": "Finalются примерно кальному расчету стоимости заказаываются примерно кальному расчету стоимости заказаываются примерно кальному расчету стоимости заказаываются примерно кальному расчету стоимости заказаываются примерно кальному расчету стоимости заказаываются примерно кальному расчету стоимости заказаываются примерно кальному расчету стоимости заказаываются примерно кальному расчету стоимости заказаываются примерно кальному расчету стоимости заказаываются примерно кальному расчету стоимости заказаываются примерно кальному расчету стоимости заказаываются примерно кальному расчету стоимости заказаываются примерно кальному расчету стоимости заказаываются примерно кальному расчету стоимости заказаываются примерно кальному расчету стоимости заказаываются примерно кальному расчету стоимости заказаываются примерно кальному расчету стоимости заказаываются примерно кальному расчету стоимости заказаываются примерно кальному расчету стоимости заказаываются примерно кальному расчету стоимости заказаываются примерно кальному расчету стоимости заказаываются примерно кальному расчету стоимости заказаываются примерно кальному расчету стоимости заказаываются примерно кальному расчету стоимости заказаываются примерно кальному расчету стоимости заказаываются примерно кальному расчету стоимости заказаываются примерно кальному расчету стоимости заказаываются примерно кальному расчету стоимости заказаываются примерно к", "numeric_answer": null, "relative_error": null, "thinking_text": null, "has_tool_call": false, "tool_call": null, "usage": {"prompt_tokens": 191, "completion_tokens": 256, "total_tokens": 447, "token_count_source": "tokenizer"}, "decoding": {"temperature": 0.2, "top_p": null, "top_k": null, "max_tokens": 256, "seed": 42}, "prompt_tokens": 191, "completion_tokens": 256, "total_tokens": 447, "token_count_source": "tokenizer", "diffusion_steps": null, "flops_estimate": null, "flops_arch": null, "flops_model_params": null, "flops_active_params": null, "tokens_non_final": 143, "tokens_reasoning": 0, "tokens_response": 143, "elapsed_seconds": 18.77135705947876, "judgement": "Uncategorized"}
{"id": "tips_000387", "topic": "tips", "subtopic": "tips_service", "prompt": "Bill is $87.76; service fee 3% and tip 22%. About how much do you pay in total?", "exact_value": 110.28, "model": "tiiuae/Falcon-H1-7B-Instruct", "provider": "transformers", "response": "Finalются примерно путем приближенного расчета стоимости счета после учета процентов за услугу и чаевыхываются примерно путем приближенного расчета стоимости счета после учета процентов за услугу и чаевыеываются примерно путем приближенного расчета стоимости счета после учета процентов за услугу и чаевыеются примерно путем приближенного расчета стоимости счета после учета процентов за услугу и чаевыеются примерно путем приближенного расчета стоимости счета после учета процентов за услугу и чаевыеются примерно путем приближенного расчета стоимости счета после учета процентов за услугу и чаевыеываются примерно путем приближенного расчета стоимости счета после учета процентов за услугу и чаевыеываются примерно путем приближенного расчета стоимости счета после учета процентов за услугу и чаевыеываются примерно путем приближенного расчета стоимости счета после учета процентов за услугу и чаевыеываются примерно путем приближенного расчета стоимости счета после учета процентов за услугу и чаевыеываются примерно путем приближенного расчета стоимости счета после учета процентов за услугу и чаевыеываются примерно путем приближенного расчета стоимости счета после учета процентов за услугу и чаевыеываются примерно путем", "numeric_answer": null, "relative_error": null, "thinking_text": null, "has_tool_call": false, "tool_call": null, "usage": {"prompt_tokens": 191, "completion_tokens": 256, "total_tokens": 447, "token_count_source": "tokenizer"}, "decoding": {"temperature": 0.2, "top_p": null, "top_k": null, "max_tokens": 256, "seed": 42}, "prompt_tokens": 191, "completion_tokens": 256, "total_tokens": 447, "token_count_source": "tokenizer", "diffusion_steps": null, "flops_estimate": null, "flops_arch": null, "flops_model_params": null, "flops_active_params": null, "tokens_non_final": 159, "tokens_reasoning": 0, "tokens_response": 159, "elapsed_seconds": 18.78017520904541, "judgement": "Uncategorized"}
{"id": "tips_000407", "topic": "tips", "subtopic": "tips_service", "prompt": "Bill is $81.00; service fee 3% and tip 20%. About how much do you pay in total?", "exact_value": 100.12, "model": "tiiuae/Falcon-H1-7B-Instruct", "provider": "transformers", "response": "Finalются примерно путем приближенного расчета стоимости счета после учета процентов за услугу и чаевыхываются примерно путем приближенного расчета стоимости счета после учета процентов за услугу и чаевыеываются примерно путем приближенного расчета стоимости счета после учета процентов за услугу и чаевыеются примерно путем приближенного расчета стоимости счета после учета процентов за услугу и чаевыеются примерно путем приближенного расчета стоимости счета после учета процентов за услугу и чаевыеются примерно путем приближенного расчета стоимости счета после учета процентов за услугу и чаевыеываются примерно путем приближенного расчета стоимости счета после учета процентов за услугу и чаевыеываются примерно путем приближенного расчета стоимости счета после учета процентов за услугу и чаевыеываются примерно путем приближенного расчета стоимости счета после учета процентов за услугу и чаевыеываются примерно путем приближенного расчета стоимости счета после учета процентов за услугу и чаевыеываются примерно путем приближенного расчета стоимости счета после учета процентов за услугу и чаевыеываются примерно путем приближенного расчета стоимости счета после учета процентов за услугу и чаевыеываются примерно путем", "numeric_answer": null, "relative_error": null, "thinking_text": null, "has_tool_call": false, "tool_call": null, "usage": {"prompt_tokens": 191, "completion_tokens": 256, "total_tokens": 447, "token_count_source": "tokenizer"}, "decoding": {"temperature": 0.2, "top_p": null, "top_k": null, "max_tokens": 256, "seed": 42}, "prompt_tokens": 191, "completion_tokens": 256, "total_tokens": 447, "token_count_source": "tokenizer", "diffusion_steps": null, "flops_estimate": null, "flops_arch": null, "flops_model_params": null, "flops_active_params": null, "tokens_non_final": 159, "tokens_reasoning": 0, "tokens_response": 159, "elapsed_seconds": 18.782023906707764, "judgement": "Uncategorized"}
{"id": "tips_000427", "topic": "tips", "subtopic": "tips_service", "prompt": "Bill is $99.26; service fee 0% and tip 22%. About how much do you pay in total?", "exact_value": 121.1, "model": "tiiuae/Falcon-H1-7B-Instruct", "provider": "transformers", "response": "Finalются примерно на сумму примерно равную миллиону после округления до ближайшего числа примерно равного миллионуются примерно миллиону после округления до ближайшего числа примерно равного миллионуываются примерно миллиону после округления до ближайшего числа примерно равного миллионуываются примерно миллионуются примерно миллионуются примерно миллионуются примерно миллионуются примерно миллионуываются примерно миллионуются примерно миллионуываются примерно миллионуются примерно миллионуываются примерно миллионуются примерно миллионуываются примерно миллионуются примерно миллионуываются примерно миллионуются примерно миллионуываются примерно миллионуются примерно миллионуываются примерно миллионуются примерно миллионуываются примерно миллионуываются примерно миллионуываются примерно миллионуываются примерно миллионуываются примерно миллионуываются примерно миллионуываются примерно миллионуываются примерно миллионуются примерно миллионуются примерно миллионуываются примерно миллионуываются примерно миллионуываются примерно миллионуываются примерно миллионуываются примерно миллионуываются примерно миллионуываются примерно миллионуываются примерно миллионуываются примерно миллионуываются примерно миллионуываются примерно миллионуываются примерно миллионуываются примерно миллионуываются примерно миллионуываются примерно миллионуываются примерно миллионуываются примерно миллионуываются примерно миллионуываются примерно миллионуываются примерно миллионуываются примерно миллионуываются примерно", "numeric_answer": null, "relative_error": null, "thinking_text": null, "has_tool_call": false, "tool_call": null, "usage": {"prompt_tokens": 191, "completion_tokens": 256, "total_tokens": 447, "token_count_source": "tokenizer"}, "decoding": {"temperature": 0.2, "top_p": null, "top_k": null, "max_tokens": 256, "seed": 42}, "prompt_tokens": 191, "completion_tokens": 256, "total_tokens": 447, "token_count_source": "tokenizer", "diffusion_steps": null, "flops_estimate": null, "flops_arch": null, "flops_model_params": null, "flops_active_params": null, "tokens_non_final": 136, "tokens_reasoning": 0, "tokens_response": 136, "elapsed_seconds": 18.817627906799316, "judgement": "Uncategorized"}
{"id": "tips_000447", "topic": "tips", "subtopic": "tips_service", "prompt": "Bill is $13.43; service fee 3% and tip 18%. About how much do you pay in total?", "exact_value": 16.32, "model": "tiiuae/Falcon-H1-7B-Instruct", "provider": "transformers", "response": "Finalются примерно путем приближенного расчета путем округления исходного значения до ближайшего удобного числа и прибавления процентов примерно путем умножения процентов относительно округленного числа без детальной арификации процентовываются суммыываютсяываютсяываютсяываютсяываютсяываютсяываютсяываютсяываютсяываютсяываютсяываютсяываютсяываютсяываютсяываютсяываютсяываютсяываютсяываютсяываютсяываютсяываютсяываютсяываютсяываютсяываютсяываютсяываютсяываютсяываютсяываютсяываютсяываютсяываютсяываютсяываютсяываютсяываютсяываютсяываютсяываютсяываютсяываютсяываютсяываютсяываютсяываютсяываютсяываютсяываютсяываютсяываютсяываютсяываютсяываютсяываютсяываютсяываютсяываютсяываютсяываютсяываютсяываютсяываютсяываютсяываютсяываютсяываютсяываютсяываютсяываютсяываютсяываютсяываютсяываютсяываютсяываютсяываютсяываютсяываютсяываютсяываютсяываютсяываютсяываютсяываютсяываютсяываютсяываютсяываютсяываютсяываютсяываютсяываютсяываютсяываютсяываютсяываютсяываютсяываютсяываютсяываютсяываютсяываютсяываютсяываютсяываютсяываютсяываютсяываютсяываютсяываютсяываютсяываютсяываютсяываютсяываютсяываютсяываютсяываютсяываютсяываютсяываютсяываютсяываютсяываютсяываютсяываютсяываютсяываютсяываютсяываютсяываютсяываютсяываютсяываютсяываютсяываютсяываютсяываютсяываютсяываютсяываютсяываютсяываютсяываютсяываютсяываютсяываютсяываютсяываютсяываютсяываютсяываютсяываютсяываютсяываютсяываютсяываютсяываютсяываютсяываютсяываютсяываютсяываютсяываютсяываютсяываютсяываютсяываютсяываютсяываютсяываютсяываютсяываютсяываютсяываютсяываютсяываютсяываютсяываютсяываютсяываютсяываютсяываютсяываютсяываютсяываютсяываютсяываютсяываютсяываютсяываютсяываютсяываютсяываютсяываютсяываютсяываютсяываютсяываютсяываютсяываютсяываютсяываютсяываютсяываютсяываютсяываются", "numeric_answer": null, "relative_error": null, "thinking_text": null, "has_tool_call": false, "tool_call": null, "usage": {"prompt_tokens": 191, "completion_tokens": 256, "total_tokens": 447, "token_count_source": "tokenizer"}, "decoding": {"temperature": 0.2, "top_p": null, "top_k": null, "max_tokens": 256, "seed": 42}, "prompt_tokens": 191, "completion_tokens": 256, "total_tokens": 447, "token_count_source": "tokenizer", "diffusion_steps": null, "flops_estimate": null, "flops_arch": null, "flops_model_params": null, "flops_active_params": null, "tokens_non_final": 28, "tokens_reasoning": 0, "tokens_response": 28, "elapsed_seconds": 19.598210096359253, "judgement": "Uncategorized"}
{"id": "tips_000467", "topic": "tips", "subtopic": "tips_service", "prompt": "Bill is $47.68; service fee 5% and tip 22%. About how much do you pay in total?", "exact_value": 61.08, "model": "tiiuae/Falcon-H1-7B-Instruct", "provider": "transformers", "response": "Finalются примерно путем приближенного расчета стоимости счета после учета процентов за услугу и чаевыхываются примерно путем приближенного расчета стоимости счета после учета процентов за услугу и чаевыеются примерно путем приближенного расчета стоимости счета после учета процентов за услугу и чаевыеются примерно путем приближенного расчета стоимости счета после учета процентов за услугу и чаевыеются примерно путем приближенного расчета стоимости счета после учета процентов за услугу и чаевыеются примерно путем приближенного расчета стоимости счета после учета процентов за услугу и чаевыеются примерно путем приближенного расчета стоимости счета после учета процентов за услугу и чаевыеются примерно путем приближенного расчета стоимости счета после учета процентов за услугу и чаевыеются примерно путем приближенного расчета стоимости счета после учета процентов за услугу и чаевыеются примерно путем приближенного расчета стоимости счета после учета процентов за услугу и чаевыеются примерно путем приближенного расчета стоимости счета после учета процентов за услугу и чаевыеются примерно путем приближенного расчета стоимости счета после учета процентов за услугу и чаевыеются примерно путем", "numeric_answer": null, "relative_error": null, "thinking_text": null, "has_tool_call": false, "tool_call": null, "usage": {"prompt_tokens": 191, "completion_tokens": 256, "total_tokens": 447, "token_count_source": "tokenizer"}, "decoding": {"temperature": 0.2, "top_p": null, "top_k": null, "max_tokens": 256, "seed": 42}, "prompt_tokens": 191, "completion_tokens": 256, "total_tokens": 447, "token_count_source": "tokenizer", "diffusion_steps": null, "flops_estimate": null, "flops_arch": null, "flops_model_params": null, "flops_active_params": null, "tokens_non_final": 159, "tokens_reasoning": 0, "tokens_response": 159, "elapsed_seconds": 19.126229763031006, "judgement": "Uncategorized"}
{"id": "tips_000487", "topic": "tips", "subtopic": "tips_service", "prompt": "Bill is $84.77; service fee 0% and tip 22%. About how much do you pay in total?", "exact_value": 103.42, "model": "tiiuae/Falcon-H1-7B-Instruct", "provider": "transformers", "response": "Finalются примерно путем приближенногоывания стоимости счета путем увеличения исходной суммы примерно на процент от стоимости чаевыхываются примерно путем приближенногоывания стоимости счета путем увеличения исходной суммы примерно на процент от стоимости чаевыхываются примерно путем приближенногоывания стоимости счета путем увеличения исходной суммы примерно на процент от стоимости чаевыхываются примерно путем приближенногоывания стоимости счета путем увеличения исходной суммы примерно на процент от стоимости чаевыхываются примерно путем приближенногоывания стоимости счета путем увеличения исходной суммы примерно на процент от стоимости чаевыхываются примерно путем приближенногоывания стоимости счета путем увеличения исходной суммы примерно на процент от стоимости чаевыхываются примерно путем приближенногоывания стоимости счета путем увеличения исходной суммы примерно на процент от стоимости чаевыхываются примерно путем приближенногоывания стоимости счета путем увеличения исходной суммы примерно на процент от стоимости чаевыхываются примерно путем приближенногоывания стоимости счета путем увеличения исходной суммы примерно на процент от стоимости чаевыхываются примерно путем приближенногоывания стоимости счета путем увеличения исходной суммы примерно на процент от стоимости чаевыхываются примерно путем приближенногоывания стоимости счета путем увеличения исходной суммы примерно на процент от стоимости чаевыхываются примерно", "numeric_answer": null, "relative_error": null, "thinking_text": null, "has_tool_call": false, "tool_call": null, "usage": {"prompt_tokens": 191, "completion_tokens": 256, "total_tokens": 447, "token_count_source": "tokenizer"}, "decoding": {"temperature": 0.2, "top_p": null, "top_k": null, "max_tokens": 256, "seed": 42}, "prompt_tokens": 191, "completion_tokens": 256, "total_tokens": 447, "token_count_source": "tokenizer", "diffusion_steps": null, "flops_estimate": null, "flops_arch": null, "flops_model_params": null, "flops_active_params": null, "tokens_non_final": 167, "tokens_reasoning": 0, "tokens_response": 167, "elapsed_seconds": 19.25684928894043, "judgement": "Uncategorized"}
{"id": "tips_000507", "topic": "tips", "subtopic": "tips_service", "prompt": "Bill is $71.65; service fee 5% and tip 22%. About how much do you pay in total?", "exact_value": 91.78, "model": "tiiuae/Falcon-H1-7B-Instruct", "provider": "transformers", "response": "Finalются примерно путем приближенного расчета стоимости счета после учета процентов за услугу и чаевыхываются примерно путем приближенного расчета стоимости счета после учета процентов за услугу и чаевыеываются примерно путем приближенного расчета стоимости счета после учета процентов за услугу и чаевыеются примерно путем приближенного расчета стоимости счета после учета процентов за услугу и чаевыеются примерно путем приближенного расчета стоимости счета после учета процентов за услугу и чаевыеываются примерно путем приближенного расчета стоимости счета после учета процентов за услугу и чаевыеываются примерно путем приближенного расчета стоимости счета после учета процентов за услугу и чаевыеываются примерно путем приближенного расчета стоимости счета после учета процентов за услугу и чаевыеываются примерно путем приближенного расчета стоимости счета после учета процентов за услугу и чаевыеываются примерно путем приближенного расчета стоимости счета после учета процентов за услугу и чаевыеываются примерно путем приближенного расчета стоимости счета после учета процентов за услугу и чаевыеываются примерно путем приближенного расчета стоимости счета после учета процентов за услугу и чаевыеываются примерно путем", "numeric_answer": null, "relative_error": null, "thinking_text": null, "has_tool_call": false, "tool_call": null, "usage": {"prompt_tokens": 191, "completion_tokens": 256, "total_tokens": 447, "token_count_source": "tokenizer"}, "decoding": {"temperature": 0.2, "top_p": null, "top_k": null, "max_tokens": 256, "seed": 42}, "prompt_tokens": 191, "completion_tokens": 256, "total_tokens": 447, "token_count_source": "tokenizer", "diffusion_steps": null, "flops_estimate": null, "flops_arch": null, "flops_model_params": null, "flops_active_params": null, "tokens_non_final": 159, "tokens_reasoning": 0, "tokens_response": 159, "elapsed_seconds": 18.556894540786743, "judgement": "Uncategorized"}
{"id": "tips_000527", "topic": "tips", "subtopic": "tips_service", "prompt": "Bill is $84.44; service fee 5% and tip 18%. About how much do you pay in total?", "exact_value": 104.62, "model": "tiiuae/Falcon-H1-7B-Instruct", "provider": "transformers", "response": "Finalются примерно путем приближенного расчета стоимости счета после учета процентов на услуги и чаевыеываются путем округления до ближайшего числа примерно примерно примерно примерно примерно примерно примерно примерно примерно примерно примерно примерно примерно примерно примерно примерно примерно примерно примерно примерно примерно примерно примерно примерно примерно примерно примерно примерно примерно примерно примерно примерно примерно примерно примерно примерно примерно примерно примерно примерно примерно примерно примерно примерно примерно примерно примерно примерно примерно примерно примерно примерно примерно примерно примерно примерно примерно примерно примерно примерно примерно примерно примерно примерно примерно примерно примерно примерно примерно примерно примерно примерно примерно примерно примерно примерно примерно примерно примерно примерно примерно примерно примерно примерно примерно примерно примерно примерно примерно примерно примерно примерно примерно примерно примерно примерно примерно примерно примерно примерно примерно примерно примерно примерно примерно примерно примерно примерно примерно примерно примерно примерно примерно примерно примерно примерно примерно примерно примерно примерно примерно примерно примерно примерно примерно примерно примерно примерно примерно примерно примерно примерно примерно примерно примерно примерно примерно примерно примерно примерно примерно примерно примерно примерно примерно примерно примерно примерно примерно примерно примерно примерно примерно примерно примерно примерно примерно примерно примерно примерно примерно примерно примерно примерно примерно примерно примерно примерно примерно примерно примерно примерно примерно примерно примерно примерно примерно примерно примерно примерно примерно примерно примерно примерно примерно примерно примерно примерно примерно примерно примерно примерно примерно примерно примерно примерно примерно примерно примерно примерно примерно примерно примерно примерно примерно примерно примерно примерно примерно примерно примерно примерно примерно примерно примерно примерно примерно примерно примерно примерно примерно примерно примерно примерно примерно примерно примерно", "numeric_answer": null, "relative_error": null, "thinking_text": null, "has_tool_call": false, "tool_call": null, "usage": {"prompt_tokens": 191, "completion_tokens": 256, "total_tokens": 447, "token_count_source": "tokenizer"}, "decoding": {"temperature": 0.2, "top_p": null, "top_k": null, "max_tokens": 256, "seed": 42}, "prompt_tokens": 191, "completion_tokens": 256, "total_tokens": 447, "token_count_source": "tokenizer", "diffusion_steps": null, "flops_estimate": null, "flops_arch": null, "flops_model_params": null, "flops_active_params": null, "tokens_non_final": 246, "tokens_reasoning": 0, "tokens_response": 246, "elapsed_seconds": 18.654581308364868, "judgement": "Uncategorized"}
{"id": "tips_000547", "topic": "tips", "subtopic": "tips_service", "prompt": "Bill is $32.84; service fee 0% and tip 18%. About how much do you pay in total?", "exact_value": 38.75, "model": "tiiuae/Falcon-H1-7B-Instruct", "provider": "transformers", "response": "Finalются примерно к ближайшему кратному числа примерно примерно примерно примерно примерно примерно примерно примерно примерно примерно примерно примерно примерно примерно примерно примерно примерно примерно примерно примерно примерно примерно примерно примерно примерно примерно примерно примерно примерно примерно примерно примерно примерно примерно примерно примерно примерно примерно примерно примерно примерно примерно примерно примерно примерно примерно примерно примерно примерно примерно примерно примерно примерно примерно примерно примерно примерно примерно примерно примерно примерно примерно примерно примерно примерно примерно примерно примерно примерно примерно примерно примерно примерно примерно примерно примерно примерно примерно примерно примерно примерно примерно примерно примерно примерно примерно примерно примерно примерно примерно примерно примерно примерно примерно примерно примерно примерно примерно примерно примерно примерно примерно примерно примерно примерно примерно примерно примерно примерно примерно примерно примерно примерно примерно примерно примерно примерно примерно примерно примерно примерно примерно примерно примерно примерно примерно примерно примерно примерно примерно примерно примерно примерно примерно примерно примерно примерно примерно примерно примерно примерно примерно примерно примерно примерно примерно примерно примерно примерно примерно примерно примерно примерно примерно примерно примерно примерно примерно примерно примерно примерно примерно примерно примерно примерно примерно примерно примерно примерно примерно примерно примерно примерно примерно примерно примерно примерно примерно примерно примерно примерно примерно примерно примерно примерно примерно примерно примерно примерно примерно примерно примерно примерно примерно примерно примерно примерно примерно примерно примерно примерно примерно примерно примерно примерно примерно примерно примерно примерно примерно примерно примерно примерно примерно примерно примерно примерно примерно примерно примерно примерно примерно примерно примерно примерно примерно примерно примерно примерно примерно примерно примерно примерно примерно примерно примерно примерно примерно примерно примерно примерно примерно примерно примерно примерно примерно примерно", "numeric_answer": null, "relative_error": null, "thinking_text": null, "has_tool_call": false, "tool_call": null, "usage": {"prompt_tokens": 191, "completion_tokens": 256, "total_tokens": 447, "token_count_source": "tokenizer"}, "decoding": {"temperature": 0.2, "top_p": null, "top_k": null, "max_tokens": 256, "seed": 42}, "prompt_tokens": 191, "completion_tokens": 256, "total_tokens": 447, "token_count_source": "tokenizer", "diffusion_steps": null, "flops_estimate": null, "flops_arch": null, "flops_model_params": null, "flops_active_params": null, "tokens_non_final": 253, "tokens_reasoning": 0, "tokens_response": 253, "elapsed_seconds": 18.70090365409851, "judgement": "Uncategorized"}
{"id": "tips_000567", "topic": "tips", "subtopic": "tips_service", "prompt": "Bill is $102.88; service fee 3% and tip 20%. About how much do you pay in total?", "exact_value": 127.16, "model": "tiiuae/Falcon-H1-7B-Instruct", "provider": "transformers", "response": "Finalются примерно путем приближенного расчета путем округления исходного значения до ближайшего простого числа примерно до процентов и последующего прибавления процентов сверху примерно путем прибавления процентов сверху примерно путем прибавления процентов сверху примерно путем прибавления процентов сверху примерно путем прибавления процентов сверху примерно путем прибавления процентов сверху примерно путем прибавления процентов сверху примерно путем прибавления процентов сверху примерно путем прибавления процентов сверху примерно путем прибавления процентов сверху примерно путем прибавления процентов сверху примерно путем прибавления процентов сверху примерно путем прибавления процентов сверху примерно путем прибавления процентов сверху примерно путем прибавления процентов сверху примерно путем прибавления процентов сверху примерно путем прибавления процентов сверху примерно путем прибавления процентов сверху примерно путем прибавления процентов сверху примерно путем прибавления процентов сверху примерно путем прибавления процентов сверху примерно путем прибавления процентов сверху примерно путем прибавления процентов сверху примерно путем прибавления процентов сверху примерно путем прибавления процентов сверху примерно путем прибавления процентов сверху примерно путем прибавления процентов сверху примерно путем прибавления процентов сверху примерно путем прибавления процентов сверх", "numeric_answer": null, "relative_error": null, "thinking_text": null, "has_tool_call": false, "tool_call": null, "usage": {"prompt_tokens": 192, "completion_tokens": 256, "total_tokens": 448, "token_count_source": "tokenizer"}, "decoding": {"temperature": 0.2, "top_p": null, "top_k": null, "max_tokens": 256, "seed": 42}, "prompt_tokens": 192, "completion_tokens": 256, "total_tokens": 448, "token_count_source": "tokenizer", "diffusion_steps": null, "flops_estimate": null, "flops_arch": null, "flops_model_params": null, "flops_active_params": null, "tokens_non_final": 161, "tokens_reasoning": 0, "tokens_response": 161, "elapsed_seconds": 19.012970447540283, "judgement": "Uncategorized"}
{"id": "tips_000587", "topic": "tips", "subtopic": "tips_service", "prompt": "Bill is $100.09; service fee 0% and tip 18%. About how much do you pay in total?", "exact_value": 118.11, "model": "tiiuae/Falcon-H1-7B-Instruct", "provider": "transformers", "response": "Finalются примерно кальному расчету стоимости заказаываются примерно кальному расчету стоимости заказаываются примерно кальному расчету стоимости заказаываются примерно кальному расчету стоимости заказаываются примерно кальному расчету стоимости заказаываются примерно кальному расчету стоимости заказаываются примерно кальному расчету стоимости заказаываются примерно кальному расчету стоимости заказаываются примерно кальному расчету стоимости заказаываются примерно кальному расчету стоимости заказаываются примерно кальному расчету стоимости заказаываются примерно кальному расчету стоимости заказаываются примерно кальному расчету стоимости заказаываются примерно кальному расчету стоимости заказаываются примерно кальному расчету стоимости заказаываются примерно кальному расчету стоимости заказаываются примерно кальному расчету стоимости заказаываются примерно кальному расчету стоимости заказаываются примерно кальному расчету стоимости заказаываются примерно кальному расчету стоимости заказаываются примерно кальному расчету стоимости заказаываются примерно кальному расчету стоимости заказаываются примерно кальному расчету стоимости заказаываются примерно кальному расчету стоимости заказаываются примерно кальному расчету стоимости заказаываются примерно кальному расчету стоимости заказаываются примерно кальному расчету стоимости заказаываются примерно кальному расчету стоимости заказаываются примерно к", "numeric_answer": null, "relative_error": null, "thinking_text": null, "has_tool_call": false, "tool_call": null, "usage": {"prompt_tokens": 192, "completion_tokens": 256, "total_tokens": 448, "token_count_source": "tokenizer"}, "decoding": {"temperature": 0.2, "top_p": null, "top_k": null, "max_tokens": 256, "seed": 42}, "prompt_tokens": 192, "completion_tokens": 256, "total_tokens": 448, "token_count_source": "tokenizer", "diffusion_steps": null, "flops_estimate": null, "flops_arch": null, "flops_model_params": null, "flops_active_params": null, "tokens_non_final": 143, "tokens_reasoning": 0, "tokens_response": 143, "elapsed_seconds": 18.709046125411987, "judgement": "Uncategorized"}
{"id": "tips_000607", "topic": "tips", "subtopic": "tips_service", "prompt": "Bill is $35.03; service fee 0% and tip 18%. About how much do you pay in total?", "exact_value": 41.34, "model": "tiiuae/Falcon-H1-7B-Instruct", "provider": "transformers", "response": "Finalются примерно примерно примерно примерно примерно примерно примерно примерно примерно примерно примерно примерно примерно примерно примерно примерно примерно примерно примерно примерно примерно примерно примерно примерно примерно примерно примерно примерно примерно примерно примерно примерно примерно примерно примерно примерно примерно примерно примерно примерно примерно примерно примерно примерно примерно примерно примерно примерно примерно примерно примерно примерно примерно примерно примерно примерно примерно примерно примерно примерно примерно примерно примерно примерно примерно примерно примерно примерно примерно примерно примерно примерно примерно примерно примерно примерно примерно примерно примерно примерно примерно примерно примерно примерно примерно примерно примерно примерно примерно примерно примерно примерно примерно примерно примерно примерно примерно примерно примерно примерно примерно примерно примерно примерно примерно примерно примерно примерно примерно примерно примерно примерно примерно примерно примерно примерно примерно примерно примерно примерно примерно примерно примерно примерно примерно примерно примерно примерно примерно примерно примерно примерно примерно примерно примерно примерно примерно примерно примерно примерно примерно примерно примерно примерно примерно примерно примерно примерно примерно примерно примерно примерно примерно примерно примерно примерно примерно примерно примерно примерно примерно примерно примерно примерно примерно примерно примерно примерно примерно примерно примерно примерно примерно примерно примерно примерно примерно примерно примерно примерно примерно примерно примерно примерно примерно примерно примерно примерно примерно примерно примерно примерно примерно примерно примерно примерно примерно примерно примерно примерно примерно примерно примерно примерно примерно примерно примерно примерно примерно примерно примерно примерно примерно примерно примерно примерно примерно примерно примерно примерно примерно примерно примерно примерно примерно примерно примерно примерно примерно примерно примерно примерно примерно примерно примерно примерно примерно примерно примерно примерно примерно примерно примерно примерно примерно примерно примерно примерно примерно примерно примерно примерно примерно примерно", "numeric_answer": null, "relative_error": null, "thinking_text": null, "has_tool_call": false, "tool_call": null, "usage": {"prompt_tokens": 191, "completion_tokens": 256, "total_tokens": 447, "token_count_source": "tokenizer"}, "decoding": {"temperature": 0.2, "top_p": null, "top_k": null, "max_tokens": 256, "seed": 42}, "prompt_tokens": 191, "completion_tokens": 256, "total_tokens": 447, "token_count_source": "tokenizer", "diffusion_steps": null, "flops_estimate": null, "flops_arch": null, "flops_model_params": null, "flops_active_params": null, "tokens_non_final": 255, "tokens_reasoning": 0, "tokens_response": 255, "elapsed_seconds": 18.58087468147278, "judgement": "Uncategorized"}
{"id": "tips_000627", "topic": "tips", "subtopic": "tips_service", "prompt": "Bill is $17.92; service fee 0% and tip 20%. About how much do you pay in total?", "exact_value": 21.5, "model": "tiiuae/Falcon-H1-7B-Instruct", "provider": "transformers", "response": "Finalются примерно кальному расчету стоимости заказаываются примерно кальному расчету стоимости заказаываются примерно кальному расчету стоимости заказаываются примерно кальному расчету стоимости заказаываются примерно кальному расчету стоимости заказаываются примерно кальному расчету стоимости заказаываются примерно кальному расчету стоимости заказаываются примерно кальному расчету стоимости заказаываются примерно кальному расчету стоимости заказаываются примерно кальному расчету стоимости заказаываются примерно кальному расчету стоимости заказаываются примерно кальному расчету стоимости заказаываются примерно кальному расчету стоимости заказаываются примерно кальному расчету стоимости заказаываются примерно кальному расчету стоимости заказаываются примерно кальному расчету стоимости заказаываются примерно кальному расчету стоимости заказаываются примерно кальному расчету стоимости заказаываются примерно кальному расчету стоимости заказаываются примерно кальному расчету стоимости заказаываются примерно кальному расчету стоимости заказаываются примерно кальному расчету стоимости заказаываются примерно кальному расчету стоимости заказаываются примерно кальному расчету стоимости заказаываются примерно кальному расчету стоимости заказаываются примерно кальному расчету стоимости заказаываются примерно кальному расчету стоимости заказаываются примерно кальному расчету стоимости заказаываются примерно к", "numeric_answer": null, "relative_error": null, "thinking_text": null, "has_tool_call": false, "tool_call": null, "usage": {"prompt_tokens": 191, "completion_tokens": 256, "total_tokens": 447, "token_count_source": "tokenizer"}, "decoding": {"temperature": 0.2, "top_p": null, "top_k": null, "max_tokens": 256, "seed": 42}, "prompt_tokens": 191, "completion_tokens": 256, "total_tokens": 447, "token_count_source": "tokenizer", "diffusion_steps": null, "flops_estimate": null, "flops_arch": null, "flops_model_params": null, "flops_active_params": null, "tokens_non_final": 143, "tokens_reasoning": 0, "tokens_response": 143, "elapsed_seconds": 18.578532695770264, "judgement": "Uncategorized"}
{"id": "tips_000647", "topic": "tips", "subtopic": "tips_service", "prompt": "Bill is $72.20; service fee 0% and tip 18%. About how much do you pay in total?", "exact_value": 85.2, "model": "tiiuae/Falcon-H1-7B-Instruct", "provider": "transformers", "response": "Finalются примерно кальному расчету стоимости заказа путем прибавления примерно ются примерно кальному расчету стоимости заказа путем прибавления примерно ются примерно кальному прибавлению примерно примерно примерно примерно примерно примерно примерно примерно примерно примерно примерно примерно примерно примерно примерно примерно примерно примерно примерно примерно примерно примерно примерно примерно примерно примерно примерно примерно примерно примерно примерно примерно примерно примерно примерно примерно примерно примерно примерно примерно примерно примерно примерно примерно примерно примерно примерно примерно примерно примерно примерно примерно примерно примерно примерно примерно примерно примерно примерно примерно примерно примерно примерно примерно примерно примерно примерно примерно примерно примерно примерно примерно примерно примерно примерно примерно примерно примерно примерно примерно примерно примерно примерно примерно примерно примерно примерно примерно примерно примерно примерно примерно примерно примерно примерно примерно примерно примерно примерно примерно примерно примерно примерно примерно примерно примерно примерно примерно примерно примерно примерно примерно примерно примерно примерно примерно примерно примерно примерно примерно примерно примерно примерно примерно примерно примерно примерно примерно примерно примерно примерно примерно примерно примерно примерно примерно примерно примерно примерно примерно примерно примерно примерно примерно примерно примерно примерно примерно примерно примерно примерно примерно примерно примерно примерно примерно примерно примерно примерно примерно примерно примерно примерно примерно примерно примерно примерно примерно примерно примерно примерно примерно примерно примерно примерно примерно примерно примерно примерно примерно примерно примерно примерно примерно примерно примерно примерно примерно примерно примерно примерно примерно примерно примерно примерно примерно примерно примерно примерно примерно примерно примерно примерно примерно примерно примерно примерно примерно примерно примерно примерно примерно примерно примерно примерно примерно примерно примерно", "numeric_answer": null, "relative_error": null, "thinking_text": null, "has_tool_call": false, "tool_call": null, "usage": {"prompt_tokens": 191, "completion_tokens": 256, "total_tokens": 447, "token_count_source": "tokenizer"}, "decoding": {"temperature": 0.2, "top_p": null, "top_k": null, "max_tokens": 256, "seed": 42}, "prompt_tokens": 191, "completion_tokens": 256, "total_tokens": 447, "token_count_source": "tokenizer", "diffusion_steps": null, "flops_estimate": null, "flops_arch": null, "flops_model_params": null, "flops_active_params": null, "tokens_non_final": 240, "tokens_reasoning": 0, "tokens_response": 240, "elapsed_seconds": 18.64909029006958, "judgement": "Uncategorized"}
{"id": "tips_000667", "topic": "tips", "subtopic": "tips_service", "prompt": "Bill is $28.54; service fee 5% and tip 15%. About how much do you pay in total?", "exact_value": 34.46, "model": "tiiuae/Falcon-H1-7B-Instruct", "provider": "transformers", "response": "Finalются примерно путем приближенного расчета путем округления исходного числа до ближайшего целого числаются примерно путем приближенного расчета путем округления исходного числа до ближайшего целого числаются примерно путем приближенного расчета путем округления исходного числа до ближайшего целого числаются примерно путем приближенного расчета путем округления исходного числа до ближайшего целого числаются примерно путем приближенного расчета путем округления исходного числа до ближайшего целого числаются примерно путем приближенного расчета путем округления исходного числа до ближайшего целого числаются примерно путем приближенного расчета путем округления исходного числаются примерно путем приближенного расчета путем округления исходного числаются примерно путем приближенного расчета путем округления исходного числаются примерно путем приближенного расчета путем округления исходного числаются примерно путем приближенного расчета путем округления исходного числаются примерно путем приближенного расчета путем округления исходного числаются примерно путем приближенного расчета путем округления исходного числаются примерно путем приближенного расчета путем округления исходного числаются примерно путем приближенного расчета путем округления исходного числаются примерно путем приближенного расчета путем", "numeric_answer": null, "relative_error": null, "thinking_text": null, "has_tool_call": false, "tool_call": null, "usage": {"prompt_tokens": 191, "completion_tokens": 256, "total_tokens": 447, "token_count_source": "tokenizer"}, "decoding": {"temperature": 0.2, "top_p": null, "top_k": null, "max_tokens": 256, "seed": 42}, "prompt_tokens": 191, "completion_tokens": 256, "total_tokens": 447, "token_count_source": "tokenizer", "diffusion_steps": null, "flops_estimate": null, "flops_arch": null, "flops_model_params": null, "flops_active_params": null, "tokens_non_final": 150, "tokens_reasoning": 0, "tokens_response": 150, "elapsed_seconds": 18.569807052612305, "judgement": "Uncategorized"}
{"id": "tips_000687", "topic": "tips", "subtopic": "tips_service", "prompt": "Bill is $24.54; service fee 0% and tip 20%. About how much do you pay in total?", "exact_value": 29.45, "model": "tiiuae/Falcon-H1-7B-Instruct", "provider": "transformers", "response": "Finalются примерно на сумму примерно равную стоимости счета плюс примерно 20 процентов на чаевыеываются примерно на сумму примерно равную стоимости счета плюс примерно примерно примерно примерно примерно примерно примерно примерно примерно примерно примерно примерно примерно примерно примерно примерно примерно примерно примерно примерно примерно примерно примерно примерно примерно примерно примерно примерно примерно примерно примерно примерно примерно примерно примерно примерно примерно примерно примерно примерно примерно примерно примерно примерно примерно примерно примерно примерно примерно примерно примерно примерно примерно примерно примерно примерно примерно примерно примерно примерно примерно примерно примерно примерно примерно примерно примерно примерно примерно примерно примерно примерно примерно примерно примерно примерно примерно примерно примерно примерно примерно примерно примерно примерно примерно примерно примерно примерно примерно примерно примерно примерно примерно примерно примерно примерно примерно примерно примерно примерно примерно примерно примерно примерно примерно примерно примерно примерно примерно примерно примерно примерно примерно примерно примерно примерно примерно примерно примерно примерно примерно примерно примерно примерно примерно примерно примерно примерно примерно примерно примерно примерно примерно примерно примерно примерно примерно примерно примерно примерно примерно примерно примерно примерно примерно примерно примерно примерно примерно примерно примерно примерно примерно примерно примерно примерно примерно примерно примерно примерно примерно примерно примерно примерно примерно примерно примерно примерно примерно примерно примерно примерно примерно примерно примерно примерно примерно примерно примерно примерно примерно примерно примерно примерно примерно примерно примерно примерно примерно примерно примерно примерно примерно примерно примерно примерно примерно примерно примерно примерно примерно примерно примерно примерно примерно примерно примерно примерно примерно примерно примерно примерно примерно примерно примерно примерно примерно примерно примерно примерно примерно примерно примерно примерно примерно", "numeric_answer": 20.0, "relative_error": 0.32088285229202035, "thinking_text": null, "has_tool_call": false, "tool_call": null, "usage": {"prompt_tokens": 191, "completion_tokens": 256, "total_tokens": 447, "token_count_source": "tokenizer"}, "decoding": {"temperature": 0.2, "top_p": null, "top_k": null, "max_tokens": 256, "seed": 42}, "prompt_tokens": 191, "completion_tokens": 256, "total_tokens": 447, "token_count_source": "tokenizer", "diffusion_steps": null, "flops_estimate": null, "flops_arch": null, "flops_model_params": null, "flops_active_params": null, "tokens_non_final": 247, "tokens_reasoning": 0, "tokens_response": 247, "elapsed_seconds": 18.614182233810425, "judgement": "Mildly off"}
{"id": "tips_000707", "topic": "tips", "subtopic": "tips_service", "prompt": "Bill is $115.78; service fee 0% and tip 15%. About how much do you pay in total?", "exact_value": 133.15, "model": "tiiuae/Falcon-H1-7B-Instruct", "provider": "transformers", "response": "Finalются примерно к следующему числу путем округления до ближайшего числа примерно через секунду путем приближения процентов до примерно процентов путем округления процентов до примерно процентов путем округления процентов до примерно процентов путем округления процентов до примерно процентов путем округления процентов до примерно процентов путем округления процентов до примерно процентов путем округления процентов до примерно процентов путем округления процентов до примерно процентов путем округления процентов до примерно процентов путем округления процентов до примерно процентов путем округления процентов до примерно процентов путем округления процентов до примерно процентов путем округления процентов до примерно процентов путем округления процентов до примерно процентов путем округления процентов до примерно процентов путем округления процентов до примерно процентов путем округления процентов до примерно процентов путем округления процентов до примерно процентов путем округления процентов до примерно процентов путем округления процентов до примерно процентов путем округления процентов до примерно процентов путем округления процентов до примерно процентов путем округления процентов до примерно процентов путем округления процентов до примерно процентов путем округления процентов до примерно процентов путем округления процентов до примерно процентов путем округления процентов до примерно процентов путем округления процентов до примерно процентов путем округления процентов до примерно процентов путем округления процентов до примерно процентов путем округления процентов до примерно процентов путем округления процентов до примерно процентов путем округления процентов до примерно процентов путем округления процентов до", "numeric_answer": null, "relative_error": null, "thinking_text": null, "has_tool_call": false, "tool_call": null, "usage": {"prompt_tokens": 192, "completion_tokens": 256, "total_tokens": 448, "token_count_source": "tokenizer"}, "decoding": {"temperature": 0.2, "top_p": null, "top_k": null, "max_tokens": 256, "seed": 42}, "prompt_tokens": 192, "completion_tokens": 256, "total_tokens": 448, "token_count_source": "tokenizer", "diffusion_steps": null, "flops_estimate": null, "flops_arch": null, "flops_model_params": null, "flops_active_params": null, "tokens_non_final": 215, "tokens_reasoning": 0, "tokens_response": 215, "elapsed_seconds": 18.569680213928223, "judgement": "Uncategorized"}
{"id": "tips_000727", "topic": "tips", "subtopic": "tips_service", "prompt": "Bill is $100.10; service fee 0% and tip 18%. About how much do you pay in total?", "exact_value": 118.12, "model": "tiiuae/Falcon-H1-7B-Instruct", "provider": "transformers", "response": "Finalются примерно путем приближенного расчета стоимости счета после учета чаевых примерно до ближайшего числа примерно до ближайшего числа примерно до ближайшего числа примерно до ближайшего числа примерно до ближайшего числа примерно до ближайшего числа примерно до ближайшего числа примерно до ближайшего числа примерно до ближайшего числа примерно до ближайшего числа примерно до ближайшего числа примерно до ближайшего числа примерно до ближайшего числа примерно до ближайшего числа примерно до ближайшего числа примерно до ближайшего числа примерно до ближайшего числа примерно до ближайшего числа примерно до ближайшего числа примерно до ближайшего числа примерно до ближайшего числа примерно до ближайшего числа примерно до ближайшего числа примерно до ближайшего числа примерно до ближайшего числа примерно до ближайшего числа примерно до ближайшего числа примерно до ближайшего числа примерно до ближайшего числа примерно до ближайшего числа примерно до ближайшего числа примерно до ближайшего числа примерно до ближайшего числа примерно до ближайшего числа примерно до ближайшего числа примерно до ближайшего числа примерно до ближайшего числа примерно до ближайшего числа примерно до ближайшего числа примерно до ближайшего числа примерно до ближайшего числа примерно до ближайшего числа примерно до ближайшего числа примерно до ближайшего числа примерно до ближайшего числа примерно до ближайшего числа примерно до ближайшего числа примерно до ближайшего", "numeric_answer": null, "relative_error": null, "thinking_text": null, "has_tool_call": false, "tool_call": null, "usage": {"prompt_tokens": 192, "completion_tokens": 256, "total_tokens": 448, "token_count_source": "tokenizer"}, "decoding": {"temperature": 0.2, "top_p": null, "top_k": null, "max_tokens": 256, "seed": 42}, "prompt_tokens": 192, "completion_tokens": 256, "total_tokens": 448, "token_count_source": "tokenizer", "diffusion_steps": null, "flops_estimate": null, "flops_arch": null, "flops_model_params": null, "flops_active_params": null, "tokens_non_final": 201, "tokens_reasoning": 0, "tokens_response": 201, "elapsed_seconds": 18.54173517227173, "judgement": "Uncategorized"}
{"id": "tips_000747", "topic": "tips", "subtopic": "tips_service", "prompt": "Bill is $119.18; service fee 0% and tip 15%. About how much do you pay in total?", "exact_value": 137.06, "model": "tiiuae/Falcon-H1-7B-Instruct", "provider": "transformers", "response": "Finalются примерно кальному расчету стоимости заказаываются примерно кальному расчету стоимости заказаываются примерно кальному расчету стоимости заказаываются примерно кальному расчету стоимости заказаываются примерно кальному расчету стоимости заказаываются примерно кальному расчету стоимости заказаываются примерно кальному расчету стоимости заказаываются примерно кальному расчету стоимости заказаываются примерно кальному расчету стоимости заказаываются примерно кальному расчету стоимости заказаываются примерно кальному расчету стоимости заказаываются примерно кальному расчету стоимости заказаываются примерно кальному расчету стоимости заказаываются примерно кальному расчету стоимости заказаываются примерно кальному расчету стоимости заказаываются примерно кальному расчету стоимости заказаываются примерно кальному расчету стоимости заказаываются примерно кальному расчету стоимости заказаываются примерно кальному расчету стоимости заказаываются примерно кальному расчету стоимости заказаываются примерно кальному расчету стоимости заказаываются примерно кальному расчету стоимости заказаываются примерно кальному расчету стоимости заказаываются примерно кальному расчету стоимости заказаываются примерно кальному расчету стоимости заказаываются примерно кальному расчету стоимости заказаываются примерно кальному расчету стоимости заказаываются примерно кальному расчету стоимости заказаываются примерно к", "numeric_answer": null, "relative_error": null, "thinking_text": null, "has_tool_call": false, "tool_call": null, "usage": {"prompt_tokens": 192, "completion_tokens": 256, "total_tokens": 448, "token_count_source": "tokenizer"}, "decoding": {"temperature": 0.2, "top_p": null, "top_k": null, "max_tokens": 256, "seed": 42}, "prompt_tokens": 192, "completion_tokens": 256, "total_tokens": 448, "token_count_source": "tokenizer", "diffusion_steps": null, "flops_estimate": null, "flops_arch": null, "flops_model_params": null, "flops_active_params": null, "tokens_non_final": 143, "tokens_reasoning": 0, "tokens_response": 143, "elapsed_seconds": 18.808549642562866, "judgement": "Uncategorized"}
{"id": "tips_000767", "topic": "tips", "subtopic": "tips_service", "prompt": "Bill is $12.91; service fee 3% and tip 18%. About how much do you pay in total?", "exact_value": 15.69, "model": "tiiuae/Falcon-H1-7B-Instruct", "provider": "transformers", "response": "Finalются примерно путем приближенного расчета стоимости счета после учета процентов за услугу и чаевыхываются примерно путем приближенного расчета стоимости счета после учета процентов за услугу и чаевыеываются примерно путем приближенного расчета стоимости счета после учета процентов за услугу и чаевыеются примерно путем приближенного расчета стоимости счета после учета процентов за услугу и чаевыеются примерно путем приближенного расчета стоимости счета после учета процентов за услугу и чаевыеываются примерно путем приближенного расчета стоимости счета после учета процентов за услугу и чаевыеываются примерно путем приближенного расчета стоимости счета после учета процентов за услугу и чаевыеываются примерно путем приближенного расчета стоимости счета после учета процентов за услугу и чаевыеываются примерно путем приближенного расчета стоимости счета после учета процентов за услугу и чаевыеываются примерно путем приближенного расчета стоимости счета после учета процентов за услугу и чаевыеываются примерно путем приближенного расчета стоимости счета после учета процентов за услугу и чаевыеываются примерно путем приближенного расчета стоимости счета после учета процентов за услугу и чаевыеываются примерно путем", "numeric_answer": null, "relative_error": null, "thinking_text": null, "has_tool_call": false, "tool_call": null, "usage": {"prompt_tokens": 191, "completion_tokens": 256, "total_tokens": 447, "token_count_source": "tokenizer"}, "decoding": {"temperature": 0.2, "top_p": null, "top_k": null, "max_tokens": 256, "seed": 42}, "prompt_tokens": 191, "completion_tokens": 256, "total_tokens": 447, "token_count_source": "tokenizer", "diffusion_steps": null, "flops_estimate": null, "flops_arch": null, "flops_model_params": null, "flops_active_params": null, "tokens_non_final": 159, "tokens_reasoning": 0, "tokens_response": 159, "elapsed_seconds": 18.600644826889038, "judgement": "Uncategorized"}
{"id": "tips_000787", "topic": "tips", "subtopic": "tips_service", "prompt": "Bill is $77.28; service fee 5% and tip 22%. About how much do you pay in total?", "exact_value": 99.0, "model": "tiiuae/Falcon-H1-7B-Instruct", "provider": "transformers", "response": "Finalются примерно путем приближенного расчета стоимости счета после учета процентов на услуги и чаевыеываются примерно путем приближенного расчета стоимости счета после учета процентов на услуги и чаевыеываются примерно путем приближенного расчета стоимости счета после учета процентов на услуги и чаевыеываются примерно путем приближенного расчета стоимости счета после учета процентов на услуги и чаевыеываются примерно путем приближенного расчета стоимости счета после учета процентов на услуги и чаевыеываются примерно путем приближенного расчета стоимости счета после учета процентов на услуги и чаевыеываются примерно путем приближенного расчета стоимости счета после учета процентов на услуги и чаевыеываются примерно путем приближенного расчета стоимости счета после учета процентов на услуги и чаевыеываются примерно путем приближенного расчета стоимости счета после учета процентов на услуги и чаевыеываются примерно путем приближенного расчета стоимости счета после учета процентов на услуги и чаевыеываются примерно путем приближенного расчета стоимости счета после учета процентов на услуги и чаевыеываются примерно путем приближенного расчета стоимости счета после учета процентов на услуги и чаевыеываются примерно путем приближенного расчета стоимости счета после учета процентов", "numeric_answer": null, "relative_error": null, "thinking_text": null, "has_tool_call": false, "tool_call": null, "usage": {"prompt_tokens": 191, "completion_tokens": 256, "total_tokens": 447, "token_count_source": "tokenizer"}, "decoding": {"temperature": 0.2, "top_p": null, "top_k": null, "max_tokens": 256, "seed": 42}, "prompt_tokens": 191, "completion_tokens": 256, "total_tokens": 447, "token_count_source": "tokenizer", "diffusion_steps": null, "flops_estimate": null, "flops_arch": null, "flops_model_params": null, "flops_active_params": null, "tokens_non_final": 166, "tokens_reasoning": 0, "tokens_response": 166, "elapsed_seconds": 18.81767511367798, "judgement": "Uncategorized"}
{"id": "tips_000807", "topic": "tips", "subtopic": "tips_service", "prompt": "Bill is $114.97; service fee 3% and tip 20%. About how much do you pay in total?", "exact_value": 142.1, "model": "tiiuae/Falcon-H1-7B-Instruct", "provider": "transformers", "response": "Finalются примерно путем приближенного расчета стоимости счета после учета процентов за услугу и чаевыхываются примерно путем приближенного расчета стоимости счета после учета процентов за услугу и чаевыеываются примерно путем приближенного расчета стоимости счета после учета процентов за услугу и чаевыеются примерно путем приближенного расчета стоимости счета после учета процентов за услугу и чаевыеются примерно путем приближенного расчета стоимости счета после учета процентов за услугу и чаевыеются примерно путем приближенного расчета стоимости счета после учета процентов за услугу и чаевыеываются примерно путем приближенного расчета стоимости счета после учета процентов за услугу и чаевыеываются примерно путем приближенного расчета стоимости счета после учета процентов за услугу и чаевыеываются примерно путем приближенного расчета стоимости счета после учета процентов за услугу и чаевыеываются примерно путем приближенного расчета стоимости счета после учета процентов за услугу и чаевыеываются примерно путем приближенного расчета стоимости счета после учета процентов за услугу и чаевыеываются примерно путем приближенного расчета стоимости счета после учета процентов за услугу и чаевыеываются примерно путем", "numeric_answer": null, "relative_error": null, "thinking_text": null, "has_tool_call": false, "tool_call": null, "usage": {"prompt_tokens": 192, "completion_tokens": 256, "total_tokens": 448, "token_count_source": "tokenizer"}, "decoding": {"temperature": 0.2, "top_p": null, "top_k": null, "max_tokens": 256, "seed": 42}, "prompt_tokens": 192, "completion_tokens": 256, "total_tokens": 448, "token_count_source": "tokenizer", "diffusion_steps": null, "flops_estimate": null, "flops_arch": null, "flops_model_params": null, "flops_active_params": null, "tokens_non_final": 159, "tokens_reasoning": 0, "tokens_response": 159, "elapsed_seconds": 18.662126541137695, "judgement": "Uncategorized"}
{"id": "tips_000827", "topic": "tips", "subtopic": "tips_service", "prompt": "Bill is $39.73; service fee 5% and tip 22%. About how much do you pay in total?", "exact_value": 50.89, "model": "tiiuae/Falcon-H1-7B-Instruct", "provider": "transformers", "response": "Finalются примерно путем приближенного расчета путем округления исходного значения до ближайшего простого числа и последующего вычисления процентов путем приблизительного умножения процентов относительно этого числаываются примерно путем приближенного расчета путем округления исходного значения до ближайшего простого числа и последующего вычисления процентов путем приблизительного умножения процентов относительно этого числаются примерно путем приближенного расчета путем округления исходного значения до числа примерно до ются примерно путем приближенного расчета путем округления исходного значения до числа примерно доются примерно путем приближенного расчета путем округления исходного значения до числа примерно доются примерно путем приближенного расчета путем округления исходного значения до числа примерно доются примерно путем приближенного расчета путем округления исходного значения до числа примерно доются примерно путем приближенного расчета путем округления исходного значения до числа примерно доются примерно путем приближенного расчета путем округления исходного значения до числа примерно доются примерно путем приближенного расчета путем округления исходного значения до числа примерно доются примерно путем приближенного расчета путем округления исходного значения до числа примерно доются примерно путем приближенного расчета путем округления исходного значения", "numeric_answer": null, "relative_error": null, "thinking_text": null, "has_tool_call": false, "tool_call": null, "usage": {"prompt_tokens": 191, "completion_tokens": 256, "total_tokens": 447, "token_count_source": "tokenizer"}, "decoding": {"temperature": 0.2, "top_p": null, "top_k": null, "max_tokens": 256, "seed": 42}, "prompt_tokens": 191, "completion_tokens": 256, "total_tokens": 447, "token_count_source": "tokenizer", "diffusion_steps": null, "flops_estimate": null, "flops_arch": null, "flops_model_params": null, "flops_active_params": null, "tokens_non_final": 164, "tokens_reasoning": 0, "tokens_response": 164, "elapsed_seconds": 18.55040740966797, "judgement": "Uncategorized"}
{"id": "tips_000847", "topic": "tips", "subtopic": "tips_service", "prompt": "Bill is $108.02; service fee 3% and tip 20%. About how much do you pay in total?", "exact_value": 133.51, "model": "tiiuae/Falcon-H1-7B-Instruct", "provider": "transformers", "response": "Finalются примерно путем приближенного расчета путем округления исходного счета до ближайшего числа примерно до единицы или доли единицы и затем прибавления процентов примерно путем округления процентов до ближайшего целого числа процентовываются примерно путем приближенного расчета путем округления исходного счета до ближайшего числа примерно до единицы или доли единицы и затем прибавления процентов примерно путем округления процентов до ближайшего целого числа процентовываются примерно путем приближенного расчета путем округления исходного счета до ближайшего числа примерно до единицы или доли единицы и затем прибавления процентов примерно путем округления процентов до ближайшего целого числа процентовываются примерно путем приближенного расчета путем округления исходного счета до ближайшего числа примерно до единицы или доли единицы и затем прибавления процентов примерно путем округления процентов до ближайшего целого числа процентовываются примерно путем приближенного расчета путем округления исходного счета до ближайшего числа примерно до единицы или доли единицы и затем прибавления процентов примерно путем округления процентов до ближайшего целого числа процентовываются примерно путем приближенного расчета путем округления исходного счета до ближайшего числа примерно до единицы или дол", "numeric_answer": null, "relative_error": null, "thinking_text": null, "has_tool_call": false, "tool_call": null, "usage": {"prompt_tokens": 192, "completion_tokens": 256, "total_tokens": 448, "token_count_source": "tokenizer"}, "decoding": {"temperature": 0.2, "top_p": null, "top_k": null, "max_tokens": 256, "seed": 42}, "prompt_tokens": 192, "completion_tokens": 256, "total_tokens": 448, "token_count_source": "tokenizer", "diffusion_steps": null, "flops_estimate": null, "flops_arch": null, "flops_model_params": null, "flops_active_params": null, "tokens_non_final": 167, "tokens_reasoning": 0, "tokens_response": 167, "elapsed_seconds": 18.64987826347351, "judgement": "Uncategorized"}
{"id": "tips_000867", "topic": "tips", "subtopic": "tips_service", "prompt": "Bill is $93.22; service fee 3% and tip 22%. About how much do you pay in total?", "exact_value": 117.14, "model": "tiiuae/Falcon-H1-7B-Instruct", "provider": "transformers", "response": "Finalются примерно путем приближенного расчета стоимости счета после учета процентов на услуги и чаевыеываются примерно путем приближенного расчета стоимости счета после учета процентов на услуги и чаевыеываются примерно путем приближенного расчета стоимости счета после учета процентов на услуги и чаевыеываются примерно путем приближенного расчета стоимости счета после учета процентов на услуги и чаевыеываются примерно путем приближенного расчета стоимости счета после учета процентов на услуги и чаевыеываются примерно путем приближенного расчета стоимости счета после учета процентов на услуги и чаевыеываются примерно путем приближенного расчета стоимости счета после учета процентов на услуги и чаевыеываются примерно путем приближенного расчета стоимости счета после учета процентов на услуги и чаевыеываются примерно путем приближенного расчета стоимости счета после учета процентов на услуги и чаевыеываются примерно путем приближенного расчета стоимости счета после учета процентов на услуги и чаевыеываются примерно путем приближенного расчета стоимости счета после учета процентов на услуги и чаевыеываются примерно путем приближенного расчета стоимости счета после учета процентов на услуги и чаевыеываются примерно путем приближенного расчета стоимости счета после учета процентов", "numeric_answer": null, "relative_error": null, "thinking_text": null, "has_tool_call": false, "tool_call": null, "usage": {"prompt_tokens": 191, "completion_tokens": 256, "total_tokens": 447, "token_count_source": "tokenizer"}, "decoding": {"temperature": 0.2, "top_p": null, "top_k": null, "max_tokens": 256, "seed": 42}, "prompt_tokens": 191, "completion_tokens": 256, "total_tokens": 447, "token_count_source": "tokenizer", "diffusion_steps": null, "flops_estimate": null, "flops_arch": null, "flops_model_params": null, "flops_active_params": null, "tokens_non_final": 166, "tokens_reasoning": 0, "tokens_response": 166, "elapsed_seconds": 18.512145280838013, "judgement": "Uncategorized"}
{"id": "tips_000887", "topic": "tips", "subtopic": "tips_service", "prompt": "Bill is $41.32; service fee 0% and tip 18%. About how much do you pay in total?", "exact_value": 48.76, "model": "tiiuae/Falcon-H1-7B-Instruct", "provider": "transformers", "response": "Finalются примерно к ближайшему кратному числа примерно примерно примерно примерно примерно примерно примерно примерно примерно примерно примерно примерно примерно примерно примерно примерно примерно примерно примерно примерно примерно примерно примерно примерно примерно примерно примерно примерно примерно примерно примерно примерно примерно примерно примерно примерно примерно примерно примерно примерно примерно примерно примерно примерно примерно примерно примерно примерно примерно примерно примерно примерно примерно примерно примерно примерно примерно примерно примерно примерно примерно примерно примерно примерно примерно примерно примерно примерно примерно примерно примерно примерно примерно примерно примерно примерно примерно примерно примерно примерно примерно примерно примерно примерно примерно примерно примерно примерно примерно примерно примерно примерно примерно примерно примерно примерно примерно примерно примерно примерно примерно примерно примерно примерно примерно примерно примерно примерно примерно примерно примерно примерно примерно примерно примерно примерно примерно примерно примерно примерно примерно примерно примерно примерно примерно примерно примерно примерно примерно примерно примерно примерно примерно примерно примерно примерно примерно примерно примерно примерно примерно примерно примерно примерно примерно примерно примерно примерно примерно примерно примерно примерно примерно примерно примерно примерно примерно примерно примерно примерно примерно примерно примерно примерно примерно примерно примерно примерно примерно примерно примерно примерно примерно примерно примерно примерно примерно примерно примерно примерно примерно примерно примерно примерно примерно примерно примерно примерно примерно примерно примерно примерно примерно примерно примерно примерно примерно примерно примерно примерно примерно примерно примерно примерно примерно примерно примерно примерно примерно примерно примерно примерно примерно примерно примерно примерно примерно примерно примерно примерно примерно примерно примерно примерно примерно примерно примерно примерно примерно примерно примерно примерно примерно примерно примерно примерно примерно примерно примерно примерно примерно примерно примерно примерно примерно примерно примерно", "numeric_answer": null, "relative_error": null, "thinking_text": null, "has_tool_call": false, "tool_call": null, "usage": {"prompt_tokens": 191, "completion_tokens": 256, "total_tokens": 447, "token_count_source": "tokenizer"}, "decoding": {"temperature": 0.2, "top_p": null, "top_k": null, "max_tokens": 256, "seed": 42}, "prompt_tokens": 191, "completion_tokens": 256, "total_tokens": 447, "token_count_source": "tokenizer", "diffusion_steps": null, "flops_estimate": null, "flops_arch": null, "flops_model_params": null, "flops_active_params": null, "tokens_non_final": 253, "tokens_reasoning": 0, "tokens_response": 253, "elapsed_seconds": 18.497260332107544, "judgement": "Uncategorized"}
{"id": "tips_000907", "topic": "tips", "subtopic": "tips_service", "prompt": "Bill is $65.03; service fee 3% and tip 22%. About how much do you pay in total?", "exact_value": 81.72, "model": "tiiuae/Falcon-H1-7B-Instruct", "provider": "transformers", "response": "Finalются примерно путем приближенного расчета стоимости всего платежа путем учета процентных надбавок заagenten и чаевые согласно следующему плану примерно через несколько шагов примерно путем приближенного расчета стоимости всего платежа путем учета процентных надбавок заagenten и чаевые согласно следующему плану примерно путем приближенного расчета стоимости всего платежа путем учета процентных надбавок заagenten и чаевые согласно следующему плану примерно путем приближенного расчета стоимости всего платежа путем учета процентных надбавок заagenten и чаевые согласно следующему плану примерно путем приближенного расчета стоимости всего платежа путем учета процентных надбавок заagenten и чаевые согласно следующему плану примерно путем приближенного расчета стоимости всего платежа путем учета процентных надбавок заagenten и чаевые согласно следующему плану примерно путем приближенного расчета стоимости всего платежа путем учета процентных надбавок заagenten и чаевые согласно следующему плану примерно путем приближенного расчета стоимости всего платежа путем учета процентных надбавок заagenten и чаевые согласно следующему плану примерно путем приближенного расчета стоимости всего", "numeric_answer": null, "relative_error": null, "thinking_text": null, "has_tool_call": false, "tool_call": null, "usage": {"prompt_tokens": 191, "completion_tokens": 256, "total_tokens": 447, "token_count_source": "tokenizer"}, "decoding": {"temperature": 0.2, "top_p": null, "top_k": null, "max_tokens": 256, "seed": 42}, "prompt_tokens": 191, "completion_tokens": 256, "total_tokens": 447, "token_count_source": "tokenizer", "diffusion_steps": null, "flops_estimate": null, "flops_arch": null, "flops_model_params": null, "flops_active_params": null, "tokens_non_final": 147, "tokens_reasoning": 0, "tokens_response": 147, "elapsed_seconds": 18.678083896636963, "judgement": "Uncategorized"}
{"id": "tips_000927", "topic": "tips", "subtopic": "tips_service", "prompt": "Bill is $78.22; service fee 5% and tip 15%. About how much do you pay in total?", "exact_value": 94.45, "model": "tiiuae/Falcon-H1-7B-Instruct", "provider": "transformers", "response": "Finalются примерно путем приближенного расчета путем округления исходной суммы до ближайшего числа примерно до процентов и затем прибавления процентов сверху примерно путем прибавления процентов сверху примерно путем прибавления процентов сверху примерно путем прибавления процентов сверху примерно путем прибавления процентов сверху примерно путем прибавления процентов сверху примерно путем прибавления процентов сверху примерно путем прибавления процентов сверху примерно путем прибавления процентов сверху примерно путем прибавления процентов сверху примерно путем прибавления процентов сверху примерно путем прибавления процентов сверху примерно путем прибавления процентов сверху примерно путем прибавления процентов сверху примерно путем прибавления процентов сверху примерно путем прибавления процентов сверху примерно путем прибавления процентов сверху примерно путем прибавления процентов сверху примерно путем прибавления процентов сверху примерно путем прибавления процентов сверху примерно путем прибавления процентов сверху примерно путем прибавления процентов сверху примерно путем прибавления процентов сверху примерно путем прибавления процентов сверху примерно путем прибавления процентов сверху примерно путем прибавления процентов сверху примерно путем прибавления процентов сверху примерно путем прибавления процентов сверху примерно путем прибавления процентов сверху примерно путем", "numeric_answer": null, "relative_error": null, "thinking_text": null, "has_tool_call": false, "tool_call": null, "usage": {"prompt_tokens": 191, "completion_tokens": 256, "total_tokens": 447, "token_count_source": "tokenizer"}, "decoding": {"temperature": 0.2, "top_p": null, "top_k": null, "max_tokens": 256, "seed": 42}, "prompt_tokens": 191, "completion_tokens": 256, "total_tokens": 447, "token_count_source": "tokenizer", "diffusion_steps": null, "flops_estimate": null, "flops_arch": null, "flops_model_params": null, "flops_active_params": null, "tokens_non_final": 162, "tokens_reasoning": 0, "tokens_response": 162, "elapsed_seconds": 18.57212519645691, "judgement": "Uncategorized"}
{"id": "tips_000947", "topic": "tips", "subtopic": "tips_service", "prompt": "Bill is $97.36; service fee 3% and tip 15%. About how much do you pay in total?", "exact_value": 115.32, "model": "tiiuae/Falcon-H1-7B-Instruct", "provider": "transformers", "response": "Finalются примерно путем приближенного расчета путем округления исходного числа до ближайшего удобного значения и последующего прибавления процентов примерно путем умножения процентов непосредственно к исходному значению после округления до процентовываются примерно путем прибавления процентов непосредственно к исходному значению после округления до процентовываются примерно путем прибавления процентов непосредственно к исходному значению после округления до процентовываются примерно путем прибавления процентов непосредственно к исходному значению после округления до процентовываются примерно путем прибавления процентов непосредственно к исходному значению после округления до процентовываются примерно путем прибавления процентов непосредственно к исходному значению после округления до процентовываются примерно путем прибавления процентов непосредственно к исходному значению после округления до процентовываются примерно путем прибавления процентов непосредственно к исходному значению после округления до процентовываются примерно путем прибавления процентов непосредственно к исходному значению после округления до процентовываются примерно путем прибавления процентов непосредственно к исходному значению после округления до процентовываются примерно путем прибавления процентов непосредственно к исходному значению после округления до процентовываются примерно путем прибавления процентов непосредственно к исходному значению после округления до процентовываются примерно путем прибавления процентов непосредственно к исходному знач", "numeric_answer": null, "relative_error": null, "thinking_text": null, "has_tool_call": false, "tool_call": null, "usage": {"prompt_tokens": 191, "completion_tokens": 256, "total_tokens": 447, "token_count_source": "tokenizer"}, "decoding": {"temperature": 0.2, "top_p": null, "top_k": null, "max_tokens": 256, "seed": 42}, "prompt_tokens": 191, "completion_tokens": 256, "total_tokens": 447, "token_count_source": "tokenizer", "diffusion_steps": null, "flops_estimate": null, "flops_arch": null, "flops_model_params": null, "flops_active_params": null, "tokens_non_final": 169, "tokens_reasoning": 0, "tokens_response": 169, "elapsed_seconds": 18.552246809005737, "judgement": "Uncategorized"}
{"id": "tips_000967", "topic": "tips", "subtopic": "tips_service", "prompt": "Bill is $13.97; service fee 3% and tip 15%. About how much do you pay in total?", "exact_value": 16.55, "model": "tiiuae/Falcon-H1-7B-Instruct", "provider": "transformers", "response": "Finalются примерно путем приближенного расчета стоимости счета после учета процентов и чаевых согласно следующему плану примерно до ближайшего числа примерно до ближайшего числа примерно до ближайшего числа примерно до ближайшего числа примерно до ближайшего числа примерно до ближайшего числа примерно до ближайшего числа примерно до ближайшего числа примерно до ближайшего числа примерно до ближайшего числа примерно до ближайшего числа примерно до ближайшего числа примерно до ближайшего числа примерно до ближайшего числа примерно до ближайшего числа примерно до ближайшего числа примерно до ближайшего числа примерно до ближайшего числа примерно до ближайшего числа примерно до ближайшего числа примерно до ближайшего числа примерно до ближайшего числа примерно до ближайшего числа примерно до ближайшего числа примерно до ближайшего числа примерно до ближайшего числа примерно до ближайшего числа примерно до ближайшего числа примерно до ближайшего числа примерно до ближайшего числа примерно до ближайшего числа примерно до ближайшего числа примерно до ближайшего числа примерно до ближайшего числа примерно до ближайшего числа примерно до ближайшего числа примерно до ближайшего числа примерно до ближайшего числа примерно до ближайшего числа примерно до ближайшего числа примерно до ближайшего числа примерно до ближайшего числа примерно до ближайшего числа примерно до ближайшего числа примерно до ближайшего числа примерно до ближайшего числа примерно до", "numeric_answer": null, "relative_error": null, "thinking_text": null, "has_tool_call": false, "tool_call": null, "usage": {"prompt_tokens": 191, "completion_tokens": 256, "total_tokens": 447, "token_count_source": "tokenizer"}, "decoding": {"temperature": 0.2, "top_p": null, "top_k": null, "max_tokens": 256, "seed": 42}, "prompt_tokens": 191, "completion_tokens": 256, "total_tokens": 447, "token_count_source": "tokenizer", "diffusion_steps": null, "flops_estimate": null, "flops_arch": null, "flops_model_params": null, "flops_active_params": null, "tokens_non_final": 201, "tokens_reasoning": 0, "tokens_response": 201, "elapsed_seconds": 18.709529876708984, "judgement": "Uncategorized"}
{"id": "tips_000987", "topic": "tips", "subtopic": "tips_service", "prompt": "Bill is $60.94; service fee 5% and tip 18%. About how much do you pay in total?", "exact_value": 75.5, "model": "tiiuae/Falcon-H1-7B-Instruct", "provider": "transformers", "response": "Finalются примерно кальному расчету стоимости заказа путем прибавления процентов к исходной стоимости заказа примерно до ближайшего кратного числа примерно до ются примерно кальному расчету стоимости заказа путем прибавления процентов к исходной стоимости заказа примерно до ближайшего кратного числа примерно до ются примерно кальному расчету стоимости заказа путем прибавления процентов к исходной стоимости заказа примерно до ближайшего кратного числа примерно до ются примерно кальному расчету стоимости заказа путем прибавления процентов к исходной стоимости заказа примерно до ближайшего кратного числа примерно до ются примерно кальному расчету стоимости заказа путем прибавления процентов к исходной стоимости заказа примерно до ближайшего кратного числа примерно до", "numeric_answer": null, "relative_error": null, "thinking_text": null, "has_tool_call": false, "tool_call": null, "usage": {"prompt_tokens": 191, "completion_tokens": 151, "total_tokens": 342, "token_count_source": "tokenizer"}, "decoding": {"temperature": 0.2, "top_p": null, "top_k": null, "max_tokens": 256, "seed": 42}, "prompt_tokens": 191, "completion_tokens": 151, "total_tokens": 342, "token_count_source": "tokenizer", "diffusion_steps": null, "flops_estimate": null, "flops_arch": null, "flops_model_params": null, "flops_active_params": null, "tokens_non_final": 100, "tokens_reasoning": 0, "tokens_response": 100, "elapsed_seconds": 11.132890462875366, "judgement": "Uncategorized"}
{"id": "tips_001007", "topic": "tips", "subtopic": "tips_service", "prompt": "Bill is $101.70; service fee 3% and tip 18%. About how much do you pay in total?", "exact_value": 123.61, "model": "tiiuae/Falcon-H1-7B-Instruct", "provider": "transformers", "response": "Finalются примерно путем приближенного расчета суммы с учетом процентов и чаевыхываются примерно путем приближенного расчета суммы с учетом процентов и чаевыхываются примерно путем приближенного расчета суммы с учетом процентов и чаевыхются примерно путем приближенного расчета суммы с учетом процентов и чаевыхываются примерно путем приближенного расчета суммыываются примерно путем приближенного расчета суммыываются примерно путем приближенного расчета суммыываются примерно путем приближенного расчета суммыываются примерно путем приближенного расчета суммыываются примерно путем приближенного расчета суммыываются примерно путем приближенного расчета суммыываются примерно путем приближенного расчета суммыываются примерно путем приближенного расчета суммыываются примерно путем приближенного расчета суммыываются примерно путем приближенного расчета суммыываются примерно путем приближенного расчета суммыываются примерно путем приближенного расчета суммыываются примерно путем приближенного расчета суммыываются примерно путем приближенного расчета суммыываются примерно путем приближенного расчета суммыываются примерно путем приближенного расчета суммыываются примерно путем приближенного расчета суммыываются примерно путем приближенного расчета суммыываются примерно путем приближенного расчета суммыываются примерно путем приближенного расчета суммыываются примерно путем приближенного", "numeric_answer": null, "relative_error": null, "thinking_text": null, "has_tool_call": false, "tool_call": null, "usage": {"prompt_tokens": 192, "completion_tokens": 256, "total_tokens": 448, "token_count_source": "tokenizer"}, "decoding": {"temperature": 0.2, "top_p": null, "top_k": null, "max_tokens": 256, "seed": 42}, "prompt_tokens": 192, "completion_tokens": 256, "total_tokens": 448, "token_count_source": "tokenizer", "diffusion_steps": null, "flops_estimate": null, "flops_arch": null, "flops_model_params": null, "flops_active_params": null, "tokens_non_final": 149, "tokens_reasoning": 0, "tokens_response": 149, "elapsed_seconds": 18.6999568939209, "judgement": "Uncategorized"}
{"id": "tips_001027", "topic": "tips", "subtopic": "tips_service", "prompt": "Bill is $71.23; service fee 0% and tip 20%. About how much do you pay in total?", "exact_value": 85.48, "model": "tiiuae/Falcon-H1-7B-Instruct", "provider": "transformers", "response": "Finalются примерно на сумму примерно равную стоимости счета плюс примерно утся примерно на сумму примерно равную стоимости счета плюс примерно примерно примерно примерно примерно примерно примерно примерно примерно примерно примерно примерно примерно примерно примерно примерно примерно примерно примерно примерно примерно примерно примерно примерно примерно примерно примерно примерно примерно примерно примерно примерно примерно примерно примерно примерно примерно примерно примерно примерно примерно примерно примерно примерно примерно примерно примерно примерно примерно примерно примерно примерно примерно примерно примерно примерно примерно примерно примерно примерно примерно примерно примерно примерно примерно примерно примерно примерно примерно примерно примерно примерно примерно примерно примерно примерно примерно примерно примерно примерно примерно примерно примерно примерно примерно примерно примерно примерно примерно примерно примерно примерно примерно примерно примерно примерно примерно примерно примерно примерно примерно примерно примерно примерно примерно примерно примерно примерно примерно примерно примерно примерно примерно примерно примерно примерно примерно примерно примерно примерно примерно примерно примерно примерно примерно примерно примерно примерно примерно примерно примерно примерно примерно примерно примерно примерно примерно примерно примерно примерно примерно примерно примерно примерно примерно примерно примерно примерно примерно примерно примерно примерно примерно примерно примерно примерно примерно примерно примерно примерно примерно примерно примерно примерно примерно примерно примерно примерно примерно примерно примерно примерно примерно примерно примерно примерно примерно примерно примерно примерно примерно примерно примерно примерно примерно примерно примерно примерно примерно примерно примерно примерно примерно примерно примерно примерно примерно примерно примерно примерно примерно примерно примерно примерно примерно примерно примерно примерно примерно примерно примерно примерно примерно примерно примерно примерно примерно примерно примерно примерно примерно примерно примерно примерно примерно примерно примерно примерно примерно примерно примерно", "numeric_answer": null, "relative_error": null, "thinking_text": null, "has_tool_call": false, "tool_call": null, "usage": {"prompt_tokens": 191, "completion_tokens": 256, "total_tokens": 447, "token_count_source": "tokenizer"}, "decoding": {"temperature": 0.2, "top_p": null, "top_k": null, "max_tokens": 256, "seed": 42}, "prompt_tokens": 191, "completion_tokens": 256, "total_tokens": 447, "token_count_source": "tokenizer", "diffusion_steps": null, "flops_estimate": null, "flops_arch": null, "flops_model_params": null, "flops_active_params": null, "tokens_non_final": 250, "tokens_reasoning": 0, "tokens_response": 250, "elapsed_seconds": 18.78970217704773, "judgement": "Uncategorized"}
{"id": "tips_001047", "topic": "tips", "subtopic": "tips_service", "prompt": "Bill is $56.40; service fee 5% and tip 15%. About how much do you pay in total?", "exact_value": 68.1, "model": "tiiuae/Falcon-H1-7B-Instruct", "provider": "transformers", "response": "Finalются примерно путем приближенного расчета стоимости счета после учета процентов за услугу и чаевыхываются примерно путем приближенного расчета стоимости счета после учета процентов за услугу и чаевыеются примерно путем приближенного расчета стоимости счета после учета процентов за услугу и чаевыеются примерно путем приближенного расчета стоимости счета после учета процентов за услугу и чаевыеются примерно путем приближенного расчета стоимости счета после учета процентов за услугу и чаевыеются примерно путем приближенного расчета стоимости счета после учета процентов за услугу и чаевыеются примерно путем приближенного расчета стоимости счета после учета процентов за услугу и чаевыеются примерно путем приближенного расчета стоимости счета после учета процентов за услугу и чаевыеются примерно путем приближенного расчета стоимости счета после учета процентов за услугу и чаевыеются примерно путем приближенного расчета стоимости счета после учета процентов за услугу и чаевыеются примерно путем приближенного расчета стоимости счета после учета процентов за услугу и чаевыеются примерно путем приближенного расчета стоимости счета после учета процентов за услугу и чаевыеываются примерно путем", "numeric_answer": null, "relative_error": null, "thinking_text": null, "has_tool_call": false, "tool_call": null, "usage": {"prompt_tokens": 191, "completion_tokens": 256, "total_tokens": 447, "token_count_source": "tokenizer"}, "decoding": {"temperature": 0.2, "top_p": null, "top_k": null, "max_tokens": 256, "seed": 42}, "prompt_tokens": 191, "completion_tokens": 256, "total_tokens": 447, "token_count_source": "tokenizer", "diffusion_steps": null, "flops_estimate": null, "flops_arch": null, "flops_model_params": null, "flops_active_params": null, "tokens_non_final": 159, "tokens_reasoning": 0, "tokens_response": 159, "elapsed_seconds": 19.705970525741577, "judgement": "Uncategorized"}
{"id": "tips_001067", "topic": "tips", "subtopic": "tips_service", "prompt": "Bill is $110.45; service fee 5% and tip 20%. About how much do you pay in total?", "exact_value": 139.17, "model": "tiiuae/Falcon-H1-7B-Instruct", "provider": "transformers", "response": "Finalются примерно путем приближенного расчета суммы платежа путем прибавления процентов к стоимости счета путем прибавки процентов к стоимости счета путем прибавления процентов к стоимости счета путем прибавления процентов к стоимости счета путем прибавления процентов к стоимости счета путем прибавления процентов к стоимости счета путем прибавления процентов к стоимости счета путем прибавления процентов к стоимости счета путем прибавления процентов к стоимости счета путем прибавления процентов к стоимости счета путем прибавления процентов к стоимости счета путем прибавления процентов к стоимости счета путем прибавления процентов к стоимости счета путем прибавления процентов к стоимости счета путем прибавления процентов к стоимости счета путем прибавления процентов к стоимости счета путем прибавления процентов к стоимости счета путем прибавления процентов к стоимости счета путем прибавления процентов к стоимости счета путем прибавления процентов к стоимости счета путем прибавления процентов к стоимости счета путем прибавления процентов к стоимости счета путем прибавления процентов к стоимости счета путем прибавления процентов к стоимости счета путем прибавления процентов к стоимости счета путем прибавления процентов к стоимости счета путем прибавления процентов к стоимости счета путем", "numeric_answer": null, "relative_error": null, "thinking_text": null, "has_tool_call": false, "tool_call": null, "usage": {"prompt_tokens": 192, "completion_tokens": 256, "total_tokens": 448, "token_count_source": "tokenizer"}, "decoding": {"temperature": 0.2, "top_p": null, "top_k": null, "max_tokens": 256, "seed": 42}, "prompt_tokens": 192, "completion_tokens": 256, "total_tokens": 448, "token_count_source": "tokenizer", "diffusion_steps": null, "flops_estimate": null, "flops_arch": null, "flops_model_params": null, "flops_active_params": null, "tokens_non_final": 170, "tokens_reasoning": 0, "tokens_response": 170, "elapsed_seconds": 18.87227988243103, "judgement": "Uncategorized"}
{"id": "tips_001087", "topic": "tips", "subtopic": "tips_service", "prompt": "Bill is $32.83; service fee 0% and tip 15%. About how much do you pay in total?", "exact_value": 37.75, "model": "tiiuae/Falcon-H1-7B-Instruct", "provider": "transformers", "response": "Finalются примерно путем приближенногоывания значения до ближайшего числа примерно в десятки или пятеркиются примерно путем приближенногоывания значения до ближайшего числа примерноются путем приближенногоывания значения до ближайшего числа примерноются путем приближенногоывания значения до ближайшего числа примерноются путем приближенногоывания значения до ближайшего числа примерноются путем приближенногоывания значения до ближайшего числа примерноются путем приближенногоывания значения до ближайшего числа примерноются путем приближенногоывания значения до ближайшего числа примерноются путем приближенногоывания значения до ближайшего числа примерноются путем приближенногоывания значения до ближайшего числа примерноются путем приближенногоывания значения до ближайшего числа примерноются путем приближенногоывания значения до ближайшего числа примерноются путем приближенногоывания значения до ближайшего числа примерноются путем приближенногоывания значения до ближайшего числа примерноются путем приближенногоывания значения до ближайшего числа примерноются путем приближенногоывания значения до ближайшего числа примерноются путем приближенногоывания значения до ближайшего числа примерноются путем приближенногоывания значения до ближайшего числа примерноются путем приближенногоывания значения до ближайшего числа примерноются путем приближенногоывания значения до ближайшего числа примерноются путем приближенногоывания значения", "numeric_answer": null, "relative_error": null, "thinking_text": null, "has_tool_call": false, "tool_call": null, "usage": {"prompt_tokens": 191, "completion_tokens": 256, "total_tokens": 447, "token_count_source": "tokenizer"}, "decoding": {"temperature": 0.2, "top_p": null, "top_k": null, "max_tokens": 256, "seed": 42}, "prompt_tokens": 191, "completion_tokens": 256, "total_tokens": 447, "token_count_source": "tokenizer", "diffusion_steps": null, "flops_estimate": null, "flops_arch": null, "flops_model_params": null, "flops_active_params": null, "tokens_non_final": 150, "tokens_reasoning": 0, "tokens_response": 150, "elapsed_seconds": 18.631942987442017, "judgement": "Uncategorized"}
{"id": "tips_001107", "topic": "tips", "subtopic": "tips_service", "prompt": "Bill is $52.28; service fee 3% and tip 15%. About how much do you pay in total?", "exact_value": 61.93, "model": "tiiuae/Falcon-H1-7B-Instruct", "provider": "transformers", "response": "Finalются примерно путем приближенного расчета стоимости счета после учета процентов за услугу и чаевыхываются примерно путем приближенного расчета стоимости счета после учета процентов за услугу и чаевыеются примерно путем приближенного расчета стоимости счета после учета процентов за услугу и чаевыеются примерно путем приближенного расчета стоимости счета после учета процентов за услугу и чаевыеются примерно путем приближенного расчета стоимости счета после учета процентов за услугу и чаевыеются примерно путем приближенного расчета стоимости счета после учета процентов за услугу и чаевыеются примерно путем приближенного расчета стоимости счета после учета процентов за услугу и чаевыеются примерно путем приближенного расчета стоимости счета после учета процентов за услугу и чаевыеются примерно путем приближенного расчета стоимости счета после учета процентов за услугу и чаевыеются примерно путем приближенного расчета стоимости счета после учета процентов за услугу и чаевыеются примерно путем приближенного расчета стоимости счета после учета процентов за услугу и чаевыеются примерно путем приближенного расчета стоимости счета после учета процентов за услугу и чаевыеются примерно путем", "numeric_answer": null, "relative_error": null, "thinking_text": null, "has_tool_call": false, "tool_call": null, "usage": {"prompt_tokens": 191, "completion_tokens": 256, "total_tokens": 447, "token_count_source": "tokenizer"}, "decoding": {"temperature": 0.2, "top_p": null, "top_k": null, "max_tokens": 256, "seed": 42}, "prompt_tokens": 191, "completion_tokens": 256, "total_tokens": 447, "token_count_source": "tokenizer", "diffusion_steps": null, "flops_estimate": null, "flops_arch": null, "flops_model_params": null, "flops_active_params": null, "tokens_non_final": 159, "tokens_reasoning": 0, "tokens_response": 159, "elapsed_seconds": 18.745331287384033, "judgement": "Uncategorized"}
{"id": "tips_001127", "topic": "tips", "subtopic": "tips_service", "prompt": "Bill is $24.64; service fee 0% and tip 20%. About how much do you pay in total?", "exact_value": 29.57, "model": "tiiuae/Falcon-H1-7B-Instruct", "provider": "transformers", "response": "Finalются примерно путем приближения стоимости счета путем округления стоимости счета до ближайшего целого числа и затем прибавления примерно ются примерно путем прибывания стоимости счета путем прибывания стоимости счета примерно до ближайшего числа примерно до ближайшего числа примерно до ближайшего числа примерно до ближайшего числа примерно до ближайшего числа примерно до ближайшего числа примерно до ближайшего числа примерно до ближайшего числа примерно до ближайшего числа примерно до ближайшего числа примерно до ближайшего числа примерно до ближайшего числа примерно до ближайшего числа примерно до ближайшего числа примерно до ближайшего числа примерно до ближайшего числа примерно до ближайшего числа примерно до ближайшего числа примерно до ближайшего числа примерно до ближайшего числа примерно до ближайшего числа примерно до ближайшего числа примерно до ближайшего числа примерно до ближайшего числа примерно до ближайшего числа примерно до ближайшего числа примерно до ближайшего числа примерно до ближайшего числа примерно до ближайшего числа примерно до ближайшего числа примерно до ближайшего числа примерно до ближайшего числа примерно до ближайшего числа примерно до ближайшего числа примерно до ближайшего числа примерно до ближайшего числа примерно до ближайшего числа примерно до ближайшего числа примерно до ближайшего числа примерно до ближайшего числа примерно до ближайшего числа примерно до ближайшего числа примерно до ближай", "numeric_answer": null, "relative_error": null, "thinking_text": null, "has_tool_call": false, "tool_call": null, "usage": {"prompt_tokens": 191, "completion_tokens": 256, "total_tokens": 447, "token_count_source": "tokenizer"}, "decoding": {"temperature": 0.2, "top_p": null, "top_k": null, "max_tokens": 256, "seed": 42}, "prompt_tokens": 191, "completion_tokens": 256, "total_tokens": 447, "token_count_source": "tokenizer", "diffusion_steps": null, "flops_estimate": null, "flops_arch": null, "flops_model_params": null, "flops_active_params": null, "tokens_non_final": 199, "tokens_reasoning": 0, "tokens_response": 199, "elapsed_seconds": 18.696603536605835, "judgement": "Uncategorized"}
{"id": "tips_001147", "topic": "tips", "subtopic": "tips_service", "prompt": "Bill is $56.58; service fee 0% and tip 22%. About how much do you pay in total?", "exact_value": 69.03, "model": "tiiuae/Falcon-H1-7B-Instruct", "provider": "transformers", "response": "Finalются примерно путем приближенного расчета стоимости счета после учета чаевых примерно до ближайшего числа примерно до ближайшего числа примерно до ближайшего числа примерно до ближайшего числа примерно до ближайшего числа примерно до ближайшего числа примерно до ближайшего числа примерно до ближайшего числа примерно до ближайшего числа примерно до ближайшего числа примерно до ближайшего числа примерно до ближайшего числа примерно до ближайшего числа примерно до ближайшего числа примерно до ближайшего числа примерно до ближайшего числа примерно до ближайшего числа примерно до ближайшего числа примерно до ближайшего числа примерно до ближайшего числа примерно до ближайшего числа примерно до ближайшего числа примерно до ближайшего числа примерно до ближайшего числа примерно до ближайшего числа примерно до ближайшего числа примерно до ближайшего числа примерно до ближайшего числа примерно до ближайшего числа примерно до ближайшего числа примерно до ближайшего числа примерно до ближайшего числа примерно до ближайшего числа примерно до ближайшего числа примерно до ближайшего числа примерно до ближайшего числа примерно до ближайшего числа примерно до ближайшего числа примерно до ближайшего числа примерно до ближайшего числа примерно до ближайшего числа примерно до ближайшего числа примерно до ближайшего числа примерно до ближайшего числа примерно до ближайшего числа примерно до ближайшего числа примерно до ближайшего числа примерно до ближайшего", "numeric_answer": null, "relative_error": null, "thinking_text": null, "has_tool_call": false, "tool_call": null, "usage": {"prompt_tokens": 191, "completion_tokens": 256, "total_tokens": 447, "token_count_source": "tokenizer"}, "decoding": {"temperature": 0.2, "top_p": null, "top_k": null, "max_tokens": 256, "seed": 42}, "prompt_tokens": 191, "completion_tokens": 256, "total_tokens": 447, "token_count_source": "tokenizer", "diffusion_steps": null, "flops_estimate": null, "flops_arch": null, "flops_model_params": null, "flops_active_params": null, "tokens_non_final": 201, "tokens_reasoning": 0, "tokens_response": 201, "elapsed_seconds": 18.883840322494507, "judgement": "Uncategorized"}
{"id": "tips_001167", "topic": "tips", "subtopic": "tips_service", "prompt": "Bill is $37.99; service fee 5% and tip 18%. About how much do you pay in total?", "exact_value": 47.07, "model": "tiiuae/Falcon-H1-7B-Instruct", "provider": "transformers", "response": "Finalются примерно путем приближенного расчета стоимости счета после учета процентов за услугу и чаевых согласно следующему плану примерно через минуту или две после заказа:ются примерно путем приближенного расчета стоимости счета после учета процентов за услугу и чаевых согласно следующему плану примерно через минуту или две после заказаются примерно путем приближенного расчета стоимости счета после учета процентов за услугуются примерно путем приближенного расчета стоимости счета после учета процентовываются примерно путем приближенного расчета стоимости счета послеются примерно путем приближенного расчета стоимости счета послеются примерно путем приближенного расчета стоимости счетаываются примерно путем приближенного расчета стоимости счетаются примерно путем приближенного расчета стоимости счетаются примерно путем приближенного расчета стоимости счетаываются примерно путем приближенного расчета стоимости счетаются примерно путем приближенного расчета стоимости счетаются примерно путем приближенного расчета стоимости счетаываются примерно путем приближенного расчета стоимости счетаются примерно путем приближенного расчета стоимости счетаываются примерно путем приближенного расчета стоимости счетаются примерно путем приближенного расчета стоимости счетаываются примерно путем приближенного", "numeric_answer": null, "relative_error": null, "thinking_text": null, "has_tool_call": false, "tool_call": null, "usage": {"prompt_tokens": 191, "completion_tokens": 256, "total_tokens": 447, "token_count_source": "tokenizer"}, "decoding": {"temperature": 0.2, "top_p": null, "top_k": null, "max_tokens": 256, "seed": 42}, "prompt_tokens": 191, "completion_tokens": 256, "total_tokens": 447, "token_count_source": "tokenizer", "diffusion_steps": null, "flops_estimate": null, "flops_arch": null, "flops_model_params": null, "flops_active_params": null, "tokens_non_final": 150, "tokens_reasoning": 0, "tokens_response": 150, "elapsed_seconds": 19.172446250915527, "judgement": "Uncategorized"}
{"id": "tips_001187", "topic": "tips", "subtopic": "tips_service", "prompt": "Bill is $68.55; service fee 0% and tip 22%. About how much do you pay in total?", "exact_value": 83.63, "model": "tiiuae/Falcon-H1-7B-Instruct", "provider": "transformers", "response": "Finalются примерно путем приближения стоимости счета до ближайшего числа примерно до процентов и затем прибавления примерно рассчитываемой суммы чаевых примерно путем прибавления процентов к стоимости счета без округления до процентовываются путем прибавления процентов к стоимости счета примерно путем прибавления процентов к стоимости счета примерно путем прибавления процентов к стоимости счета примерно путем прибавления процентов к стоимости счета примерно путем прибавления процентов к стоимости счета примерно путем прибавления процентов к стоимости счета примерно путем прибавления процентов к стоимости счета примерно путем прибавления процентов к стоимости счета примерно путем прибавления процентов к стоимости счета примерно путем прибавления процентов к стоимости счета примерно путем прибавления процентов к стоимости счета примерно путем прибавления процентов к стоимости счета примерно путем прибавления процентов к стоимости счета примерно путем прибавления процентов к стоимости счета примерно путем прибавления процентов к стоимости счета примерно путем прибавления процентов к стоимости счета примерно путем прибавления процентов к стоимости счета примерно путем прибавления процентов к стоимости счета примерно путем прибавления процентов к стоимости счета примерно путем прибавления процентов к стоимости счета примерно путем прибавления процентов к стоимости счета примерно путем", "numeric_answer": null, "relative_error": null, "thinking_text": null, "has_tool_call": false, "tool_call": null, "usage": {"prompt_tokens": 191, "completion_tokens": 256, "total_tokens": 447, "token_count_source": "tokenizer"}, "decoding": {"temperature": 0.2, "top_p": null, "top_k": null, "max_tokens": 256, "seed": 42}, "prompt_tokens": 191, "completion_tokens": 256, "total_tokens": 447, "token_count_source": "tokenizer", "diffusion_steps": null, "flops_estimate": null, "flops_arch": null, "flops_model_params": null, "flops_active_params": null, "tokens_non_final": 178, "tokens_reasoning": 0, "tokens_response": 178, "elapsed_seconds": 18.641167402267456, "judgement": "Uncategorized"}
{"id": "tips_001207", "topic": "tips", "subtopic": "tips_service", "prompt": "Bill is $73.94; service fee 5% and tip 20%. About how much do you pay in total?", "exact_value": 93.16, "model": "tiiuae/Falcon-H1-7B-Instruct", "provider": "transformers", "response": "Finalются примерно путем приближенного расчета стоимости счета после учета процентов на услуги и чаевыеываются примерно путем приближенного расчета стоимости счета после учета процентов на услуги и чаевыеываются примерно путем приближенного расчета стоимости счета после учета процентов на услуги и чаевыеываются примерно путем приближенного расчета стоимости счета после учета процентов на услуги и чаевыеываются примерно путем приближенного расчета стоимости счета после учета процентов на услуги и чаевыеываются примерно путем приближенного расчета стоимости счета после учета процентов на услуги и чаевыеываются примерно путем приближенного расчета стоимости счета после учета процентов на услуги и чаевыеываются примерно путем приближенного расчета стоимости счета после учета процентов на услуги и чаевыеываются примерно путем приближенного расчета стоимости счета после учета процентов на услуги и чаевыеываются примерно путем приближенного расчета стоимости счета после учета процентов на услуги и чаевыеываются примерно путем приближенного расчета стоимости счета после учета процентов на услуги и чаевыеываются примерно путем приближенного расчета стоимости счета после учета процентов на услуги и чаевыеываются примерно путем приближенного расчета стоимости счета после учета процентов", "numeric_answer": null, "relative_error": null, "thinking_text": null, "has_tool_call": false, "tool_call": null, "usage": {"prompt_tokens": 191, "completion_tokens": 256, "total_tokens": 447, "token_count_source": "tokenizer"}, "decoding": {"temperature": 0.2, "top_p": null, "top_k": null, "max_tokens": 256, "seed": 42}, "prompt_tokens": 191, "completion_tokens": 256, "total_tokens": 447, "token_count_source": "tokenizer", "diffusion_steps": null, "flops_estimate": null, "flops_arch": null, "flops_model_params": null, "flops_active_params": null, "tokens_non_final": 166, "tokens_reasoning": 0, "tokens_response": 166, "elapsed_seconds": 18.83814239501953, "judgement": "Uncategorized"}
{"id": "tips_001227", "topic": "tips", "subtopic": "tips_service", "prompt": "Bill is $89.16; service fee 0% and tip 20%. About how much do you pay in total?", "exact_value": 106.99, "model": "tiiuae/Falcon-H1-7B-Instruct", "provider": "transformers", "response": "Finalются примерно к следующему значению после прибавки примерно двадцатой доли к стоимости счетаываются примерно примерно примерно примерно примерно примерно примерно примерно примерно примерно примерно примерно примерно примерно примерно примерно примерно примерно примерно примерно примерно примерно примерно примерно примерно примерно примерно примерно примерно примерно примерно примерно примерно примерно примерно примерно примерно примерно примерно примерно примерно примерно примерно примерно примерно примерно примерно примерно примерно примерно примерно примерно примерно примерно примерно примерно примерно примерно примерно примерно примерно примерно примерно примерно примерно примерно примерно примерно примерно примерно примерно примерно примерно примерно примерно примерно примерно примерно примерно примерно примерно примерно примерно примерно примерно примерно примерно примерно примерно примерно примерно примерно примерно примерно примерно примерно примерно примерно примерно примерно примерно примерно примерно примерно примерно примерно примерно примерно примерно примерно примерно примерно примерно примерно примерно примерно примерно примерно примерно примерно примерно примерно примерно примерно примерно примерно примерно примерно примерно примерно примерно примерно примерно примерно примерно примерно примерно примерно примерно примерно примерно примерно примерно примерно примерно примерно примерно примерно примерно примерно примерно примерно примерно примерно примерно примерно примерно примерно примерно примерно примерно примерно примерно примерно примерно примерно примерно примерно примерно примерно примерно примерно примерно примерно примерно примерно примерно примерно примерно примерно примерно примерно примерно примерно примерно примерно примерно примерно примерно примерно примерно примерно примерно примерно примерно примерно примерно примерно примерно примерно примерно примерно примерно примерно примерно примерно примерно примерно примерно примерно примерно примерно примерно примерно примерно примерно примерно примерно примерно примерно примерно примерно примерно примерно примерно примерно примерно примерно примерно примерно примерно примерно примерно", "numeric_answer": null, "relative_error": null, "thinking_text": null, "has_tool_call": false, "tool_call": null, "usage": {"prompt_tokens": 191, "completion_tokens": 256, "total_tokens": 447, "token_count_source": "tokenizer"}, "decoding": {"temperature": 0.2, "top_p": null, "top_k": null, "max_tokens": 256, "seed": 42}, "prompt_tokens": 191, "completion_tokens": 256, "total_tokens": 447, "token_count_source": "tokenizer", "diffusion_steps": null, "flops_estimate": null, "flops_arch": null, "flops_model_params": null, "flops_active_params": null, "tokens_non_final": 246, "tokens_reasoning": 0, "tokens_response": 246, "elapsed_seconds": 18.80731463432312, "judgement": "Uncategorized"}
{"id": "tips_001247", "topic": "tips", "subtopic": "tips_service", "prompt": "Bill is $77.57; service fee 0% and tip 22%. About how much do you pay in total?", "exact_value": 94.64, "model": "tiiuae/Falcon-H1-7B-Instruct", "provider": "transformers", "response": "Finalются примерно к ближайшему кратному числа примерно ются примерно к ближайшему кратному числа примерноываются примерноываются примерноываются примерноываются примерноываются примерноываются примерноываются примерноываются примерноываются примерноываются примерноываются примерноываются примерноываются примерноываются примерноываются примерноываются примерноываются примерноываются примерноываются примерноываются примерноываются примерноываются примерноываются примерноываются примерноываются примерноываются примерноываются примерноываются примерноываются примерноываются примерноываются примерноываются примерноываются примерноываются примерноываются примерноываются примерноываются примерноываются примерноываются примерноываются примерноываются примерноываются примерноываются примерноываются примерноываются примерноываются примерноываются примерноываются примерноываются примерноываются примерноываются примерноываются примерноываются примерноываются примерноываются примерноываются примерноываются примерноываются примерноываются примерноываются примерноываются примерноываются примерноываются примерноываются примерноываются примерноываются примерноываются примерноываются примерноываются примерноываются примерноываются примерноываются примерноываются примерноываются примерноываются примерноываются примерноываются примерноываются примерноываются примерноываются примерноываются примерноываются примерноываются примерноываются примерноываются примерноываются примерноываются примерноываются примерноываются примерноываются примерноываются примерноываются примерноываются примерноываются примерноываются примерноываются примерноываются примерноываются примерноываются примерноываются примерноываются примерноываются примерноываются примерноываются примерноываются примерноываются примерноываются примерноываются примерноываются примерноываются примерноываются примерноываются примерноываются примерноываются примерноываются примерноываются примерноываются примерноываются примерно", "numeric_answer": null, "relative_error": null, "thinking_text": null, "has_tool_call": false, "tool_call": null, "usage": {"prompt_tokens": 191, "completion_tokens": 256, "total_tokens": 447, "token_count_source": "tokenizer"}, "decoding": {"temperature": 0.2, "top_p": null, "top_k": null, "max_tokens": 256, "seed": 42}, "prompt_tokens": 191, "completion_tokens": 256, "total_tokens": 447, "token_count_source": "tokenizer", "diffusion_steps": null, "flops_estimate": null, "flops_arch": null, "flops_model_params": null, "flops_active_params": null, "tokens_non_final": 132, "tokens_reasoning": 0, "tokens_response": 132, "elapsed_seconds": 18.722896814346313, "judgement": "Uncategorized"}
{"id": "tips_001267", "topic": "tips", "subtopic": "tips_service", "prompt": "Bill is $17.65; service fee 0% and tip 15%. About how much do you pay in total?", "exact_value": 20.3, "model": "tiiuae/Falcon-H1-7B-Instruct", "provider": "transformers", "response": "Finalются примерно к ближайшему кратному числа примерно примерно примерно примерно примерно примерно примерно примерно примерно примерно примерно примерно примерно примерно примерно примерно примерно примерно примерно примерно примерно примерно примерно примерно примерно примерно примерно примерно примерно примерно примерно примерно примерно примерно примерно примерно примерно примерно примерно примерно примерно примерно примерно примерно примерно примерно примерно примерно примерно примерно примерно примерно примерно примерно примерно примерно примерно примерно примерно примерно примерно примерно примерно примерно примерно примерно примерно примерно примерно примерно примерно примерно примерно примерно примерно примерно примерно примерно примерно примерно примерно примерно примерно примерно примерно примерно примерно примерно примерно примерно примерно примерно примерно примерно примерно примерно примерно примерно примерно примерно примерно примерно примерно примерно примерно примерно примерно примерно примерно примерно примерно примерно примерно примерно примерно примерно примерно примерно примерно примерно примерно примерно примерно примерно примерно примерно примерно примерно примерно примерно примерно примерно примерно примерно примерно примерно примерно примерно примерно примерно примерно примерно примерно примерно примерно примерно примерно примерно примерно примерно примерно примерно примерно примерно примерно примерно примерно примерно примерно примерно примерно примерно примерно примерно примерно примерно примерно примерно примерно примерно примерно примерно примерно примерно примерно примерно примерно примерно примерно примерно примерно примерно примерно примерно примерно примерно примерно примерно примерно примерно примерно примерно примерно примерно примерно примерно примерно примерно примерно примерно примерно примерно примерно примерно примерно примерно примерно примерно примерно примерно примерно примерно примерно примерно примерно примерно примерно примерно примерно примерно примерно примерно примерно примерно примерно примерно примерно примерно примерно примерно примерно примерно примерно примерно примерно примерно примерно примерно примерно примерно примерно примерно примерно примерно примерно примерно примерно", "numeric_answer": null, "relative_error": null, "thinking_text": null, "has_tool_call": false, "tool_call": null, "usage": {"prompt_tokens": 191, "completion_tokens": 256, "total_tokens": 447, "token_count_source": "tokenizer"}, "decoding": {"temperature": 0.2, "top_p": null, "top_k": null, "max_tokens": 256, "seed": 42}, "prompt_tokens": 191, "completion_tokens": 256, "total_tokens": 447, "token_count_source": "tokenizer", "diffusion_steps": null, "flops_estimate": null, "flops_arch": null, "flops_model_params": null, "flops_active_params": null, "tokens_non_final": 253, "tokens_reasoning": 0, "tokens_response": 253, "elapsed_seconds": 18.750664234161377, "judgement": "Uncategorized"}
{"id": "tips_001287", "topic": "tips", "subtopic": "tips_service", "prompt": "Bill is $107.76; service fee 5% and tip 15%. About how much do you pay in total?", "exact_value": 130.12, "model": "tiiuae/Falcon-H1-7B-Instruct", "provider": "transformers", "response": "Finalются примерно путем приближенной вычисления стоимости всего счета путем учета процентов за услугу и чаевых сверх стоимости счета примерно такальноальноальноальноальноальноальноальноальноальноальноальноальноальноальноальноальноальноальноальноальноальноальноальноальноальноальноальноальноальноальноальноальноальноальноальноальноальноальноальноальноальноальноальноальноальноальноальноальноальноальноальноальноальноальноальноальноальноальноальноальноальноальноальноальноальноальноальноальноальноальноальноальноальноальноальноальноальноальноальноальноальноальноальноальноальноальноальноальноальноальноальноальноальноальноальноальноальноальноальноальноальноальноальноальноальноальноальноальноальноальноальноальноальноальноальноальноальноальноальноальноальноальноальноальноальноальноальноальноальноальноальноальноальноальноальноальноальноальноальноальноальноальноальноальноальноальноальноальноальноальноальноальноальноальноальноальноальноальноальноальноальноальноальноальноальноальноальноальноальноальноальноальноальноальноальноальноальноальноальноальноальноальноальноальноальноальноальноальноальноальноальноальноальноальноальноальноальноальноальноальноальноальноальноальноальноальноальноальноальноальноальноальноальноальноальноальноальноальноальноальноальноальноальноальноально", "numeric_answer": null, "relative_error": null, "thinking_text": null, "has_tool_call": false, "tool_call": null, "usage": {"prompt_tokens": 192, "completion_tokens": 256, "total_tokens": 448, "token_count_source": "tokenizer"}, "decoding": {"temperature": 0.2, "top_p": null, "top_k": null, "max_tokens": 256, "seed": 42}, "prompt_tokens": 192, "completion_tokens": 256, "total_tokens": 448, "token_count_source": "tokenizer", "diffusion_steps": null, "flops_estimate": null, "flops_arch": null, "flops_model_params": null, "flops_active_params": null, "tokens_non_final": 20, "tokens_reasoning": 0, "tokens_response": 20, "elapsed_seconds": 19.040767908096313, "judgement": "Uncategorized"}
{"id": "tips_001307", "topic": "tips", "subtopic": "tips_service", "prompt": "Bill is $49.18; service fee 0% and tip 20%. About how much do you pay in total?", "exact_value": 59.02, "model": "tiiuae/Falcon-H1-7B-Instruct", "provider": "transformers", "response": "Finalются примерно кальному расчету стоимости заказаываются примерно примерно примерно примерно примерно примерно примерно примерно примерно примерно примерно примерно примерно примерно примерно примерно примерно примерно примерно примерно примерно примерно примерно примерно примерно примерно примерно примерно примерно примерно примерно примерно примерно примерно примерно примерно примерно примерно примерно примерно примерно примерно примерно примерно примерно примерно примерно примерно примерно примерно примерно примерно примерно примерно примерно примерно примерно примерно примерно примерно примерно примерно примерно примерно примерно примерно примерно примерно примерно примерно примерно примерно примерно примерно примерно примерно примерно примерно примерно примерно примерно примерно примерно примерно примерно примерно примерно примерно примерно примерно примерно примерно примерно примерно примерно примерно примерно примерно примерно примерно примерно примерно примерно примерно примерно примерно примерно примерно примерно примерно примерно примерно примерно примерно примерно примерно примерно примерно примерно примерно примерно примерно примерно примерно примерно примерно примерно примерно примерно примерно примерно примерно примерно примерно примерно примерно примерно примерно примерно примерно примерно примерно примерно примерно примерно примерно примерно примерно примерно примерно примерно примерно примерно примерно примерно примерно примерно примерно примерно примерно примерно примерно примерно примерно примерно примерно примерно примерно примерно примерно примерно примерно примерно примерно примерно примерно примерно примерно примерно примерно примерно примерно примерно примерно примерно примерно примерно примерно примерно примерно примерно примерно примерно примерно примерно примерно примерно примерно примерно примерно примерно примерно примерно примерно примерно примерно примерно примерно примерно примерно примерно примерно примерно примерно примерно примерно примерно примерно примерно примерно примерно примерно примерно примерно примерно примерно примерно примерно примерно примерно примерно примерно примерно примерно примерно примерно примерно примерно примерно примерно примерно примерно примерно примерно примерно", "numeric_answer": null, "relative_error": null, "thinking_text": null, "has_tool_call": false, "tool_call": null, "usage": {"prompt_tokens": 191, "completion_tokens": 256, "total_tokens": 447, "token_count_source": "tokenizer"}, "decoding": {"temperature": 0.2, "top_p": null, "top_k": null, "max_tokens": 256, "seed": 42}, "prompt_tokens": 191, "completion_tokens": 256, "total_tokens": 447, "token_count_source": "tokenizer", "diffusion_steps": null, "flops_estimate": null, "flops_arch": null, "flops_model_params": null, "flops_active_params": null, "tokens_non_final": 251, "tokens_reasoning": 0, "tokens_response": 251, "elapsed_seconds": 18.742650747299194, "judgement": "Uncategorized"}
{"id": "tips_001327", "topic": "tips", "subtopic": "tips_service", "prompt": "Bill is $43.49; service fee 5% and tip 18%. About how much do you pay in total?", "exact_value": 53.88, "model": "tiiuae/Falcon-H1-7B-Instruct", "provider": "transformers", "response": "Finalются примерно путем приближенного расчета путем округления стоимости счета до ближайшего числа примерно до процентов от стоимости счета путем прибавления процентов примерно путем прибавления процентов примерно путем прибавления процентов примерно путем прибавления процентов примерно путем прибавления процентов примерно путем прибавления процентов примерно путем прибавления процентов примерно путем прибавления процентов примерно путем прибавления процентов примерно путем прибавления процентов примерно путем прибавления процентов примерно путем прибавления процентов примерно путем прибавления процентов примерно путем прибавления процентов примерно путем прибавления процентов примерно путем прибавления процентов примерно путем прибавления процентов примерно путем прибавления процентов примерно путем прибавления процентов примерно путем прибавления процентов примерно путем прибавления процентов примерно путем прибавления процентов примерно путем прибавления процентов примерно путем прибавления процентов примерно путем прибавления процентов примерно путем прибавления процентов примерно путем прибавления процентов примерно путем прибавления процентов примерно путем прибавления процентов примерно путем прибавления процентов примерно путем прибавления процентов примерно путем прибавления процентов примерно путем прибавления процентов примерно путем прибавления процентов примерно путем прибавления процентов примерно путем прибавления процентов примерно путем прибавления процентов примерно путем прибавления процентов примерно путем приб", "numeric_answer": null, "relative_error": null, "thinking_text": null, "has_tool_call": false, "tool_call": null, "usage": {"prompt_tokens": 191, "completion_tokens": 256, "total_tokens": 447, "token_count_source": "tokenizer"}, "decoding": {"temperature": 0.2, "top_p": null, "top_k": null, "max_tokens": 256, "seed": 42}, "prompt_tokens": 191, "completion_tokens": 256, "total_tokens": 447, "token_count_source": "tokenizer", "diffusion_steps": null, "flops_estimate": null, "flops_arch": null, "flops_model_params": null, "flops_active_params": null, "tokens_non_final": 172, "tokens_reasoning": 0, "tokens_response": 172, "elapsed_seconds": 18.985385417938232, "judgement": "Uncategorized"}
{"id": "fermi_000103", "topic": "fermi", "subtopic": "crowd_density", "prompt": "A plaza is about 70 m by 20 m, with roughly 4 people per square meter. About how many people are there?", "exact_value": 5600, "model": "tiiuae/Falcon-H1-7B-Instruct", "provider": "transformers", "response": "Finalются примерноются путем умножения площади на плотность населения и округления до ближайшего числа примерно в десятки или единицы порядка тысячиываются путем умножения площади на плотность населения и округления до ближайшего числа примерноются путем умножения площади на плотность населения и округываются до ближайшего числа примерноются путем умножения площади на плотность населения и округляются до ближайшего числа примерноются путем умножения площади на плотность населения и округляются до ближайшего числа примерноются путем умножения площади на плотность населения и округляются до ближайшего числа примерноются путем умножения площади на плотность населенияются путем умножения площадиются путем умножения площадиются путем умножения площадиются путем умножения площадиются путем умножения площадиются путем умножения площадиются путем умножения площадиются путем умножения площадиются путем умножения площадиются путем умножения площадиются путем умножения площадиются путем умножения площадиются путем умножения площадиются путем умножения площадиются путем умножения площадиются путем умножения площадиются путем", "numeric_answer": null, "relative_error": null, "thinking_text": null, "has_tool_call": false, "tool_call": null, "usage": {"prompt_tokens": 192, "completion_tokens": 256, "total_tokens": 448, "token_count_source": "tokenizer"}, "decoding": {"temperature": 0.2, "top_p": null, "top_k": null, "max_tokens": 256, "seed": 42}, "prompt_tokens": 192, "completion_tokens": 256, "total_tokens": 448, "token_count_source": "tokenizer", "diffusion_steps": null, "flops_estimate": null, "flops_arch": null, "flops_model_params": null, "flops_active_params": null, "tokens_non_final": 135, "tokens_reasoning": 0, "tokens_response": 135, "elapsed_seconds": 18.91723942756653, "judgement": "Uncategorized"}
{"id": "fermi_000123", "topic": "fermi", "subtopic": "crowd_density", "prompt": "A plaza is about 70 m by 35 m, with roughly 4 people per square meter. About how many people are there?", "exact_value": 9800, "model": "tiiuae/Falcon-H1-7B-Instruct", "provider": "transformers", "response": "Finalются примерноются путем умножения площади на плотность населения и округления до ближайшего кратного числа примерно примерноются путем умножения площади на плотность населения и округываются до ближайшего кратного числа примерно примерноются путем умножения площади на плотность населения и округляются до ближайшего кратного числа примерно примерноются путем умножения площади на плотность населения и округляются до ближайшего кратного числа примерно примерноются путем умножения площади на плотность населения и округываются до ближайшего кратного числа примерно примерноются путем умножения площади на плотность населения и округываются до ближайшего кратного числа примерно примерноются путем умножения площади на плотность населения и округываются до ближайшего кратного числа примерно примерноются путем умножения площади на плотность населения и округываются до ближайшего кратного числа примерно примерноются путем умножения площади на плотность населения и округываются до ближайшего кратного числа примерно примерноются путем умножения площади на плотность населения и округываются до ближайшего кратного числа примерно примерноются путем умножения площади на плотность населения и округываются до ближайшего кратного числа примерно примерно", "numeric_answer": null, "relative_error": null, "thinking_text": null, "has_tool_call": false, "tool_call": null, "usage": {"prompt_tokens": 192, "completion_tokens": 256, "total_tokens": 448, "token_count_source": "tokenizer"}, "decoding": {"temperature": 0.2, "top_p": null, "top_k": null, "max_tokens": 256, "seed": 42}, "prompt_tokens": 192, "completion_tokens": 256, "total_tokens": 448, "token_count_source": "tokenizer", "diffusion_steps": null, "flops_estimate": null, "flops_arch": null, "flops_model_params": null, "flops_active_params": null, "tokens_non_final": 156, "tokens_reasoning": 0, "tokens_response": 156, "elapsed_seconds": 18.89456605911255, "judgement": "Uncategorized"}
{"id": "fermi_000143", "topic": "fermi", "subtopic": "crowd_density", "prompt": "A plaza is about 30 m by 20 m, with roughly 1 people per square meter. About how many people are there?", "exact_value": 600, "model": "tiiuae/Falcon-H1-7B-Instruct", "provider": "transformers", "response": "Finalются примерно на число людей примерно путем умножения площади на плотность населенияются примерно путем умножения площади на плотность населенияются примерно путем умножения площадиются примерно путем умножения площадиются примерно путем умножения площадиются примерно путем умноженияются примерно путем умноженияются примерно путемются примерно путемются примерно путемются примерно путемются примерно путемются примерно путемются примерно путемются примерно путемются примерно путемются примерно путемются примерно путемются примерно путемются примерно путемются примерно путемются примерно путемются примерно путемются примерно путемются примерно путемются примерно путемются примерно путемются примерно путемются примерно путемются примерно путемются примерно путемются примерно путемются примерно путемются примерно путемются примерно путемются примерно путемются примерно путемются примерно путемются примерно путемются примерно путемются примерно путемются примерно путемются примерно путемются примерно путемются примерно путемются примерно путемются примерно путемются примерно путемются примерно путемются примерно путемются примерно путемются примерно путемются примерно путемются примерно путемются примерно путемются примерно путемются примерно путемются примерно путемются примерно путемются примерно путемются примерно путемются примерно путемются примерно путемются примерно путемются примерно путемются примерно путемются примерно путемются примерно путемются примерно путемются", "numeric_answer": null, "relative_error": null, "thinking_text": null, "has_tool_call": false, "tool_call": null, "usage": {"prompt_tokens": 192, "completion_tokens": 256, "total_tokens": 448, "token_count_source": "tokenizer"}, "decoding": {"temperature": 0.2, "top_p": null, "top_k": null, "max_tokens": 256, "seed": 42}, "prompt_tokens": 192, "completion_tokens": 256, "total_tokens": 448, "token_count_source": "tokenizer", "diffusion_steps": null, "flops_estimate": null, "flops_arch": null, "flops_model_params": null, "flops_active_params": null, "tokens_non_final": 161, "tokens_reasoning": 0, "tokens_response": 161, "elapsed_seconds": 18.47663378715515, "judgement": "Uncategorized"}
{"id": "fermi_000163", "topic": "fermi", "subtopic": "crowd_density", "prompt": "A plaza is about 70 m by 35 m, with roughly 3 people per square meter. About how many people are there?", "exact_value": 7350, "model": "tiiuae/Falcon-H1-7B-Instruct", "provider": "transformers", "response": "Finalются примерноются путем умножения площади на плотность населения и округления до ближайшего кратного числа примерно примерноются путем умножения площади на плотность населения и округываются до ближайшего кратного числа примерно примерноются путем умножения площади на плотность населения и округляются до ближайшего кратного числа примерно примерноются путем умножения площади на плотность населения и округляются до ближайшего кратного числа примерно примерноются путем умножения площади на плотность населения и округываются до ближайшего кратного числа примерно примерноются путем умножения площади на плотность населения и округываются до ближайшего кратного числа примерно примерноются путем умножения площади на плотность населения и округываются до ближайшего кратного числа примерно примерноются путем умножения площади на плотность населения и округываются до ближайшего кратного числа примерно примерноются путем умножения площади на плотность населения и округываются до ближайшего кратного числа примерно примерноются путем умножения площади на плотность населения и округываются до ближайшего кратного числа примерно примерноются путем умножения площади на плотность населения и округываются до ближайшего кратного числа примерно примерно", "numeric_answer": null, "relative_error": null, "thinking_text": null, "has_tool_call": false, "tool_call": null, "usage": {"prompt_tokens": 192, "completion_tokens": 256, "total_tokens": 448, "token_count_source": "tokenizer"}, "decoding": {"temperature": 0.2, "top_p": null, "top_k": null, "max_tokens": 256, "seed": 42}, "prompt_tokens": 192, "completion_tokens": 256, "total_tokens": 448, "token_count_source": "tokenizer", "diffusion_steps": null, "flops_estimate": null, "flops_arch": null, "flops_model_params": null, "flops_active_params": null, "tokens_non_final": 156, "tokens_reasoning": 0, "tokens_response": 156, "elapsed_seconds": 18.45777463912964, "judgement": "Uncategorized"}
{"id": "fermi_000183", "topic": "fermi", "subtopic": "crowd_density", "prompt": "A plaza is about 40 m by 35 m, with roughly 3 people per square meter. About how many people are there?", "exact_value": 4200, "model": "tiiuae/Falcon-H1-7B-Instruct", "provider": "transformers", "response": "Finalются примерноются путем умножения площади на плотность населения и округления до ближайшего кратного числа примерно примерноются путем умножения площади на плотность населения и округываются до ближайшего кратного числа примерно примерноются путем умножения площади на плотность населения и округываются до ближайшего кратного числа примерно примерноются путем умножения площади на плотность населения и округываются до ближайшего кратного числа примерно примерноются путем умножения площади на плотность населения и округываются до ближайшего кратного числа примерно примерноются путем умножения площади на плотность населения и округываются до ближайшего кратного числа примерно примерноются путем умножения площади на плотность населения и округываются до ближайшего кратного числа примерно примерноются путем умножения площади на плотность населения и округываются до ближайшего кратного числа примерно примерноются путем умножения площади на плотность населения и округываются до ближайшего кратного числа примерно примерноются путем умножения площади на плотность населения и округываются до ближайшего кратного числа примерно примерноются путем умножения площади на плотность населения и округываются до ближайшего кратного числа примерно примерно", "numeric_answer": null, "relative_error": null, "thinking_text": null, "has_tool_call": false, "tool_call": null, "usage": {"prompt_tokens": 192, "completion_tokens": 256, "total_tokens": 448, "token_count_source": "tokenizer"}, "decoding": {"temperature": 0.2, "top_p": null, "top_k": null, "max_tokens": 256, "seed": 42}, "prompt_tokens": 192, "completion_tokens": 256, "total_tokens": 448, "token_count_source": "tokenizer", "diffusion_steps": null, "flops_estimate": null, "flops_arch": null, "flops_model_params": null, "flops_active_params": null, "tokens_non_final": 156, "tokens_reasoning": 0, "tokens_response": 156, "elapsed_seconds": 18.533194065093994, "judgement": "Uncategorized"}
{"id": "fermi_000203", "topic": "fermi", "subtopic": "crowd_density", "prompt": "A plaza is about 50 m by 20 m, with roughly 4 people per square meter. About how many people are there?", "exact_value": 4000, "model": "tiiuae/Falcon-H1-7B-Instruct", "provider": "transformers", "response": "Finalются примерноются путем умножения площади на плотность населения и округления до ближайшего кратного числа примерноются путем умножения площади на плотность населения и округления до ближайшего кратного числа примерноются путем умножения площади на плотность населения и округываются до примерноются путем умножения площади на плотность населения и округляются до примерноются путем умножения площади на плотность населения и округляются до примерноются путем умножения площади на плотность населения и округляются до примерноются путем умножения площади на плотность населения и округляются до примерноются путем умножения площади на плотность населения и округляются до примерноются путем умножения площади на плотность населения и округываются до примерноются путем умножения площади на плотность населения и округываются до примерноются путем умножения площади на плотность населения и округываются до примерноются путем умножения площади на плотность населения и округываются до примерноются путем умножения площади на плотность населения и округываются до примерноются путем умножения площади на плотность населения и округываются до примерноются путем умнож", "numeric_answer": null, "relative_error": null, "thinking_text": null, "has_tool_call": false, "tool_call": null, "usage": {"prompt_tokens": 192, "completion_tokens": 256, "total_tokens": 448, "token_count_source": "tokenizer"}, "decoding": {"temperature": 0.2, "top_p": null, "top_k": null, "max_tokens": 256, "seed": 42}, "prompt_tokens": 192, "completion_tokens": 256, "total_tokens": 448, "token_count_source": "tokenizer", "diffusion_steps": null, "flops_estimate": null, "flops_arch": null, "flops_model_params": null, "flops_active_params": null, "tokens_non_final": 150, "tokens_reasoning": 0, "tokens_response": 150, "elapsed_seconds": 18.825674533843994, "judgement": "Uncategorized"}
{"id": "fermi_000223", "topic": "fermi", "subtopic": "crowd_density", "prompt": "A plaza is about 40 m by 20 m, with roughly 1 people per square meter. About how many people are there?", "exact_value": 800, "model": "tiiuae/Falcon-H1-7B-Instruct", "provider": "transformers", "response": "Finalются примерноются путем умножения размеров площади на плотность населения примерноются путем умножения размеров площади на плотность населенияются путем умножения размеров площади на плотность населенияются путем умножения размеровальной площадиются путем умножения размеровальнойальнойальнойальнойальнойальнойальнойальнойальнойальнойальнойальнойальнойальнойальнойальнойальнойальнойальнойальнойальнойальнойальнойальнойальнойальнойальнойальнойальнойальнойальнойальнойальнойальнойальнойальнойальнойальнойальнойальнойальнойальнойальнойальнойальнойальнойальнойальнойальнойальнойальнойальнойальнойальнойальнойальнойальнойальнойальнойальнойальнойальнойальнойальнойальнойальнойальнойальнойальнойальнойальнойальнойальнойальнойальнойальнойальнойальнойальнойальнойальнойальнойальнойальнойальнойальнойальнойальнойальнойальнойальнойальнойальнойальнойальнойальнойальнойальнойальнойальнойальнойальнойальнойальнойальнойальнойальнойальнойальнойальнойальнойальнойальнойальнойальнойальнойальнойальнойальнойальнойальнойальнойальнойальнойальнойальнойальнойальнойальнойальнойальнойальнойальнойальнойальнойальнойальнойальнойальнойальнойальнойальнойальнойальнойальнойальнойальнойальнойальнойальнойальнойальнойальнойальнойальнойальнойальнойальнойальнойальнойальнойальнойальнойальнойальнойальнойальнойальнойальнойальнойальнойальнойальнойальнойальнойальнойальнойальнойальнойальнойальнойальнойальнойальнойальнойальнойальнойальнойальнойальнойальнойальной", "numeric_answer": null, "relative_error": null, "thinking_text": null, "has_tool_call": false, "tool_call": null, "usage": {"prompt_tokens": 192, "completion_tokens": 256, "total_tokens": 448, "token_count_source": "tokenizer"}, "decoding": {"temperature": 0.2, "top_p": null, "top_k": null, "max_tokens": 256, "seed": 42}, "prompt_tokens": 192, "completion_tokens": 256, "total_tokens": 448, "token_count_source": "tokenizer", "diffusion_steps": null, "flops_estimate": null, "flops_arch": null, "flops_model_params": null, "flops_active_params": null, "tokens_non_final": 31, "tokens_reasoning": 0, "tokens_response": 31, "elapsed_seconds": 19.014488697052002, "judgement": "Uncategorized"}
{"id": "fermi_000243", "topic": "fermi", "subtopic": "crowd_density", "prompt": "A plaza is about 50 m by 35 m, with roughly 1 people per square meter. About how many people are there?", "exact_value": 1750, "model": "tiiuae/Falcon-H1-7B-Instruct", "provider": "transformers", "response": "Finalются примерно на число площади плотноотносятся примерно к единицам людей на квадратный метрует примерно к единицам людей на квадратный метрует примерно к единицамются примерно на число площади плотноотносятся примерно к единицамутся примерно к единицамутся примерноются примерноются примерноются примерноются примерноются примерноются примерноются примерноются примерноются примерноются примерноются примерноются примерноются примерноются примерноются примерноются примерноются примерноются примерноются примерноются примерноются примерноются примерноются примерноются примерноются примерноются примерноются примерноются примерноются примерноются примерноются примерноются примерноются примерноются примерноются примерноются примерноются примерноются примерноются примерноются примерноются примерноются примерноются примерноются примерноются примерноются примерноются примерноются примерноются примерноются примерноются примерноются примерноются примерноются примерноются примерноются примерноются примерноются примерноются примерноются примерноются примерноются примерноются примерноются примерноются примерноются примерноются примерноются примерноются примерноются примерноются примерноются примерноются примерноются примерноются примерноются примерноются примерноются примерноются примерноются примерноются примерноются примерноются примерноются примерноются примерноются примерноются примерноются примерноются примерноются примерноются примерноются примерноются примерноются примерноются примерноются примерноются примерноются примерноются примерноются примерноются примерно", "numeric_answer": null, "relative_error": null, "thinking_text": null, "has_tool_call": false, "tool_call": null, "usage": {"prompt_tokens": 192, "completion_tokens": 256, "total_tokens": 448, "token_count_source": "tokenizer"}, "decoding": {"temperature": 0.2, "top_p": null, "top_k": null, "max_tokens": 256, "seed": 42}, "prompt_tokens": 192, "completion_tokens": 256, "total_tokens": 448, "token_count_source": "tokenizer", "diffusion_steps": null, "flops_estimate": null, "flops_arch": null, "flops_model_params": null, "flops_active_params": null, "tokens_non_final": 136, "tokens_reasoning": 0, "tokens_response": 136, "elapsed_seconds": 18.825692653656006, "judgement": "Uncategorized"}
{"id": "fermi_000263", "topic": "fermi", "subtopic": "crowd_density", "prompt": "A plaza is about 40 m by 30 m, with roughly 1 people per square meter. About how many people are there?", "exact_value": 1200, "model": "tiiuae/Falcon-H1-7B-Instruct", "provider": "transformers", "response": "Finalются примерноются путем умножения размеров площади на плотность населения примерноются путем умножения размеров площади на плотность населенияются путем умножения размеров площадиются путем умножения размеровальной площадиются путем умноженияются путем умноженияются путемются путемются путемются путемются путемются путемются путемются путемются путемются путемются путемются путемются путемются путемются путемются путемются путемются путемются путемются путемются путемются путемются путемются путемются путемются путемются путемются путемются путемются путемются путемются путемются путемются путемются путемются путемются путемются путемются путемются путемются путемются путемются путемются путемются путемются путемются путемются путемются путемются путемются путемются путемются путемются путемются путемются путемются путемются путемются путемются путемются путемются путемются путемются путемются путемются путемются путемются путемются путемются путемются путемются путемются путемются путемются путемются путемются путемются путемются путемются путемются путемются путемются путемются путемются путемются путемются путемются путемются путемются путемются путемются путемются путемются путемются путемются путемются", "numeric_answer": null, "relative_error": null, "thinking_text": null, "has_tool_call": false, "tool_call": null, "usage": {"prompt_tokens": 192, "completion_tokens": 256, "total_tokens": 448, "token_count_source": "tokenizer"}, "decoding": {"temperature": 0.2, "top_p": null, "top_k": null, "max_tokens": 256, "seed": 42}, "prompt_tokens": 192, "completion_tokens": 256, "total_tokens": 448, "token_count_source": "tokenizer", "diffusion_steps": null, "flops_estimate": null, "flops_arch": null, "flops_model_params": null, "flops_active_params": null, "tokens_non_final": 125, "tokens_reasoning": 0, "tokens_response": 125, "elapsed_seconds": 18.890939950942993, "judgement": "Uncategorized"}
{"id": "fermi_000283", "topic": "fermi", "subtopic": "crowd_density", "prompt": "A plaza is about 40 m by 20 m, with roughly 1 people per square meter. About how many people are there?", "exact_value": 800, "model": "tiiuae/Falcon-H1-7B-Instruct", "provider": "transformers", "response": "Finalются примерно на количество квадратных метров и плотность населения примерно на числоются примерно на количество квадратных метров и плотность населения примерно на числоются примерноываются примерноываются примерноываются примерноываются примерноываются примерноываются примерноываются примерноываются примерноываются примерноываются примерноываются примерноываются примерноываются примерноываются примерноываются примерноываются примерноываются примерноываются примерноываются примерноываются примерноываются примерноываются примерноываются примерноываются примерноываются примерноываются примерноываются примерноываются примерноываются примерноываются примерноываются примерноываются примерноываются примерноываются примерноываются примерноываются примерноываются примерноываются примерноываются примерноываются примерноываются примерноываются примерноываются примерноываются примерноываются примерноываются примерноываются примерноываются примерноываются примерноываются примерноываются примерноываются примерноываются примерноываются примерноываются примерноываются примерноываются примерноываются примерноываются примерноываются примерноываются примерноываются примерноываются примерноываются примерноываются примерноываются примерноываются примерноываются примерноываются примерноываются примерноываются примерноываются примерноываются примерноываются примерноываются примерноываются примерноываются примерноываются примерноываются примерноываются примерноываются примерноываются примерноываются примерноываются примерноываются примерноываются примерноываются примерноываются примерноываются примерноываются примерноываются примерноываются примерноываются примерноываются примерноываются примерноываются примерноываются примерноываются примерноываются примерноываются примерноываются примерноываются примерноываются примерноываются примерноываются примерноываются примерноываются примерноываются примерноываются примерноываются примерноываются примерноываются", "numeric_answer": null, "relative_error": null, "thinking_text": null, "has_tool_call": false, "tool_call": null, "usage": {"prompt_tokens": 192, "completion_tokens": 256, "total_tokens": 448, "token_count_source": "tokenizer"}, "decoding": {"temperature": 0.2, "top_p": null, "top_k": null, "max_tokens": 256, "seed": 42}, "prompt_tokens": 192, "completion_tokens": 256, "total_tokens": 448, "token_count_source": "tokenizer", "diffusion_steps": null, "flops_estimate": null, "flops_arch": null, "flops_model_params": null, "flops_active_params": null, "tokens_non_final": 135, "tokens_reasoning": 0, "tokens_response": 135, "elapsed_seconds": 18.77325415611267, "judgement": "Uncategorized"}
{"id": "fermi_000303", "topic": "fermi", "subtopic": "crowd_density", "prompt": "A plaza is about 70 m by 25 m, with roughly 3 people per square meter. About how many people are there?", "exact_value": 5250, "model": "tiiuae/Falcon-H1-7B-Instruct", "provider": "transformers", "response": "Finalются примерноются путем умножения площади на плотность населения и округления до ближайшего кратного числа примерноются путем умножения площади на плотность населения и округления до ближайшего кратного числа примерноются путем умножения площади на плотность населения и округываются до ближайшего кратного числа примерноются путем умножения площади на плотность населения и округляются до ближайшего кратного числа примерноются путем умножения площади на плотность населения и округляются до ближайшего кратного числа примерноются путем умножения площади на плотность населения и округляются до ближайшего кратного числа примерноются путем умножения площади на плотность населения и округываются до ближайшего кратного числа примерноются путем умножения площади на плотность населения и округываются до ближайшего кратного числа примерноются путем умножения площади на плотность населения и округываются до ближайшего кратного числа примерноются путем умножения площади на плотность населения и округываются до ближайшего кратного числа примерноются путем умножения площади на плотность населения и округываются до ближайшего кратного числа примерноются путем умножения площади на плотность", "numeric_answer": null, "relative_error": null, "thinking_text": null, "has_tool_call": false, "tool_call": null, "usage": {"prompt_tokens": 192, "completion_tokens": 256, "total_tokens": 448, "token_count_source": "tokenizer"}, "decoding": {"temperature": 0.2, "top_p": null, "top_k": null, "max_tokens": 256, "seed": 42}, "prompt_tokens": 192, "completion_tokens": 256, "total_tokens": 448, "token_count_source": "tokenizer", "diffusion_steps": null, "flops_estimate": null, "flops_arch": null, "flops_model_params": null, "flops_active_params": null, "tokens_non_final": 150, "tokens_reasoning": 0, "tokens_response": 150, "elapsed_seconds": 18.62251901626587, "judgement": "Uncategorized"}
{"id": "fermi_000323", "topic": "fermi", "subtopic": "crowd_density", "prompt": "A plaza is about 70 m by 20 m, with roughly 3 people per square meter. About how many people are there?", "exact_value": 4200, "model": "tiiuae/Falcon-H1-7B-Instruct", "provider": "transformers", "response": "Finalются примерноются путем умножения площади на плотность населения примерноются путем умножения площади на плотность населенияются путем умножения площади на плотность населенияываются путем умножения площадиются путем умножения площадиются путем умножения площадиются путем умножения площадиются путем умножения площадиются путем умножения площадиются путем умножения площадиются путем умножения площадиются путем умножения площадиются путем умножения площадиются путем умножения площадиются путем умножения площадиются путем умножения площадиются путем умножения площадиются путем умножения площадиются путем умножения площадиются путем умножения площадиются путем умножения площадиются путем умножения площадиются путем умножения площадиются путем умножения площадиются путем умножения площадиются путем умножения площадиются путем умножения площадиются путем умножения площадиются путем умножения площадиются путем умножения площадиются путем умножения площадиются путем умножения площадиются путем умножения площадиются путем умножения", "numeric_answer": null, "relative_error": null, "thinking_text": null, "has_tool_call": false, "tool_call": null, "usage": {"prompt_tokens": 192, "completion_tokens": 256, "total_tokens": 448, "token_count_source": "tokenizer"}, "decoding": {"temperature": 0.2, "top_p": null, "top_k": null, "max_tokens": 256, "seed": 42}, "prompt_tokens": 192, "completion_tokens": 256, "total_tokens": 448, "token_count_source": "tokenizer", "diffusion_steps": null, "flops_estimate": null, "flops_arch": null, "flops_model_params": null, "flops_active_params": null, "tokens_non_final": 113, "tokens_reasoning": 0, "tokens_response": 113, "elapsed_seconds": 18.871116638183594, "judgement": "Uncategorized"}
{"id": "fermi_000343", "topic": "fermi", "subtopic": "crowd_density", "prompt": "A plaza is about 60 m by 30 m, with roughly 4 people per square meter. About how many people are there?", "exact_value": 7200, "model": "tiiuae/Falcon-H1-7B-Instruct", "provider": "transformers", "response": "Finalются примерноются путем умножения площади на плотность населения и округления до ближайшего кратного числа примерноются путем умножения площади на плотность населения и округываются до ближайшего кратного числа примерноются путем умножения площади на плотность населения и округываются до ближайшего кратного числа примерноются путем умножения площади на плотность населения и округываются до ближайшего кратного числа примерноются путем умножения площади на плотность населения и округываются до ближайшего кратного числа примерноются путем умножения площади на плотность населения и округываются до ближайшего кратного числа примерноются путем умножения площади на плотность населения и округываются до ближайшего кратного числа примерноются путем умножения площади на плотность населения и округываются до ближайшего кратного числа примерноются путем умножения площади на плотность населения и округываются до ближайшего кратного числа примерноются путем умножения площади на плотность населения и округываются до ближайшего кратного числа примерноются путем умножения площади на плотность населения и округываются до ближайшего кратного числа примерноются путем умножения площади на плотность", "numeric_answer": null, "relative_error": null, "thinking_text": null, "has_tool_call": false, "tool_call": null, "usage": {"prompt_tokens": 192, "completion_tokens": 256, "total_tokens": 448, "token_count_source": "tokenizer"}, "decoding": {"temperature": 0.2, "top_p": null, "top_k": null, "max_tokens": 256, "seed": 42}, "prompt_tokens": 192, "completion_tokens": 256, "total_tokens": 448, "token_count_source": "tokenizer", "diffusion_steps": null, "flops_estimate": null, "flops_arch": null, "flops_model_params": null, "flops_active_params": null, "tokens_non_final": 150, "tokens_reasoning": 0, "tokens_response": 150, "elapsed_seconds": 18.87699007987976, "judgement": "Uncategorized"}
{"id": "fermi_000363", "topic": "fermi", "subtopic": "crowd_density", "prompt": "A plaza is about 70 m by 20 m, with roughly 1 people per square meter. About how many people are there?", "exact_value": 1400, "model": "tiiuae/Falcon-H1-7B-Instruct", "provider": "transformers", "response": "Finalются примерноются путем умножения размеров площади на плотность населения примерноются путем умножения размеров площади на плотность населенияются путем умножения размеров площади на плотность населенияются путем умножения размеров площади на плотность населенияются путем умножения размеровальной площадиются путем умножения размеровальной площадиются путем умножения размеровальной площадиются путем умножения размеровальной площадиются путем умножения размеровальной площадиются путем умножения размеровальной площадиются путем умножения размеровальной площадиются путем умножения размеровальной площадиются путем умножения размеровальной площадиются путем умножения размеровальной площадиются путем умножения размеровальной площадиются путем умножения размеровальной площадиются путем умножения размеровальной площадиются путем умножения размеровальной площадиются путем умножения размеровальной площадиются путем умножения размеровальной площадиются путем умножения размеровальной площадиются путем умножения размеровальной площадиются путем умножения размеровальной площадиются путем умножения", "numeric_answer": null, "relative_error": null, "thinking_text": null, "has_tool_call": false, "tool_call": null, "usage": {"prompt_tokens": 192, "completion_tokens": 256, "total_tokens": 448, "token_count_source": "tokenizer"}, "decoding": {"temperature": 0.2, "top_p": null, "top_k": null, "max_tokens": 256, "seed": 42}, "prompt_tokens": 192, "completion_tokens": 256, "total_tokens": 448, "token_count_source": "tokenizer", "diffusion_steps": null, "flops_estimate": null, "flops_arch": null, "flops_model_params": null, "flops_active_params": null, "tokens_non_final": 109, "tokens_reasoning": 0, "tokens_response": 109, "elapsed_seconds": 18.957560062408447, "judgement": "Uncategorized"}
{"id": "fermi_000383", "topic": "fermi", "subtopic": "crowd_density", "prompt": "A plaza is about 30 m by 30 m, with roughly 1 people per square meter. About how many people are there?", "exact_value": 900, "model": "tiiuae/Falcon-H1-7B-Instruct", "provider": "transformers", "response": "Finalются", "numeric_answer": null, "relative_error": null, "thinking_text": null, "has_tool_call": false, "tool_call": null, "usage": {"prompt_tokens": 192, "completion_tokens": 3, "total_tokens": 195, "token_count_source": "tokenizer"}, "decoding": {"temperature": 0.2, "top_p": null, "top_k": null, "max_tokens": 256, "seed": 42}, "prompt_tokens": 192, "completion_tokens": 3, "total_tokens": 195, "token_count_source": "tokenizer", "diffusion_steps": null, "flops_estimate": null, "flops_arch": null, "flops_model_params": null, "flops_active_params": null, "tokens_non_final": 1, "tokens_reasoning": 0, "tokens_response": 1, "elapsed_seconds": 0.27409839630126953, "judgement": "Uncategorized"}
{"id": "fermi_000403", "topic": "fermi", "subtopic": "crowd_density", "prompt": "A plaza is about 40 m by 30 m, with roughly 2 people per square meter. About how many people are there?", "exact_value": 2400, "model": "tiiuae/Falcon-H1-7B-Instruct", "provider": "transformers", "response": "Finalются примерноются путем умножения площади на плотность населения и округления до ближайшего числа примерно в десятки или единицы порядка тысячиются примерноются путем умножения площади на плотность населения и округываются до ближайшего числа примерно в десятки или единицы порядка тысячиются примерноются путем умножения площади на плотность населения и округываются до ближайшего числа примерноются путем умножения площади на плотность населенияются путем умножения площадиются путем умножения площадиются путем умножения площадиются путем умножения площадиются путем умножения площадиются путем умножения площадиются путем умножения площадиются путем умноженияальной плотностью примерноются путем умноженияальной плотностью примерноются путем умноженияальной плотностью примерноются путем умноженияальной плотностью примерноются путем умноженияальной плотностью примерноются путем умноженияальной плотностью примерноются путем умноженияальной плотностью примерноются путем умноженияальной плотностью примерноются путем умноженияальной плотностью примерноются путем умноженияальной плотностью примерноются путем умн", "numeric_answer": null, "relative_error": null, "thinking_text": null, "has_tool_call": false, "tool_call": null, "usage": {"prompt_tokens": 192, "completion_tokens": 256, "total_tokens": 448, "token_count_source": "tokenizer"}, "decoding": {"temperature": 0.2, "top_p": null, "top_k": null, "max_tokens": 256, "seed": 42}, "prompt_tokens": 192, "completion_tokens": 256, "total_tokens": 448, "token_count_source": "tokenizer", "diffusion_steps": null, "flops_estimate": null, "flops_arch": null, "flops_model_params": null, "flops_active_params": null, "tokens_non_final": 121, "tokens_reasoning": 0, "tokens_response": 121, "elapsed_seconds": 18.771719455718994, "judgement": "Uncategorized"}
{"id": "fermi_000423", "topic": "fermi", "subtopic": "crowd_density", "prompt": "A plaza is about 70 m by 20 m, with roughly 1 people per square meter. About how many people are there?", "exact_value": 1400, "model": "tiiuae/Falcon-H1-7B-Instruct", "provider": "transformers", "response": "Finalются примерно на число площади плотноутся примерно на число примерно равное площади примерно равное примерно примерно примерно примерно примерно примерно примерно примерно примерно примерно примерно примерно примерно примерно примерно примерно примерно примерно примерно примерно примерно примерно примерно примерно примерно примерно примерно примерно примерно примерно примерно примерно примерно примерно примерно примерно примерно примерно примерно примерно примерно примерно примерно примерно примерно примерно примерно примерно примерно примерно примерно примерно примерно примерно примерно примерно примерно примерно примерно примерно примерно примерно примерно примерно примерно примерно примерно примерно примерно примерно примерно примерно примерно примерно примерно примерно примерно примерно примерно примерно примерно примерно примерно примерно примерно примерно примерно примерно примерно примерно примерно примерно примерно примерно примерно примерно примерно примерно примерно примерно примерно примерно примерно примерно примерно примерно примерно примерно примерно примерно примерно примерно примерно примерно примерно примерно примерно примерно примерно примерно примерно примерно примерно примерно примерно примерно примерно примерно примерно примерно примерно примерно примерно примерно примерно примерно примерно примерно примерно примерно примерно примерно примерно примерно примерно примерно примерно примерно примерно примерно примерно примерно примерно примерно примерно примерно примерно примерно примерно примерно примерно примерно примерно примерно примерно примерно примерно примерно примерно примерно примерно примерно примерно примерно примерно примерно примерно примерно примерно примерно примерно примерно примерно примерно примерно примерно примерно примерно примерно примерно примерно примерно примерно примерно примерно примерно примерно примерно примерно примерно примерно примерно примерно примерно примерно примерно примерно примерно примерно примерно примерно примерно примерно примерно примерно примерно примерно примерно примерно примерно примерно примерно примерно примерно примерно примерно примерно примерно примерно примерно примерно примерно примерно примерно примерно примерно примерно", "numeric_answer": null, "relative_error": null, "thinking_text": null, "has_tool_call": false, "tool_call": null, "usage": {"prompt_tokens": 192, "completion_tokens": 256, "total_tokens": 448, "token_count_source": "tokenizer"}, "decoding": {"temperature": 0.2, "top_p": null, "top_k": null, "max_tokens": 256, "seed": 42}, "prompt_tokens": 192, "completion_tokens": 256, "total_tokens": 448, "token_count_source": "tokenizer", "diffusion_steps": null, "flops_estimate": null, "flops_arch": null, "flops_model_params": null, "flops_active_params": null, "tokens_non_final": 251, "tokens_reasoning": 0, "tokens_response": 251, "elapsed_seconds": 18.628443002700806, "judgement": "Uncategorized"}
{"id": "fermi_000443", "topic": "fermi", "subtopic": "crowd_density", "prompt": "A plaza is about 30 m by 30 m, with roughly 4 people per square meter. About how many people are there?", "exact_value": 3600, "model": "tiiuae/Falcon-H1-7B-Instruct", "provider": "transformers", "response": "Finalются примерноются путем умножения площади плотно на количество людей на единицу площадиются примерноются путем умножения площади плотноются примерноются путем умножения площади плотноются примерноются путем умножения площади плотноются примерноются путем умножения площади плотноются примерноются путем умножения площади плотноются примерноются путем умножения площади плотноются примерноются путем умножения площади плотноются примерноются путем умножения площади плотноются примерноются путем умноженияальной плотноются примерноются путем умноженияальной плотноются примерноются путем умноженияальной плотноются примерноются путем умноженияальной плотноются примерноются путем умноженияальной плотноются примерноются путем умноженияальной плотноются примерноются путем умноженияальной плотноются примерноются путем умноженияальной плотноются примерноются путем умноженияальной плотноются примерноются путем умноженияальной плотноются примерноются путем умноженияальной плотноются примерноются путем умноженияальной плотноются примерноются путем умноженияальной плотноются примерноются путем умн", "numeric_answer": null, "relative_error": null, "thinking_text": null, "has_tool_call": false, "tool_call": null, "usage": {"prompt_tokens": 192, "completion_tokens": 256, "total_tokens": 448, "token_count_source": "tokenizer"}, "decoding": {"temperature": 0.2, "top_p": null, "top_k": null, "max_tokens": 256, "seed": 42}, "prompt_tokens": 192, "completion_tokens": 256, "total_tokens": 448, "token_count_source": "tokenizer", "diffusion_steps": null, "flops_estimate": null, "flops_arch": null, "flops_model_params": null, "flops_active_params": null, "tokens_non_final": 107, "tokens_reasoning": 0, "tokens_response": 107, "elapsed_seconds": 18.8307147026062, "judgement": "Uncategorized"}
{"id": "fermi_000463", "topic": "fermi", "subtopic": "crowd_density", "prompt": "A plaza is about 60 m by 25 m, with roughly 3 people per square meter. About how many people are there?", "exact_value": 4500, "model": "tiiuae/Falcon-H1-7B-Instruct", "provider": "transformers", "response": "Finalются примерноются путем умножения площади на плотность населения и округления до ближайшего кратного числа примерно примерноются путем умножения площади на плотность населения и округываются до ближайшего кратного числа примерно примерноются путем умножения площади на плотность населения и округываются до ближайшего кратного числа примерно примерноются путем умножения площади на плотность населения и округываются до ближайшего кратного числа примерно примерноются путем умножения площади на плотность населения и округываются до ближайшего кратного числа примерно примерноются путем умножения площади на плотность населения и округываются до ближайшего кратного числа примерно примерноются путем умножения площади на плотность населения и округываются до ближайшего кратного числа примерно примерноются путем умножения площади на плотность населения и округываются до ближайшего кратного числа примерно примерноются путем умножения площади на плотность населения и округываются до ближайшего кратного числа примерно примерноются путем умножения площади на плотность населения и округываются до ближайшего кратного числа примерно примерноются путем умножения площади на плотность населения и округываются до ближайшего кратного числа примерно примерно", "numeric_answer": null, "relative_error": null, "thinking_text": null, "has_tool_call": false, "tool_call": null, "usage": {"prompt_tokens": 192, "completion_tokens": 256, "total_tokens": 448, "token_count_source": "tokenizer"}, "decoding": {"temperature": 0.2, "top_p": null, "top_k": null, "max_tokens": 256, "seed": 42}, "prompt_tokens": 192, "completion_tokens": 256, "total_tokens": 448, "token_count_source": "tokenizer", "diffusion_steps": null, "flops_estimate": null, "flops_arch": null, "flops_model_params": null, "flops_active_params": null, "tokens_non_final": 156, "tokens_reasoning": 0, "tokens_response": 156, "elapsed_seconds": 19.0122492313385, "judgement": "Uncategorized"}
{"id": "fermi_000483", "topic": "fermi", "subtopic": "crowd_density", "prompt": "A plaza is about 70 m by 30 m, with roughly 2 people per square meter. About how many people are there?", "exact_value": 4200, "model": "tiiuae/Falcon-H1-7B-Instruct", "provider": "transformers", "response": "Finalются примерноются путем умножения площади на плотность населения и округления до ближайшего кратного числа примерно примерноются путем умножения площади на плотность населения и округываются до ближайшего кратного числа примерно примерноются путем умножения площади на плотность населения и округляются до ближайшего кратного числа примерно примерноются путем умножения площади на плотность населения и округляются до ближайшего кратного числа примерно примерноются путем умножения площади на плотность населения и округываются до ближайшего кратного числа примерно примерноются путем умножения площади на плотность населения и округываются до ближайшего кратного числа примерно примерноются путем умножения площади на плотность населения и округываются до ближайшего кратного числа примерно примерноются путем умножения площади на плотность населения и округываются до ближайшего кратного числа примерно примерноются путем умножения площади на плотность населения и округываются до ближайшего кратного числа примерно примерноются путем умножения площади на плотность населения и округываются до ближайшего кратного числа примерно примерноются путем умножения площади на плотность населения и округываются до ближайшего кратного числа примерно примерно", "numeric_answer": null, "relative_error": null, "thinking_text": null, "has_tool_call": false, "tool_call": null, "usage": {"prompt_tokens": 192, "completion_tokens": 256, "total_tokens": 448, "token_count_source": "tokenizer"}, "decoding": {"temperature": 0.2, "top_p": null, "top_k": null, "max_tokens": 256, "seed": 42}, "prompt_tokens": 192, "completion_tokens": 256, "total_tokens": 448, "token_count_source": "tokenizer", "diffusion_steps": null, "flops_estimate": null, "flops_arch": null, "flops_model_params": null, "flops_active_params": null, "tokens_non_final": 156, "tokens_reasoning": 0, "tokens_response": 156, "elapsed_seconds": 18.959115266799927, "judgement": "Uncategorized"}
{"id": "fermi_000503", "topic": "fermi", "subtopic": "crowd_density", "prompt": "A plaza is about 40 m by 25 m, with roughly 4 people per square meter. About how many people are there?", "exact_value": 4000, "model": "tiiuae/Falcon-H1-7B-Instruct", "provider": "transformers", "response": "Finalются примерноются путем умножения площади на плотность населения примерноются путем умножения площади на плотность населенияются путем умножения площадиются путем умноженияются путем умноженияются путем умноженияются путем умноженияются путем умноженияются путем умноженияются путемются путемются путемются путемются путемются путемются путемются путемются путемются путемются путемются путемются путемются путемются путемются путемются путемются путемются путемются путемются путемются путемются путемются путемются путемются путемются путемются путемются путемются путемются путемются путемются путемются путемются путемются путемются путемются путемются путемются путемются путемются путемются путемются путемются путемются путемются путемются путемются путемются путемются путемются путемются путемются путемются путемются путемются путемются путемются путемются путемются путемются путемются путемются путемются путемются путемются путемются путемются путемются путемются путемются путемются путемются путемются путемются путемются путемются путемются путемются путемются путемются путемются путемются путемются путемются путемются путемются путемются путемются путемются путемются путемются", "numeric_answer": null, "relative_error": null, "thinking_text": null, "has_tool_call": false, "tool_call": null, "usage": {"prompt_tokens": 192, "completion_tokens": 256, "total_tokens": 448, "token_count_source": "tokenizer"}, "decoding": {"temperature": 0.2, "top_p": null, "top_k": null, "max_tokens": 256, "seed": 42}, "prompt_tokens": 192, "completion_tokens": 256, "total_tokens": 448, "token_count_source": "tokenizer", "diffusion_steps": null, "flops_estimate": null, "flops_arch": null, "flops_model_params": null, "flops_active_params": null, "tokens_non_final": 122, "tokens_reasoning": 0, "tokens_response": 122, "elapsed_seconds": 18.960569143295288, "judgement": "Uncategorized"}
{"id": "fermi_000523", "topic": "fermi", "subtopic": "crowd_density", "prompt": "A plaza is about 50 m by 35 m, with roughly 4 people per square meter. About how many people are there?", "exact_value": 7000, "model": "tiiuae/Falcon-H1-7B-Instruct", "provider": "transformers", "response": "Finalются примерноются путем умножения площади на плотность населения и округления до ближайшего кратного числа примерно примерноются путем умножения площади на плотность населения и округления до ближайшего кратного числа примерно примерноются путем умножения площади на плотность населения и округления до ближайшего кратного числа примерно примерноются путем умножения площади на плотность населения и округления до ближайшего кратного числа примерно примерноются путем умножения площади на плотность населения и округления до ближайшего кратного числа примерно примерноются путем умножения площади на плотность населения и округления до ближайшего кратного числа примерно примерноются путем умножения площади на плотность населения и округления до ближайшего кратного числа примерно примерноются путем умножения площади на плотность населения и округления до ближайшего кратного числа примерно примерноются путем умножения площади на плотность населения и округления до ближайшего кратного числа примерно примерноются путем умножения площади на плотность населения и округления до ближайшего кратного числа примерно примерноются путем умножения площади на плотность населения и округления до ближайшего кратного числа примерно примерно", "numeric_answer": null, "relative_error": null, "thinking_text": null, "has_tool_call": false, "tool_call": null, "usage": {"prompt_tokens": 192, "completion_tokens": 256, "total_tokens": 448, "token_count_source": "tokenizer"}, "decoding": {"temperature": 0.2, "top_p": null, "top_k": null, "max_tokens": 256, "seed": 42}, "prompt_tokens": 192, "completion_tokens": 256, "total_tokens": 448, "token_count_source": "tokenizer", "diffusion_steps": null, "flops_estimate": null, "flops_arch": null, "flops_model_params": null, "flops_active_params": null, "tokens_non_final": 156, "tokens_reasoning": 0, "tokens_response": 156, "elapsed_seconds": 18.907108783721924, "judgement": "Uncategorized"}
{"id": "fermi_000543", "topic": "fermi", "subtopic": "crowd_density", "prompt": "A plaza is about 40 m by 35 m, with roughly 2 people per square meter. About how many people are there?", "exact_value": 2800, "model": "tiiuae/Falcon-H1-7B-Instruct", "provider": "transformers", "response": "Finalются примерноются путем умножения площади на плотность населения и округления до ближайшего кратного числа примерно примерноются путем умножения площади на плотность населения и округываются до ближайшего кратного числа примерно примерноются путем умножения площади на плотность населения и округываются до ближайшего кратного числа примерно примерноются путем умножения площади на плотность населения и округываются до ближайшего кратного числа примерно примерноются путем умножения площади на плотность населения и округываются до ближайшего кратного числа примерно примерноются путем умножения площади на плотность населения и округываются до ближайшего кратного числа примерно примерноются путем умножения площади на плотность населения и округываются до ближайшего кратного числа примерно примерноются путем умножения площади на плотность населения и округываются до ближайшего кратного числа примерно примерноются путем умножения площади на плотность населения и округываются до ближайшего кратного числа примерно примерноются путем умножения площади на плотность населения и округываются до ближайшего кратного числа примерно примерноются путем умножения площади на плотность населения и округываются до ближайшего кратного числа примерно примерно", "numeric_answer": null, "relative_error": null, "thinking_text": null, "has_tool_call": false, "tool_call": null, "usage": {"prompt_tokens": 192, "completion_tokens": 256, "total_tokens": 448, "token_count_source": "tokenizer"}, "decoding": {"temperature": 0.2, "top_p": null, "top_k": null, "max_tokens": 256, "seed": 42}, "prompt_tokens": 192, "completion_tokens": 256, "total_tokens": 448, "token_count_source": "tokenizer", "diffusion_steps": null, "flops_estimate": null, "flops_arch": null, "flops_model_params": null, "flops_active_params": null, "tokens_non_final": 156, "tokens_reasoning": 0, "tokens_response": 156, "elapsed_seconds": 18.854549407958984, "judgement": "Uncategorized"}
{"id": "fermi_000563", "topic": "fermi", "subtopic": "crowd_density", "prompt": "A plaza is about 30 m by 30 m, with roughly 3 people per square meter. About how many people are there?", "exact_value": 2700, "model": "tiiuae/Falcon-H1-7B-Instruct", "provider": "transformers", "response": "Finalются примерноются путем умножения площади на плотность населения и округления до ближайшего кратного числа примерно примерноются путем умножения площади на плотность населения и округываются до ближайшего кратного числа примерно примерноются путем умножения площади на плотность населения и округляются до ближайшего кратного числа примерно примерноются путем умножения площади на плотность населения и округываются до ближайшего кратного числа примерно примерноются путем умножения площади на плотность населения и округываются до ближайшего кратного числа примерно примерноются путем умножения площади на плотность населения и округываются до ближайшего кратного числа примерно примерноются путем умножения площади на плотность населения и округываются до ближайшего кратного числа примерно примерноются путем умножения площади на плотность населения и округываются до ближайшего кратного числа примерно примерноются путем умножения площади на плотность населения и округываются до ближайшего кратного числа примерно примерноются путем умножения площади на плотность населения и округываются до ближайшего кратного числа примерно примерноются путем умножения площади на плотность населения и округываются до ближайшего кратного числа примерно примерно", "numeric_answer": null, "relative_error": null, "thinking_text": null, "has_tool_call": false, "tool_call": null, "usage": {"prompt_tokens": 192, "completion_tokens": 256, "total_tokens": 448, "token_count_source": "tokenizer"}, "decoding": {"temperature": 0.2, "top_p": null, "top_k": null, "max_tokens": 256, "seed": 42}, "prompt_tokens": 192, "completion_tokens": 256, "total_tokens": 448, "token_count_source": "tokenizer", "diffusion_steps": null, "flops_estimate": null, "flops_arch": null, "flops_model_params": null, "flops_active_params": null, "tokens_non_final": 156, "tokens_reasoning": 0, "tokens_response": 156, "elapsed_seconds": 18.72558069229126, "judgement": "Uncategorized"}
{"id": "fermi_000583", "topic": "fermi", "subtopic": "crowd_density", "prompt": "A plaza is about 60 m by 25 m, with roughly 4 people per square meter. About how many people are there?", "exact_value": 6000, "model": "tiiuae/Falcon-H1-7B-Instruct", "provider": "transformers", "response": "Finalются", "numeric_answer": null, "relative_error": null, "thinking_text": null, "has_tool_call": false, "tool_call": null, "usage": {"prompt_tokens": 192, "completion_tokens": 3, "total_tokens": 195, "token_count_source": "tokenizer"}, "decoding": {"temperature": 0.2, "top_p": null, "top_k": null, "max_tokens": 256, "seed": 42}, "prompt_tokens": 192, "completion_tokens": 3, "total_tokens": 195, "token_count_source": "tokenizer", "diffusion_steps": null, "flops_estimate": null, "flops_arch": null, "flops_model_params": null, "flops_active_params": null, "tokens_non_final": 1, "tokens_reasoning": 0, "tokens_response": 1, "elapsed_seconds": 0.2611043453216553, "judgement": "Uncategorized"}
{"id": "fermi_000603", "topic": "fermi", "subtopic": "crowd_density", "prompt": "A plaza is about 70 m by 25 m, with roughly 3 people per square meter. About how many people are there?", "exact_value": 5250, "model": "tiiuae/Falcon-H1-7B-Instruct", "provider": "transformers", "response": "Finalются примерноются путем умножения площади на плотность населения и округления до ближайшего числа примерно в десятки или единицы порядка тысячиываются путем умножения площади на плотность населения и округления до ближайшего числа примерноются путем умножения площади на плотность населения и округываются до ближайшего числа примерноются путем умножения площади на плотность населения и округываются до ближайшего числа примерноются путем умножения площади на плотность населения и округляются до ближайшего числа примерноются путем умножения площади на плотность населения и округляются до ближайшего числа примерноются путем умножения площади на плотность населения и округляются до ближайшего числа примерноются путем умножения площади на плотность населения и округываются до ближайшего числа примерноются путем умножения площади на плотность населенияются путем умножения площадиются путем умножения площадиются путем умножения площадиются путем умножения площадиются путем умножения площадиются путем умножения площадиются путем умноженияальной плотностью примерноются путем умноженияальной плотностью примерноются путем умноженияальной плотностью", "numeric_answer": null, "relative_error": null, "thinking_text": null, "has_tool_call": false, "tool_call": null, "usage": {"prompt_tokens": 192, "completion_tokens": 256, "total_tokens": 448, "token_count_source": "tokenizer"}, "decoding": {"temperature": 0.2, "top_p": null, "top_k": null, "max_tokens": 256, "seed": 42}, "prompt_tokens": 192, "completion_tokens": 256, "total_tokens": 448, "token_count_source": "tokenizer", "diffusion_steps": null, "flops_estimate": null, "flops_arch": null, "flops_model_params": null, "flops_active_params": null, "tokens_non_final": 139, "tokens_reasoning": 0, "tokens_response": 139, "elapsed_seconds": 18.882549047470093, "judgement": "Uncategorized"}
{"id": "fermi_000623", "topic": "fermi", "subtopic": "crowd_density", "prompt": "A plaza is about 70 m by 35 m, with roughly 3 people per square meter. About how many people are there?", "exact_value": 7350, "model": "tiiuae/Falcon-H1-7B-Instruct", "provider": "transformers", "response": "Finalются примерноются путем умножения площади на плотность населения и округления до ближайшего кратного числа примерноются путем умножения площади на плотность населения и округываются до ближайшего кратного числа примерноются путем умножения площади на плотность населения и округляются до ближайшего кратного числа примерноются путем умножения площади на плотность населения и округляются до ближайшего кратного числа примерноются путем умножения площади на плотность населения и округляются до ближайшего кратного числа примерноются путем умножения площади на плотность населения и округываются до ближайшего кратного числа примерноются путем умножения площади на плотность населения и округываются до ближайшего кратного числа примерноются путем умножения площади на плотность населения и округываются до ближайшего кратного числа примерноются путем умножения площади на плотность населения и округываются до ближайшего кратного числа примерноются путем умножения площади на плотность населения и округываются до ближайшего кратного числа примерноются путем умножения площади на плотность населения и округываются до ближайшего кратного числа примерноются путем умножения площади на плотность", "numeric_answer": null, "relative_error": null, "thinking_text": null, "has_tool_call": false, "tool_call": null, "usage": {"prompt_tokens": 192, "completion_tokens": 256, "total_tokens": 448, "token_count_source": "tokenizer"}, "decoding": {"temperature": 0.2, "top_p": null, "top_k": null, "max_tokens": 256, "seed": 42}, "prompt_tokens": 192, "completion_tokens": 256, "total_tokens": 448, "token_count_source": "tokenizer", "diffusion_steps": null, "flops_estimate": null, "flops_arch": null, "flops_model_params": null, "flops_active_params": null, "tokens_non_final": 150, "tokens_reasoning": 0, "tokens_response": 150, "elapsed_seconds": 18.763551473617554, "judgement": "Uncategorized"}
{"id": "fermi_000643", "topic": "fermi", "subtopic": "crowd_density", "prompt": "A plaza is about 30 m by 25 m, with roughly 4 people per square meter. About how many people are there?", "exact_value": 3000, "model": "tiiuae/Falcon-H1-7B-Instruct", "provider": "transformers", "response": "Finalются примерноются путем умножения площади на плотность населения и округления до ближайшего кратного числа примерно примерноются путем умножения площади на плотность населения и округываются до ближайшего кратного числа примерно примерноются путем умножения площади на плотность населения и округляются до ближайшего кратного числа примерно примерноются путем умножения площади на плотность населения и округляются до ближайшего кратного числа примерно примерноются путем умножения площади на плотность населения и округываются до ближайшего кратного числа примерно примерноются путем умножения площади на плотность населения и округываются до ближайшего кратного числа примерно примерноются путем умножения площади на плотность населения и округываются до ближайшего кратного числа примерно примерноются путем умножения площади на плотность населения и округываются до ближайшего кратного числа примерно примерноются путем умножения площади на плотность населения и округываются до ближайшего кратного числа примерно примерноются путем умножения площади на плотность населения и округываются до ближайшего кратного числа примерно примерноются путем умножения площади на плотность населения и округываются до ближайшего кратного числа примерно примерно", "numeric_answer": null, "relative_error": null, "thinking_text": null, "has_tool_call": false, "tool_call": null, "usage": {"prompt_tokens": 192, "completion_tokens": 256, "total_tokens": 448, "token_count_source": "tokenizer"}, "decoding": {"temperature": 0.2, "top_p": null, "top_k": null, "max_tokens": 256, "seed": 42}, "prompt_tokens": 192, "completion_tokens": 256, "total_tokens": 448, "token_count_source": "tokenizer", "diffusion_steps": null, "flops_estimate": null, "flops_arch": null, "flops_model_params": null, "flops_active_params": null, "tokens_non_final": 156, "tokens_reasoning": 0, "tokens_response": 156, "elapsed_seconds": 18.81117057800293, "judgement": "Uncategorized"}
{"id": "fermi_000663", "topic": "fermi", "subtopic": "crowd_density", "prompt": "A plaza is about 30 m by 25 m, with roughly 2 people per square meter. About how many people are there?", "exact_value": 1500, "model": "tiiuae/Falcon-H1-7B-Instruct", "provider": "transformers", "response": "Finalются примерноются путем умножения площади на плотность населения и округления до ближайшего кратного числа примерно примерноются путем умножения площади на плотность населения и округываются до ближайшего кратного числа примерно примерноются путем умножения площади на плотность населения и округываются до ближайшего кратного числа примерно примерноются путем умножения площади на плотность населения и округываются до ближайшего кратного числа примерно примерноются путем умножения площади на плотность населения и округываются до ближайшего кратного числа примерно примерноются путем умножения площади на плотность населения и округываются до ближайшего кратного числа примерно примерноются путем умножения площади на плотность населения и округываются до ближайшего кратного числа примерно примерноются путем умножения площади на плотность населения и округываются до ближайшего кратного числа примерно примерноются путем умножения площади на плотность населения и округываются до ближайшего кратного числа примерно примерноются путем умножения площади на плотность населения и округываются до ближайшего кратного числа примерно примерноются путем умножения площади на плотность населения и округываются до ближайшего кратного числа примерно примерно", "numeric_answer": null, "relative_error": null, "thinking_text": null, "has_tool_call": false, "tool_call": null, "usage": {"prompt_tokens": 192, "completion_tokens": 256, "total_tokens": 448, "token_count_source": "tokenizer"}, "decoding": {"temperature": 0.2, "top_p": null, "top_k": null, "max_tokens": 256, "seed": 42}, "prompt_tokens": 192, "completion_tokens": 256, "total_tokens": 448, "token_count_source": "tokenizer", "diffusion_steps": null, "flops_estimate": null, "flops_arch": null, "flops_model_params": null, "flops_active_params": null, "tokens_non_final": 156, "tokens_reasoning": 0, "tokens_response": 156, "elapsed_seconds": 19.012484073638916, "judgement": "Uncategorized"}
{"id": "fermi_000683", "topic": "fermi", "subtopic": "crowd_density", "prompt": "A plaza is about 70 m by 35 m, with roughly 1 people per square meter. About how many people are there?", "exact_value": 2450, "model": "tiiuae/Falcon-H1-7B-Instruct", "provider": "transformers", "response": "Finalются примерно на количество людей примерно путем умножения площади на плотность населения примерно примерно примерно примерно примерно примерно примерно примерно примерно примерно примерно примерно примерно примерно примерно примерно примерно примерно примерно примерно примерно примерно примерно примерно примерно примерно примерно примерно примерно примерно примерно примерно примерно примерно примерно примерно примерно примерно примерно примерно примерно примерно примерно примерно примерно примерно примерно примерно примерно примерно примерно примерно примерно примерно примерно примерно примерно примерно примерно примерно примерно примерно примерно примерно примерно примерно примерно примерно примерно примерно примерно примерно примерно примерно примерно примерно примерно примерно примерно примерно примерно примерно примерно примерно примерно примерно примерно примерно примерно примерно примерно примерно примерно примерно примерно примерно примерно примерно примерно примерно примерно примерно примерно примерно примерно примерно примерно примерно примерно примерно примерно примерно примерно примерно примерно примерно примерно примерно примерно примерно примерно примерно примерно примерно примерно примерно примерно примерно примерно примерно примерно примерно примерно примерно примерно примерно примерно примерно примерно примерно примерно примерно примерно примерно примерно примерно примерно примерно примерно примерно примерно примерно примерно примерно примерно примерно примерно примерно примерно примерно примерно примерно примерно примерно примерно примерно примерно примерно примерно примерно примерно примерно примерно примерно примерно примерно примерно примерно примерно примерно примерно примерно примерно примерно примерно примерно примерно примерно примерно примерно примерно примерно примерно примерно примерно примерно примерно примерно примерно примерно примерно примерно примерно примерно примерно примерно примерно примерно примерно примерно примерно примерно примерно примерно примерно примерно примерно примерно примерно примерно примерно примерно примерно примерно примерно примерно примерно примерно примерно примерно примерно примерно примерно примерно примерно примерно примерно примерно", "numeric_answer": null, "relative_error": null, "thinking_text": null, "has_tool_call": false, "tool_call": null, "usage": {"prompt_tokens": 192, "completion_tokens": 256, "total_tokens": 448, "token_count_source": "tokenizer"}, "decoding": {"temperature": 0.2, "top_p": null, "top_k": null, "max_tokens": 256, "seed": 42}, "prompt_tokens": 192, "completion_tokens": 256, "total_tokens": 448, "token_count_source": "tokenizer", "diffusion_steps": null, "flops_estimate": null, "flops_arch": null, "flops_model_params": null, "flops_active_params": null, "tokens_non_final": 250, "tokens_reasoning": 0, "tokens_response": 250, "elapsed_seconds": 18.853780269622803, "judgement": "Uncategorized"}
{"id": "fermi_000703", "topic": "fermi", "subtopic": "crowd_density", "prompt": "A plaza is about 40 m by 25 m, with roughly 1 people per square meter. About how many people are there?", "exact_value": 1000, "model": "tiiuae/Falcon-H1-7B-Instruct", "provider": "transformers", "response": "Finalются примерноются путем умножения площади на плотность населенияются примерноются путем умножения площади на плотность населенияются примерноются путем умножения площадиются примерноются путем умноженияются примерноются путемются примерноются путемются примерноются путемются примерноются путемются примерноются путемются примерноются путемются примерноются путемются примерноются путемются примерноются путемются примерноются путемются примерноются путемются примерноются путемются примерноются путемются примерноются путемются примерноются путемются примерноются путемются примерноются путемются примерноются путемются примерноются путемются примерноются путемются примерноются путемются примерноются путемются примерноются путемются примерноются путемются примерноются путемются примерноются путемются примерноются путемются примерноются путемются примерноются путемются примерноются путемются примерноются путемются примерноются путемются примерноются путемются примерноются путемются примерноются путемются примерноются путемются примерноются путемются примерноются путемются примерноются путемются примерноются путемются примерноются путемются примерноются путемются примерноются путемются примерноются путемются примерноются путемются примерноются путемются примерноются путемются примерноются путемются примерноются путемются примерноются путемются примерноются путемются примерноются путемются примерно", "numeric_answer": null, "relative_error": null, "thinking_text": null, "has_tool_call": false, "tool_call": null, "usage": {"prompt_tokens": 192, "completion_tokens": 256, "total_tokens": 448, "token_count_source": "tokenizer"}, "decoding": {"temperature": 0.2, "top_p": null, "top_k": null, "max_tokens": 256, "seed": 42}, "prompt_tokens": 192, "completion_tokens": 256, "total_tokens": 448, "token_count_source": "tokenizer", "diffusion_steps": null, "flops_estimate": null, "flops_arch": null, "flops_model_params": null, "flops_active_params": null, "tokens_non_final": 127, "tokens_reasoning": 0, "tokens_response": 127, "elapsed_seconds": 18.80264925956726, "judgement": "Uncategorized"}
{"id": "fermi_000723", "topic": "fermi", "subtopic": "crowd_density", "prompt": "A plaza is about 50 m by 30 m, with roughly 4 people per square meter. About how many people are there?", "exact_value": 6000, "model": "tiiuae/Falcon-H1-7B-Instruct", "provider": "transformers", "response": "Finalются примерноются путем умножения площади на плотность населения и округления до ближайшего кратного числа примерно примерноются путем умножения площади на плотность населения и округываются до ближайшего кратного числа примерно примерноются путем умножения площади на плотность населения и округляются до ближайшего кратного числа примерно примерноются путем умножения площади на плотность населения и округляются до ближайшего кратного числа примерно примерноются путем умножения площади на плотность населения и округываются до ближайшего кратного числа примерно примерноются путем умножения площади на плотность населения и округываются до ближайшего кратного числа примерно примерноются путем умножения площади на плотность населения и округываются до ближайшего кратного числа примерно примерноются путем умножения площади на плотность населения и округываются до ближайшего кратного числа примерно примерноются путем умножения площади на плотность населения и округываются до ближайшего кратного числа примерно примерноются путем умножения площади на плотность населения и округываются до ближайшего кратного числа примерно примерноются путем умножения площади на плотность населения и округываются до ближайшего кратного числа примерно примерно", "numeric_answer": null, "relative_error": null, "thinking_text": null, "has_tool_call": false, "tool_call": null, "usage": {"prompt_tokens": 192, "completion_tokens": 256, "total_tokens": 448, "token_count_source": "tokenizer"}, "decoding": {"temperature": 0.2, "top_p": null, "top_k": null, "max_tokens": 256, "seed": 42}, "prompt_tokens": 192, "completion_tokens": 256, "total_tokens": 448, "token_count_source": "tokenizer", "diffusion_steps": null, "flops_estimate": null, "flops_arch": null, "flops_model_params": null, "flops_active_params": null, "tokens_non_final": 156, "tokens_reasoning": 0, "tokens_response": 156, "elapsed_seconds": 18.509908199310303, "judgement": "Uncategorized"}
{"id": "fermi_000743", "topic": "fermi", "subtopic": "crowd_density", "prompt": "A plaza is about 50 m by 25 m, with roughly 4 people per square meter. About how many people are there?", "exact_value": 5000, "model": "tiiuae/Falcon-H1-7B-Instruct", "provider": "transformers", "response": "Finalются примерноются путем вычисления площади и умножения на плотность населения", "numeric_answer": null, "relative_error": null, "thinking_text": null, "has_tool_call": false, "tool_call": null, "usage": {"prompt_tokens": 192, "completion_tokens": 20, "total_tokens": 212, "token_count_source": "tokenizer"}, "decoding": {"temperature": 0.2, "top_p": null, "top_k": null, "max_tokens": 256, "seed": 42}, "prompt_tokens": 192, "completion_tokens": 20, "total_tokens": 212, "token_count_source": "tokenizer", "diffusion_steps": null, "flops_estimate": null, "flops_arch": null, "flops_model_params": null, "flops_active_params": null, "tokens_non_final": 10, "tokens_reasoning": 0, "tokens_response": 10, "elapsed_seconds": 1.4846608638763428, "judgement": "Uncategorized"}
{"id": "fermi_000763", "topic": "fermi", "subtopic": "crowd_density", "prompt": "A plaza is about 60 m by 35 m, with roughly 4 people per square meter. About how many people are there?", "exact_value": 8400, "model": "tiiuae/Falcon-H1-7B-Instruct", "provider": "transformers", "response": "Finalются примерноются путем умножения площади на плотность населения и округления до ближайшего кратного числа примерно примерноются путем умножения площади на плотность населения и округываются до ближайшего кратного числа примерно примерноются путем умножения площади на плотность населения и округываются до ближайшего кратного числа примерно примерноются путем умножения площади на плотность населения и округываются до ближайшего кратного числа примерно примерноются путем умножения площади на плотность населения и округываются до ближайшего кратного числа примерно примерноются путем умножения площади на плотность населения и округываются до ближайшего кратного числа примерно примерноются путем умножения площади на плотность населения и округываются до ближайшего кратного числа примерно примерноются путем умножения площади на плотность населения и округываются до ближайшего кратного числа примерно примерноются путем умножения площади на плотность населения и округываются до ближайшего кратного числа примерно примерноются путем умножения площади на плотность населения и округываются до ближайшего кратного числа примерно примерноются путем умножения площади на плотность населения и округываются до ближайшего кратного числа примерно примерно", "numeric_answer": null, "relative_error": null, "thinking_text": null, "has_tool_call": false, "tool_call": null, "usage": {"prompt_tokens": 192, "completion_tokens": 256, "total_tokens": 448, "token_count_source": "tokenizer"}, "decoding": {"temperature": 0.2, "top_p": null, "top_k": null, "max_tokens": 256, "seed": 42}, "prompt_tokens": 192, "completion_tokens": 256, "total_tokens": 448, "token_count_source": "tokenizer", "diffusion_steps": null, "flops_estimate": null, "flops_arch": null, "flops_model_params": null, "flops_active_params": null, "tokens_non_final": 156, "tokens_reasoning": 0, "tokens_response": 156, "elapsed_seconds": 18.624553203582764, "judgement": "Uncategorized"}
{"id": "fermi_000783", "topic": "fermi", "subtopic": "crowd_density", "prompt": "A plaza is about 50 m by 25 m, with roughly 4 people per square meter. About how many people are there?", "exact_value": 5000, "model": "tiiuae/Falcon-H1-7B-Instruct", "provider": "transformers", "response": "Finalются примерноются путем умножения площади на плотность населения и округления до ближайшего кратного числа примерно примерноются путем умножения площади на плотность населения и округываются до ближайшего кратного числа примерно примерноются путем умножения площади на плотность населения и округываются до ближайшего кратного числа примерно примерноются путем умножения площади на плотность населения и округываются до ближайшего кратного числа примерно примерноются путем умножения площади на плотность населения и округываются до ближайшего кратного числа примерно примерноются путем умножения площади на плотность населения и округываются до ближайшего кратного числа примерно примерноются путем умножения площади на плотность населения и округываются до ближайшего кратного числа примерно примерноются путем умножения площади на плотность населения и округываются до ближайшего кратного числа примерно примерноются путем умножения площади на плотность населения и округываются до ближайшего кратного числа примерно примерноются путем умножения площади на плотность населения и округываются до ближайшего кратного числа примерно примерноются путем умножения площади на плотность населения и округываются до ближайшего кратного числа примерно примерно", "numeric_answer": null, "relative_error": null, "thinking_text": null, "has_tool_call": false, "tool_call": null, "usage": {"prompt_tokens": 192, "completion_tokens": 256, "total_tokens": 448, "token_count_source": "tokenizer"}, "decoding": {"temperature": 0.2, "top_p": null, "top_k": null, "max_tokens": 256, "seed": 42}, "prompt_tokens": 192, "completion_tokens": 256, "total_tokens": 448, "token_count_source": "tokenizer", "diffusion_steps": null, "flops_estimate": null, "flops_arch": null, "flops_model_params": null, "flops_active_params": null, "tokens_non_final": 156, "tokens_reasoning": 0, "tokens_response": 156, "elapsed_seconds": 18.743205785751343, "judgement": "Uncategorized"}
{"id": "fermi_000803", "topic": "fermi", "subtopic": "crowd_density", "prompt": "A plaza is about 30 m by 20 m, with roughly 2 people per square meter. About how many people are there?", "exact_value": 1200, "model": "tiiuae/Falcon-H1-7B-Instruct", "provider": "transformers", "response": "Finalются примерно на площади примерноются примерноются примерноются примерноются примерноются примерноются примерноются примерноываются примерноываются примерноываются примерноываются примерноываются примерноываются примерноываются примерноываются примерноываются примерноываются примерноываются примерноываются примерноываются примерноываются примерноываются примерноываются примерноываются примерноываются примерноываются примерноываются примерноываются примерноываются примерноываются примерноываются примерноываются примерноываются примерноываются примерноываются примерноываются примерноываются примерноываются примерноываются примерноываются примерноываются примерноываются примерноываются примерноываются примерноываются примерноываются примерноываются примерноываются примерноываются примерноываются примерноываются примерноываются примерноываются примерноываются примерноываются примерноываются примерноываются примерноываются примерноываются примерноываются примерноываются примерноываются примерноываются примерноываются примерноываются примерноываются примерноываются примерноываются примерноываются примерноываются примерноываются примерноываются примерноываются примерноываются примерноываются примерноываются примерноываются примерноываются примерноываются примерноываются примерноываются примерноываются примерноываются примерноываются примерноываются примерноываются примерноываются примерноываются примерноываются примерноываются примерноываются примерноываются примерноываются примерноываются примерноываются примерноываются примерноываются примерноываются примерноываются примерноываются примерноываются примерноываются примерноываются примерноываются примерноываются примерноываются примерноываются примерноываются примерноываются примерноываются примерноываются примерноываются примерноываются примерноываются примерноываются примерноываются примерноываются примерноываются примерноываются примерноываются примерноываются примерноываются примерноываются примерноываются примерноываются примерно", "numeric_answer": null, "relative_error": null, "thinking_text": null, "has_tool_call": false, "tool_call": null, "usage": {"prompt_tokens": 192, "completion_tokens": 256, "total_tokens": 448, "token_count_source": "tokenizer"}, "decoding": {"temperature": 0.2, "top_p": null, "top_k": null, "max_tokens": 256, "seed": 42}, "prompt_tokens": 192, "completion_tokens": 256, "total_tokens": 448, "token_count_source": "tokenizer", "diffusion_steps": null, "flops_estimate": null, "flops_arch": null, "flops_model_params": null, "flops_active_params": null, "tokens_non_final": 130, "tokens_reasoning": 0, "tokens_response": 130, "elapsed_seconds": 18.892861127853394, "judgement": "Uncategorized"}
{"id": "fermi_000823", "topic": "fermi", "subtopic": "crowd_density", "prompt": "A plaza is about 50 m by 20 m, with roughly 3 people per square meter. About how many people are there?", "exact_value": 3000, "model": "tiiuae/Falcon-H1-7B-Instruct", "provider": "transformers", "response": "Finalются примерно на количество людей примерно путем подсчета площади и плотности населения внутри нееются примерно путем подсчета площади и плотности населения внутри нееются примерно путем подсчета площадиются примерно путем подсчета площадиются примерно путем подсчета площадиются примерно путем подсчета площадиются примерно путем подсчета площадиются примерно путем подсчета площадиются примерно путем подсчета площадиются примерно путем подсчета площадиются примерно путем подсчета площадиются примерно путем подсчета площадиются примерно путем подсчета площадиются примерно путем подсчета площадиются примерно путем подсчета площадиются примерно путем подсчета площадиются примерно путем подсчета площадиются примерно путем подсчета площадиются примерно путем подсчета площадиются примерно путем подсчета площадиются примерно путем подсчета площадиются примерно путем подсчета площадиются примерно путем подсчета площадиются примерно путем подсчета площадиются примерно путем подсчета площадиются примерно путем подсчета площадиются примерно путем подсчета площадиются примерно путем подсчета площадиются примерно путем подсчета площадиются примерно путем подсчета площадиются примерно путем подсчета площадиются примерно путем подсчета площадиются примерно путем подсчета площадиются примерно путем подсчета", "numeric_answer": null, "relative_error": null, "thinking_text": null, "has_tool_call": false, "tool_call": null, "usage": {"prompt_tokens": 192, "completion_tokens": 256, "total_tokens": 448, "token_count_source": "tokenizer"}, "decoding": {"temperature": 0.2, "top_p": null, "top_k": null, "max_tokens": 256, "seed": 42}, "prompt_tokens": 192, "completion_tokens": 256, "total_tokens": 448, "token_count_source": "tokenizer", "diffusion_steps": null, "flops_estimate": null, "flops_arch": null, "flops_model_params": null, "flops_active_params": null, "tokens_non_final": 150, "tokens_reasoning": 0, "tokens_response": 150, "elapsed_seconds": 19.008180141448975, "judgement": "Uncategorized"}
{"id": "fermi_000843", "topic": "fermi", "subtopic": "crowd_density", "prompt": "A plaza is about 40 m by 30 m, with roughly 2 people per square meter. About how many people are there?", "exact_value": 2400, "model": "tiiuae/Falcon-H1-7B-Instruct", "provider": "transformers", "response": "Finalются примерноются путем умножения площади на плотность населения и округления до ближайшего кратного числа примерно примерноются путем умножения площади на плотность населения и округываются до ближайшего кратного числа примерно примерноются путем умножения площади на плотность населения и округляются до ближайшего кратного числа примерно примерноются путем умножения площади на плотность населения и округляются до ближайшего кратного числа примерно примерноются путем умножения площади на плотность населения и округываются до ближайшего кратного числа примерно примерноются путем умножения площади на плотность населения и округываются до ближайшего кратного числа примерно примерноются путем умножения площади на плотность населения и округываются до ближайшего кратного числа примерно примерноются путем умножения площади на плотность населения и округываются до ближайшего кратного числа примерно примерноются путем умножения площади на плотность населения и округываются до ближайшего кратного числа примерно примерноются путем умножения площади на плотность населения и округываются до ближайшего кратного числа примерно примерноются путем умножения площади на плотность населения и округываются до ближайшего кратного числа примерно примерно", "numeric_answer": null, "relative_error": null, "thinking_text": null, "has_tool_call": false, "tool_call": null, "usage": {"prompt_tokens": 192, "completion_tokens": 256, "total_tokens": 448, "token_count_source": "tokenizer"}, "decoding": {"temperature": 0.2, "top_p": null, "top_k": null, "max_tokens": 256, "seed": 42}, "prompt_tokens": 192, "completion_tokens": 256, "total_tokens": 448, "token_count_source": "tokenizer", "diffusion_steps": null, "flops_estimate": null, "flops_arch": null, "flops_model_params": null, "flops_active_params": null, "tokens_non_final": 156, "tokens_reasoning": 0, "tokens_response": 156, "elapsed_seconds": 18.671430826187134, "judgement": "Uncategorized"}
{"id": "fermi_000863", "topic": "fermi", "subtopic": "crowd_density", "prompt": "A plaza is about 50 m by 35 m, with roughly 4 people per square meter. About how many people are there?", "exact_value": 7000, "model": "tiiuae/Falcon-H1-7B-Instruct", "provider": "transformers", "response": "Finalются примерноются путем умножения площади на плотность населения и округления до ближайшего кратного числа примерноются путем умножения площади на плотность населения и округываютсяются примерноются путем умножения площади на плотность населения и округываютсяются примерноются путем умножения площади на плотность населения и округляютсяются примерноются путем умножения площади на плотность населения и округываются до ближайшего кратного числа примерноются путем умножения площади на плотность населения и округываются до ближайшего кратного числа примерноются путем умножения площади на плотность населения и округываются до ближайшего кратного числа примерноются путем умножения площади на плотность населения и округываются до ближайшего кратного числа примерноются путем умножения площади на плотность населения и округываются до ближайшего кратного числа примерноются путем умножения площади на плотность населения и округываются до ближайшего кратного числа примерноются путем умножения площади на плотность населения и округываются до ближайшего кратного числа примерноются путем умножения площади на плотность населения и округываются до ближайшего кратного числа примерноются путем умн", "numeric_answer": null, "relative_error": null, "thinking_text": null, "has_tool_call": false, "tool_call": null, "usage": {"prompt_tokens": 192, "completion_tokens": 256, "total_tokens": 448, "token_count_source": "tokenizer"}, "decoding": {"temperature": 0.2, "top_p": null, "top_k": null, "max_tokens": 256, "seed": 42}, "prompt_tokens": 192, "completion_tokens": 256, "total_tokens": 448, "token_count_source": "tokenizer", "diffusion_steps": null, "flops_estimate": null, "flops_arch": null, "flops_model_params": null, "flops_active_params": null, "tokens_non_final": 148, "tokens_reasoning": 0, "tokens_response": 148, "elapsed_seconds": 18.730951070785522, "judgement": "Uncategorized"}
{"id": "fermi_000883", "topic": "fermi", "subtopic": "crowd_density", "prompt": "A plaza is about 60 m by 20 m, with roughly 4 people per square meter. About how many people are there?", "exact_value": 4800, "model": "tiiuae/Falcon-H1-7B-Instruct", "provider": "transformers", "response": "Finalются примерноются путем умножения площади на плотность населения примерноются путем умножения площади на плотность населенияются путем умножения площадиются путем умноженияются путем умноженияются путемются путемются путемются путемются путемются путемются путемются путемются путемются путемются путемются путемются путемются путемются путемются путемются путемются путемются путемются путемются путемются путемются путемются путемются путемются путемются путемются путемются путемются путемются путемются путемются путемются путемются путемются путемются путемются путемются путемются путемются путемются путемются путемются путемются путемются путемются путемются путемются путемются путемются путемются путемются путемются путемются путемются путемются путемются путемются путемются путемются путемются путемются путемются путемются путемются путемются путемются путемются путемются путемются путемются путемются путемются путемются путемются путемются путемются путемются путемются путемются путемются путемются путемются путемются путемются путемются путемются путемются путемются путемются путемются путемются путемются путемются путемются путемются путемются путемются путемются путемются путемются путемются путемются путемются", "numeric_answer": null, "relative_error": null, "thinking_text": null, "has_tool_call": false, "tool_call": null, "usage": {"prompt_tokens": 192, "completion_tokens": 256, "total_tokens": 448, "token_count_source": "tokenizer"}, "decoding": {"temperature": 0.2, "top_p": null, "top_k": null, "max_tokens": 256, "seed": 42}, "prompt_tokens": 192, "completion_tokens": 256, "total_tokens": 448, "token_count_source": "tokenizer", "diffusion_steps": null, "flops_estimate": null, "flops_arch": null, "flops_model_params": null, "flops_active_params": null, "tokens_non_final": 126, "tokens_reasoning": 0, "tokens_response": 126, "elapsed_seconds": 18.78406262397766, "judgement": "Uncategorized"}
{"id": "fermi_000903", "topic": "fermi", "subtopic": "crowd_density", "prompt": "A plaza is about 60 m by 20 m, with roughly 1 people per square meter. About how many people are there?", "exact_value": 1200, "model": "tiiuae/Falcon-H1-7B-Instruct", "provider": "transformers", "response": "Finalются примерноются путем умножения примерноемых размеров площади примерноются путем умножения примерноемых размеров площади примерноются путем умножения примерноемых размеров площади примерноются путем умножения примерноемых размеров площади примерноются путем умножения примерноемых размеров площади примерноются путем умножения примерноемых размеров площади примерноются путем умножения примерноемых размеровальной площади примерноются путем умножения примерноемых размеровальной площади примерноются путем умножения примерноемых размеровальной площади примерноются путем умножения примерноемых размеровальной площади примерноются путем умножения примерноемых размеровальной площади примерноются путем умножения примерноемых размеровальной площади примерноются путем умножения примерноемых размеровальной площади примерноются путем умножения примерноемых размеровальнойальнойальнойальнойальнойальнойальнойальнойальнойальнойальнойальнойальнойальнойальнойальнойальнойальнойальнойальнойальнойальнойальнойальнойальнойальнойальнойальнойальнойальнойальнойальнойальнойальнойальнойальнойальнойальнойальнойальнойальнойальнойальнойальнойальнойальнойальнойальнойальнойальнойальнойальнойальнойальнойальнойальнойальнойальнойальнойальнойальнойальнойальнойальнойальнойальнойальнойальнойальнойальнойальнойальнойальнойальнойальнойальнойальнойальнойальнойальной", "numeric_answer": null, "relative_error": null, "thinking_text": null, "has_tool_call": false, "tool_call": null, "usage": {"prompt_tokens": 192, "completion_tokens": 256, "total_tokens": 448, "token_count_source": "tokenizer"}, "decoding": {"temperature": 0.2, "top_p": null, "top_k": null, "max_tokens": 256, "seed": 42}, "prompt_tokens": 192, "completion_tokens": 256, "total_tokens": 448, "token_count_source": "tokenizer", "diffusion_steps": null, "flops_estimate": null, "flops_arch": null, "flops_model_params": null, "flops_active_params": null, "tokens_non_final": 84, "tokens_reasoning": 0, "tokens_response": 84, "elapsed_seconds": 18.66433072090149, "judgement": "Uncategorized"}
{"id": "fermi_000923", "topic": "fermi", "subtopic": "crowd_density", "prompt": "A plaza is about 30 m by 20 m, with roughly 3 people per square meter. About how many people are there?", "exact_value": 1800, "model": "tiiuae/Falcon-H1-7B-Instruct", "provider": "transformers", "response": "Finalются примерноются путем умножения площади на плотность населения и округления до ближайшего кратного числа примерноются путем умножения площади на плотность населения и округываютсяются до ближайшего кратного числа примерноются путем умножения площади на плотность населения и округываютсяются до ближайшего кратного числа примерноются путем умножения площади на плотность населения и округываютсяются до ближайшего кратного числа примерноются путем умножения площади на плотность населения и округываютсяются до ближайшего кратного числа примерноются путем умножения площади на плотность населения и округываютсяются до ближайшего кратного числа примерноются путем умножения площади на плотность населения и округываютсяются до ближайшего кратного числа примерноются путем умножения площади на плотность населения и округываютсяются до ближайшего кратного числа примерноются путем умножения площади на плотность населения и округываютсяются до ближайшего кратного числа примерноются путем умножения площади на плотность населения и округываютсяются до ближайшего кратного числа примерноются путем умножения площади на плотность населения и округываютсяются до ближайшего кратного числа примерноются", "numeric_answer": null, "relative_error": null, "thinking_text": null, "has_tool_call": false, "tool_call": null, "usage": {"prompt_tokens": 192, "completion_tokens": 256, "total_tokens": 448, "token_count_source": "tokenizer"}, "decoding": {"temperature": 0.2, "top_p": null, "top_k": null, "max_tokens": 256, "seed": 42}, "prompt_tokens": 192, "completion_tokens": 256, "total_tokens": 448, "token_count_source": "tokenizer", "diffusion_steps": null, "flops_estimate": null, "flops_arch": null, "flops_model_params": null, "flops_active_params": null, "tokens_non_final": 145, "tokens_reasoning": 0, "tokens_response": 145, "elapsed_seconds": 18.776084899902344, "judgement": "Uncategorized"}
{"id": "fermi_000943", "topic": "fermi", "subtopic": "crowd_density", "prompt": "A plaza is about 50 m by 25 m, with roughly 1 people per square meter. About how many people are there?", "exact_value": 1250, "model": "tiiuae/Falcon-H1-7B-Instruct", "provider": "transformers", "response": "Finalются примерноются путем умножения размеров площади на плотность населения примерноются путем умножения размеров площади на плотность населения примерноются путем умножения размеров площади на плотность населения примерноются путем умножения размеров площади на плотность населения примерноются путем умножения размеровальной плотности примерноются путем умножения размеровальной плотности примерноются путем умножения размеровальной плотности примерноются путем умножения размеровальной плотности примерноются путем умножения размеровальной плотности примерноются путем умножения размеровальной плотности примерноются путем умножения размеровальной плотности примерноются путем умножения размеровальной плотности примерноются путем умножения размеровальной плотности примерноются путем умножения размеровальной плотности примерноются путем умножения размеровальной плотности примерноются путем умножения размеровальной плотности примерноются путем умножения размеровальной плотности примерноются путем умножения размеровальной плотности примерноются путем умножения размеровальной плот", "numeric_answer": null, "relative_error": null, "thinking_text": null, "has_tool_call": false, "tool_call": null, "usage": {"prompt_tokens": 192, "completion_tokens": 256, "total_tokens": 448, "token_count_source": "tokenizer"}, "decoding": {"temperature": 0.2, "top_p": null, "top_k": null, "max_tokens": 256, "seed": 42}, "prompt_tokens": 192, "completion_tokens": 256, "total_tokens": 448, "token_count_source": "tokenizer", "diffusion_steps": null, "flops_estimate": null, "flops_arch": null, "flops_model_params": null, "flops_active_params": null, "tokens_non_final": 108, "tokens_reasoning": 0, "tokens_response": 108, "elapsed_seconds": 19.498411178588867, "judgement": "Uncategorized"}
{"id": "fermi_000963", "topic": "fermi", "subtopic": "crowd_density", "prompt": "A plaza is about 70 m by 35 m, with roughly 4 people per square meter. About how many people are there?", "exact_value": 9800, "model": "tiiuae/Falcon-H1-7B-Instruct", "provider": "transformers", "response": "Finalются примерноются путем умножения площади на плотность населения и округления до ближайшего кратного числа примерно примерноются путем умножения площади на плотность населения и округываются до ближайшего кратного числа примерно примерноются путем умножения площади на плотность населения и округываются до ближайшего кратного числа примерно примерноются путем умножения площади на плотность населения и округываются до ближайшего кратного числа примерно примерноются путем умножения площади на плотность населения и округываются до ближайшего кратного числа примерно примерноются путем умножения площади на плотность населения и округываются до ближайшего кратного числа примерно примерноются путем умножения площади на плотность населения и округываются до ближайшего кратного числа примерно примерноются путем умножения площади на плотность населения и округываются до ближайшего кратного числа примерно примерноются путем умножения площади на плотность населения и округываются до ближайшего кратного числа примерно примерноются путем умножения площади на плотность населения и округываются до ближайшего кратного числа примерно примерноются путем умножения площади на плотность населения и округываются до ближайшего кратного числа примерно примерно", "numeric_answer": null, "relative_error": null, "thinking_text": null, "has_tool_call": false, "tool_call": null, "usage": {"prompt_tokens": 192, "completion_tokens": 256, "total_tokens": 448, "token_count_source": "tokenizer"}, "decoding": {"temperature": 0.2, "top_p": null, "top_k": null, "max_tokens": 256, "seed": 42}, "prompt_tokens": 192, "completion_tokens": 256, "total_tokens": 448, "token_count_source": "tokenizer", "diffusion_steps": null, "flops_estimate": null, "flops_arch": null, "flops_model_params": null, "flops_active_params": null, "tokens_non_final": 156, "tokens_reasoning": 0, "tokens_response": 156, "elapsed_seconds": 19.218556880950928, "judgement": "Uncategorized"}
{"id": "fermi_000983", "topic": "fermi", "subtopic": "crowd_density", "prompt": "A plaza is about 50 m by 25 m, with roughly 3 people per square meter. About how many people are there?", "exact_value": 3750, "model": "tiiuae/Falcon-H1-7B-Instruct", "provider": "transformers", "response": "Finalются примерноются путем умножения площади на плотность населения и округления до ближайшего кратного числа примерно примерноются путем умножения площади на плотность населения и округываются до ближайшего кратного числа примерно примерноются путем умножения площади на плотность населения и округляются до ближайшего кратного числа примерно примерноются путем умножения площади на плотность населения и округляются до ближайшего кратного числа примерно примерноются путем умножения площади на плотность населения и округляются до ближайшего кратного числа примерно примерноются путем умножения площади на плотность населения и округываются до ближайшего кратного числа примерно примерноются путем умножения площади на плотность населения и округываются до ближайшего кратного числа примерно примерноются путем умножения площади на плотность населения и округываются до ближайшего кратного числа примерно примерноются путем умножения площади на плотность населения и округываются до ближайшего кратного числа примерно примерноются путем умножения площади на плотность населения и округываются до ближайшего кратного числа примерно примерноются путем умножения площади на плотность населения и округываются до ближайшего кратного числа примерно примерно", "numeric_answer": null, "relative_error": null, "thinking_text": null, "has_tool_call": false, "tool_call": null, "usage": {"prompt_tokens": 192, "completion_tokens": 256, "total_tokens": 448, "token_count_source": "tokenizer"}, "decoding": {"temperature": 0.2, "top_p": null, "top_k": null, "max_tokens": 256, "seed": 42}, "prompt_tokens": 192, "completion_tokens": 256, "total_tokens": 448, "token_count_source": "tokenizer", "diffusion_steps": null, "flops_estimate": null, "flops_arch": null, "flops_model_params": null, "flops_active_params": null, "tokens_non_final": 156, "tokens_reasoning": 0, "tokens_response": 156, "elapsed_seconds": 19.391607522964478, "judgement": "Uncategorized"}
{"id": "fermi_001003", "topic": "fermi", "subtopic": "crowd_density", "prompt": "A plaza is about 30 m by 25 m, with roughly 3 people per square meter. About how many people are there?", "exact_value": 2250, "model": "tiiuae/Falcon-H1-7B-Instruct", "provider": "transformers", "response": "Finalются примерноются путем умножения площади на плотность населения и округления до ближайшего кратного числа примерноются путем умножения площади на плотность населения и округываются до ближайшего кратного числа примерноются путем умножения площади на плотность населения и округляются до ближайшего кратного числа примерноются путем умножения площади на плотность населения и округляются до ближайшего кратного числа примерноются путем умножения площади на плотность населения и округляются до ближайшего кратного числа примерноются путем умножения площади на плотность населения и округываются до ближайшего кратного числа примерноются путем умножения площади на плотность населения и округляются до ближайшего кратного числа примерноются путем умножения площади на плотность населения и округываются до ближайшего кратного числа примерноются путем умножения площади на плотность населения и округываются до ближайшего кратного числа примерноются путем умножения площади на плотность населения и округываются до ближайшего кратного числа примерноются путем умножения площади на плотность населения и округываются до ближайшего кратного числа примерноются путем умножения площади на плотность", "numeric_answer": null, "relative_error": null, "thinking_text": null, "has_tool_call": false, "tool_call": null, "usage": {"prompt_tokens": 192, "completion_tokens": 256, "total_tokens": 448, "token_count_source": "tokenizer"}, "decoding": {"temperature": 0.2, "top_p": null, "top_k": null, "max_tokens": 256, "seed": 42}, "prompt_tokens": 192, "completion_tokens": 256, "total_tokens": 448, "token_count_source": "tokenizer", "diffusion_steps": null, "flops_estimate": null, "flops_arch": null, "flops_model_params": null, "flops_active_params": null, "tokens_non_final": 150, "tokens_reasoning": 0, "tokens_response": 150, "elapsed_seconds": 18.988635063171387, "judgement": "Uncategorized"}
{"id": "fermi_001023", "topic": "fermi", "subtopic": "crowd_density", "prompt": "A plaza is about 30 m by 25 m, with roughly 2 people per square meter. About how many people are there?", "exact_value": 1500, "model": "tiiuae/Falcon-H1-7B-Instruct", "provider": "transformers", "response": "Finalются примерноются путем умножения площади на плотность населения и округления до ближайшего кратного числа примерноются путем умножения площади на плотность населения и округываются до ближайшего кратного числа примерноются путем умножения площади на плотность населения и округываются до ближайшего кратного числа примерноются путем умножения площади на плотность населения и округываются до ближайшего кратного числа примерноются путем умножения площади на плотность населения и округываются до ближайшего кратного числа примерноются путем умножения площади на плотность населения и округываются до ближайшего кратного числа примерноются путем умножения площади на плотность населения и округываются до ближайшего кратного числа примерноются путем умножения площади на плотность населения и округываются до ближайшего кратного числа примерноются путем умножения площади на плотность населения и округываются до ближайшего кратного числа примерноются путем умножения площади на плотность населения и округываются до ближайшего кратного числа примерноются путем умножения площади на плотность населения и округываются до ближайшего кратного числа примерноются путем умножения площади на плотность", "numeric_answer": null, "relative_error": null, "thinking_text": null, "has_tool_call": false, "tool_call": null, "usage": {"prompt_tokens": 192, "completion_tokens": 256, "total_tokens": 448, "token_count_source": "tokenizer"}, "decoding": {"temperature": 0.2, "top_p": null, "top_k": null, "max_tokens": 256, "seed": 42}, "prompt_tokens": 192, "completion_tokens": 256, "total_tokens": 448, "token_count_source": "tokenizer", "diffusion_steps": null, "flops_estimate": null, "flops_arch": null, "flops_model_params": null, "flops_active_params": null, "tokens_non_final": 150, "tokens_reasoning": 0, "tokens_response": 150, "elapsed_seconds": 19.072088956832886, "judgement": "Uncategorized"}
{"id": "fermi_001043", "topic": "fermi", "subtopic": "crowd_density", "prompt": "A plaza is about 60 m by 20 m, with roughly 3 people per square meter. About how many people are there?", "exact_value": 3600, "model": "tiiuae/Falcon-H1-7B-Instruct", "provider": "transformers", "response": "Finalются примерноются путем умножения площади на плотность населения и округления до ближайшего кратного числа примерно примерноются путем умножения площади на плотность населения и округываются до ближайшего кратного числа примерно примерноются путем умножения площади на плотность населения и округываются до ближайшего кратного числа примерно примерноются путем умножения площади на плотность населения и округываются до ближайшего кратного числа примерно примерноются путем умножения площади на плотность населения и округываются до ближайшего кратного числа примерно примерноются путем умножения площади на плотность населения и округываются до ближайшего кратного числа примерно примерноются путем умножения площади на плотность населения и округываются до ближайшего кратного числа примерно примерноются путем умножения площади на плотность населения и округываются до ближайшего кратного числа примерно примерноются путем умножения площади на плотность населения и округываются до ближайшего кратного числа примерно примерноются путем умножения площади на плотность населения и округываются до ближайшего кратного числа примерно примерноются путем умножения площади на плотность населения и округываются до ближайшего кратного числа примерно примерно", "numeric_answer": null, "relative_error": null, "thinking_text": null, "has_tool_call": false, "tool_call": null, "usage": {"prompt_tokens": 192, "completion_tokens": 256, "total_tokens": 448, "token_count_source": "tokenizer"}, "decoding": {"temperature": 0.2, "top_p": null, "top_k": null, "max_tokens": 256, "seed": 42}, "prompt_tokens": 192, "completion_tokens": 256, "total_tokens": 448, "token_count_source": "tokenizer", "diffusion_steps": null, "flops_estimate": null, "flops_arch": null, "flops_model_params": null, "flops_active_params": null, "tokens_non_final": 156, "tokens_reasoning": 0, "tokens_response": 156, "elapsed_seconds": 18.76348090171814, "judgement": "Uncategorized"}
{"id": "fermi_001063", "topic": "fermi", "subtopic": "crowd_density", "prompt": "A plaza is about 40 m by 20 m, with roughly 1 people per square meter. About how many people are there?", "exact_value": 800, "model": "tiiuae/Falcon-H1-7B-Instruct", "provider": "transformers", "response": "Finalются примерноются путем умножения размеров площади на плотность населения примерноются путем умножения размеров площади на плотность населенияются путем умножения размеров площадиются путем умножения размеров площадиются путем умноженияются путем умноженияются путем умноженияются путем умноженияются путем умноженияются путем умноженияются путем умноженияются путем умноженияются путем умноженияются путем умноженияются путем умноженияются путем умноженияются путем умноженияются путем умноженияются путем умноженияются путем умноженияются путем умноженияются путем умноженияются путем умноженияются путем умноженияются путем умноженияются путем умноженияются путем умноженияются путем умноженияются путем умноженияются путем умноженияются путем умноженияются путем умноженияются путем умноженияются путем умноженияются путем умноженияются путем умноженияются путем умноженияются путем умноженияются путем", "numeric_answer": null, "relative_error": null, "thinking_text": null, "has_tool_call": false, "tool_call": null, "usage": {"prompt_tokens": 192, "completion_tokens": 256, "total_tokens": 448, "token_count_source": "tokenizer"}, "decoding": {"temperature": 0.2, "top_p": null, "top_k": null, "max_tokens": 256, "seed": 42}, "prompt_tokens": 192, "completion_tokens": 256, "total_tokens": 448, "token_count_source": "tokenizer", "diffusion_steps": null, "flops_estimate": null, "flops_arch": null, "flops_model_params": null, "flops_active_params": null, "tokens_non_final": 94, "tokens_reasoning": 0, "tokens_response": 94, "elapsed_seconds": 18.750191688537598, "judgement": "Uncategorized"}
{"id": "travel_time_000108", "topic": "travel_time", "subtopic": "drive_time", "prompt": "You need to travel about 161 miles at around 55 mph. About how many hours will it take?", "exact_value": 2.92, "model": "tiiuae/Falcon-H1-7B-Instruct", "provider": "transformers", "response": "Finalются", "numeric_answer": null, "relative_error": null, "thinking_text": null, "has_tool_call": false, "tool_call": null, "usage": {"prompt_tokens": 186, "completion_tokens": 3, "total_tokens": 189, "token_count_source": "tokenizer"}, "decoding": {"temperature": 0.2, "top_p": null, "top_k": null, "max_tokens": 256, "seed": 42}, "prompt_tokens": 186, "completion_tokens": 3, "total_tokens": 189, "token_count_source": "tokenizer", "diffusion_steps": null, "flops_estimate": null, "flops_arch": null, "flops_model_params": null, "flops_active_params": null, "tokens_non_final": 1, "tokens_reasoning": 0, "tokens_response": 1, "elapsed_seconds": 0.25971174240112305, "judgement": "Uncategorized"}
{"id": "travel_time_000128", "topic": "travel_time", "subtopic": "drive_time", "prompt": "You need to travel about 11 miles at around 45 mph. About how many hours will it take?", "exact_value": 0.2511111111111111, "model": "tiiuae/Falcon-H1-7B-Instruct", "provider": "transformers", "response": "Finalются", "numeric_answer": null, "relative_error": null, "thinking_text": null, "has_tool_call": false, "tool_call": null, "usage": {"prompt_tokens": 185, "completion_tokens": 3, "total_tokens": 188, "token_count_source": "tokenizer"}, "decoding": {"temperature": 0.2, "top_p": null, "top_k": null, "max_tokens": 256, "seed": 42}, "prompt_tokens": 185, "completion_tokens": 3, "total_tokens": 188, "token_count_source": "tokenizer", "diffusion_steps": null, "flops_estimate": null, "flops_arch": null, "flops_model_params": null, "flops_active_params": null, "tokens_non_final": 1, "tokens_reasoning": 0, "tokens_response": 1, "elapsed_seconds": 0.25522732734680176, "judgement": "Uncategorized"}
{"id": "travel_time_000148", "topic": "travel_time", "subtopic": "drive_time", "prompt": "You need to travel about 189 miles at around 45 mph. About how many hours will it take?", "exact_value": 4.202222222222222, "model": "tiiuae/Falcon-H1-7B-Instruct", "provider": "transformers", "response": "Finalются", "numeric_answer": null, "relative_error": null, "thinking_text": null, "has_tool_call": false, "tool_call": null, "usage": {"prompt_tokens": 186, "completion_tokens": 3, "total_tokens": 189, "token_count_source": "tokenizer"}, "decoding": {"temperature": 0.2, "top_p": null, "top_k": null, "max_tokens": 256, "seed": 42}, "prompt_tokens": 186, "completion_tokens": 3, "total_tokens": 189, "token_count_source": "tokenizer", "diffusion_steps": null, "flops_estimate": null, "flops_arch": null, "flops_model_params": null, "flops_active_params": null, "tokens_non_final": 1, "tokens_reasoning": 0, "tokens_response": 1, "elapsed_seconds": 0.2542853355407715, "judgement": "Uncategorized"}
{"id": "travel_time_000168", "topic": "travel_time", "subtopic": "drive_time", "prompt": "You need to travel about 239 miles at around 45 mph. About how many hours will it take?", "exact_value": 5.304444444444444, "model": "tiiuae/Falcon-H1-7B-Instruct", "provider": "transformers", "response": "Finalются", "numeric_answer": null, "relative_error": null, "thinking_text": null, "has_tool_call": false, "tool_call": null, "usage": {"prompt_tokens": 186, "completion_tokens": 3, "total_tokens": 189, "token_count_source": "tokenizer"}, "decoding": {"temperature": 0.2, "top_p": null, "top_k": null, "max_tokens": 256, "seed": 42}, "prompt_tokens": 186, "completion_tokens": 3, "total_tokens": 189, "token_count_source": "tokenizer", "diffusion_steps": null, "flops_estimate": null, "flops_arch": null, "flops_model_params": null, "flops_active_params": null, "tokens_non_final": 1, "tokens_reasoning": 0, "tokens_response": 1, "elapsed_seconds": 0.25492024421691895, "judgement": "Uncategorized"}
{"id": "travel_time_000188", "topic": "travel_time", "subtopic": "drive_time", "prompt": "You need to travel about 118 miles at around 45 mph. About how many hours will it take?", "exact_value": 2.6133333333333333, "model": "tiiuae/Falcon-H1-7B-Instruct", "provider": "transformers", "response": "Finalются", "numeric_answer": null, "relative_error": null, "thinking_text": null, "has_tool_call": false, "tool_call": null, "usage": {"prompt_tokens": 186, "completion_tokens": 3, "total_tokens": 189, "token_count_source": "tokenizer"}, "decoding": {"temperature": 0.2, "top_p": null, "top_k": null, "max_tokens": 256, "seed": 42}, "prompt_tokens": 186, "completion_tokens": 3, "total_tokens": 189, "token_count_source": "tokenizer", "diffusion_steps": null, "flops_estimate": null, "flops_arch": null, "flops_model_params": null, "flops_active_params": null, "tokens_non_final": 1, "tokens_reasoning": 0, "tokens_response": 1, "elapsed_seconds": 0.2795722484588623, "judgement": "Uncategorized"}
{"id": "travel_time_000208", "topic": "travel_time", "subtopic": "drive_time", "prompt": "You need to travel about 224 miles at around 55 mph. About how many hours will it take?", "exact_value": 4.067272727272727, "model": "tiiuae/Falcon-H1-7B-Instruct", "provider": "transformers", "response": "Finalются", "numeric_answer": null, "relative_error": null, "thinking_text": null, "has_tool_call": false, "tool_call": null, "usage": {"prompt_tokens": 186, "completion_tokens": 3, "total_tokens": 189, "token_count_source": "tokenizer"}, "decoding": {"temperature": 0.2, "top_p": null, "top_k": null, "max_tokens": 256, "seed": 42}, "prompt_tokens": 186, "completion_tokens": 3, "total_tokens": 189, "token_count_source": "tokenizer", "diffusion_steps": null, "flops_estimate": null, "flops_arch": null, "flops_model_params": null, "flops_active_params": null, "tokens_non_final": 1, "tokens_reasoning": 0, "tokens_response": 1, "elapsed_seconds": 0.27846860885620117, "judgement": "Uncategorized"}
{"id": "travel_time_000228", "topic": "travel_time", "subtopic": "drive_time", "prompt": "You need to travel about 37 miles at around 45 mph. About how many hours will it take?", "exact_value": 0.8222222222222222, "model": "tiiuae/Falcon-H1-7B-Instruct", "provider": "transformers", "response": "Finalются", "numeric_answer": null, "relative_error": null, "thinking_text": null, "has_tool_call": false, "tool_call": null, "usage": {"prompt_tokens": 185, "completion_tokens": 3, "total_tokens": 188, "token_count_source": "tokenizer"}, "decoding": {"temperature": 0.2, "top_p": null, "top_k": null, "max_tokens": 256, "seed": 42}, "prompt_tokens": 185, "completion_tokens": 3, "total_tokens": 188, "token_count_source": "tokenizer", "diffusion_steps": null, "flops_estimate": null, "flops_arch": null, "flops_model_params": null, "flops_active_params": null, "tokens_non_final": 1, "tokens_reasoning": 0, "tokens_response": 1, "elapsed_seconds": 0.2788984775543213, "judgement": "Uncategorized"}
{"id": "travel_time_000248", "topic": "travel_time", "subtopic": "drive_time", "prompt": "You need to travel about 213 miles at around 35 mph. About how many hours will it take?", "exact_value": 6.082857142857143, "model": "tiiuae/Falcon-H1-7B-Instruct", "provider": "transformers", "response": "Finalются", "numeric_answer": null, "relative_error": null, "thinking_text": null, "has_tool_call": false, "tool_call": null, "usage": {"prompt_tokens": 186, "completion_tokens": 3, "total_tokens": 189, "token_count_source": "tokenizer"}, "decoding": {"temperature": 0.2, "top_p": null, "top_k": null, "max_tokens": 256, "seed": 42}, "prompt_tokens": 186, "completion_tokens": 3, "total_tokens": 189, "token_count_source": "tokenizer", "diffusion_steps": null, "flops_estimate": null, "flops_arch": null, "flops_model_params": null, "flops_active_params": null, "tokens_non_final": 1, "tokens_reasoning": 0, "tokens_response": 1, "elapsed_seconds": 0.280256986618042, "judgement": "Uncategorized"}
{"id": "travel_time_000268", "topic": "travel_time", "subtopic": "drive_time", "prompt": "You need to travel about 130 miles at around 35 mph. About how many hours will it take?", "exact_value": 3.7228571428571433, "model": "tiiuae/Falcon-H1-7B-Instruct", "provider": "transformers", "response": "Finalются", "numeric_answer": null, "relative_error": null, "thinking_text": null, "has_tool_call": false, "tool_call": null, "usage": {"prompt_tokens": 186, "completion_tokens": 3, "total_tokens": 189, "token_count_source": "tokenizer"}, "decoding": {"temperature": 0.2, "top_p": null, "top_k": null, "max_tokens": 256, "seed": 42}, "prompt_tokens": 186, "completion_tokens": 3, "total_tokens": 189, "token_count_source": "tokenizer", "diffusion_steps": null, "flops_estimate": null, "flops_arch": null, "flops_model_params": null, "flops_active_params": null, "tokens_non_final": 1, "tokens_reasoning": 0, "tokens_response": 1, "elapsed_seconds": 0.2650275230407715, "judgement": "Uncategorized"}
{"id": "travel_time_000288", "topic": "travel_time", "subtopic": "drive_time", "prompt": "You need to travel about 182 miles at around 45 mph. About how many hours will it take?", "exact_value": 4.04, "model": "tiiuae/Falcon-H1-7B-Instruct", "provider": "transformers", "response": "Finalются примерно путем деления расстояния на скорость путем приближенного вычисления путем округления до ближайшего простого числа путем приближенного деления путем округления до ближайшего простого числа путем приближенного деления путем приближенного деления путем приближенного деления путем приближенного деления путем приближенного деления путем приближенного деления путем приближенного деления путем приближенного деления путем приближенного деления путем приближенного деления путем приближенного деления путем приближенного деления путем приближенного деления путем приближенного деления путем приближенного деления путем приближенного деления путем приближенного деления путем приближенного деления путем приближенного деления путем приближенного деления путем приближенного деления путем приближенного деления путем приближенного деления путем приближенного деления путем приближенного деления путем приближенного деления путем приближенного деления путем приближенного деления путем приближенного деления путем приближенного деления путем приближенного деления путем приближенного деления путем приближенного деления путем приближенного деления путем приближенного деления путем приближенного дел", "numeric_answer": null, "relative_error": null, "thinking_text": null, "has_tool_call": false, "tool_call": null, "usage": {"prompt_tokens": 186, "completion_tokens": 256, "total_tokens": 442, "token_count_source": "tokenizer"}, "decoding": {"temperature": 0.2, "top_p": null, "top_k": null, "max_tokens": 256, "seed": 42}, "prompt_tokens": 186, "completion_tokens": 256, "total_tokens": 442, "token_count_source": "tokenizer", "diffusion_steps": null, "flops_estimate": null, "flops_arch": null, "flops_model_params": null, "flops_active_params": null, "tokens_non_final": 133, "tokens_reasoning": 0, "tokens_response": 133, "elapsed_seconds": 19.174135208129883, "judgement": "Uncategorized"}
{"id": "travel_time_000308", "topic": "travel_time", "subtopic": "drive_time", "prompt": "You need to travel about 220 miles at around 55 mph. About how many hours will it take?", "exact_value": 4.009090909090909, "model": "tiiuae/Falcon-H1-7B-Instruct", "provider": "transformers", "response": "Finalются", "numeric_answer": null, "relative_error": null, "thinking_text": null, "has_tool_call": false, "tool_call": null, "usage": {"prompt_tokens": 186, "completion_tokens": 3, "total_tokens": 189, "token_count_source": "tokenizer"}, "decoding": {"temperature": 0.2, "top_p": null, "top_k": null, "max_tokens": 256, "seed": 42}, "prompt_tokens": 186, "completion_tokens": 3, "total_tokens": 189, "token_count_source": "tokenizer", "diffusion_steps": null, "flops_estimate": null, "flops_arch": null, "flops_model_params": null, "flops_active_params": null, "tokens_non_final": 1, "tokens_reasoning": 0, "tokens_response": 1, "elapsed_seconds": 0.2577941417694092, "judgement": "Uncategorized"}
{"id": "travel_time_000328", "topic": "travel_time", "subtopic": "drive_time", "prompt": "You need to travel about 144 miles at around 65 mph. About how many hours will it take?", "exact_value": 2.2184615384615385, "model": "tiiuae/Falcon-H1-7B-Instruct", "provider": "transformers", "response": "Finalются", "numeric_answer": null, "relative_error": null, "thinking_text": null, "has_tool_call": false, "tool_call": null, "usage": {"prompt_tokens": 186, "completion_tokens": 3, "total_tokens": 189, "token_count_source": "tokenizer"}, "decoding": {"temperature": 0.2, "top_p": null, "top_k": null, "max_tokens": 256, "seed": 42}, "prompt_tokens": 186, "completion_tokens": 3, "total_tokens": 189, "token_count_source": "tokenizer", "diffusion_steps": null, "flops_estimate": null, "flops_arch": null, "flops_model_params": null, "flops_active_params": null, "tokens_non_final": 1, "tokens_reasoning": 0, "tokens_response": 1, "elapsed_seconds": 0.2559072971343994, "judgement": "Uncategorized"}
{"id": "travel_time_000348", "topic": "travel_time", "subtopic": "drive_time", "prompt": "You need to travel about 215 miles at around 25 mph. About how many hours will it take?", "exact_value": 8.612, "model": "tiiuae/Falcon-H1-7B-Instruct", "provider": "transformers", "response": "Finalются", "numeric_answer": null, "relative_error": null, "thinking_text": null, "has_tool_call": false, "tool_call": null, "usage": {"prompt_tokens": 186, "completion_tokens": 3, "total_tokens": 189, "token_count_source": "tokenizer"}, "decoding": {"temperature": 0.2, "top_p": null, "top_k": null, "max_tokens": 256, "seed": 42}, "prompt_tokens": 186, "completion_tokens": 3, "total_tokens": 189, "token_count_source": "tokenizer", "diffusion_steps": null, "flops_estimate": null, "flops_arch": null, "flops_model_params": null, "flops_active_params": null, "tokens_non_final": 1, "tokens_reasoning": 0, "tokens_response": 1, "elapsed_seconds": 0.25545716285705566, "judgement": "Uncategorized"}
{"id": "travel_time_000368", "topic": "travel_time", "subtopic": "drive_time", "prompt": "You need to travel about 173 miles at around 55 mph. About how many hours will it take?", "exact_value": 3.152727272727273, "model": "tiiuae/Falcon-H1-7B-Instruct", "provider": "transformers", "response": "Finalются", "numeric_answer": null, "relative_error": null, "thinking_text": null, "has_tool_call": false, "tool_call": null, "usage": {"prompt_tokens": 186, "completion_tokens": 3, "total_tokens": 189, "token_count_source": "tokenizer"}, "decoding": {"temperature": 0.2, "top_p": null, "top_k": null, "max_tokens": 256, "seed": 42}, "prompt_tokens": 186, "completion_tokens": 3, "total_tokens": 189, "token_count_source": "tokenizer", "diffusion_steps": null, "flops_estimate": null, "flops_arch": null, "flops_model_params": null, "flops_active_params": null, "tokens_non_final": 1, "tokens_reasoning": 0, "tokens_response": 1, "elapsed_seconds": 0.25870561599731445, "judgement": "Uncategorized"}
{"id": "travel_time_000388", "topic": "travel_time", "subtopic": "drive_time", "prompt": "You need to travel about 73 miles at around 25 mph. About how many hours will it take?", "exact_value": 2.92, "model": "tiiuae/Falcon-H1-7B-Instruct", "provider": "transformers", "response": "Finalются", "numeric_answer": null, "relative_error": null, "thinking_text": null, "has_tool_call": false, "tool_call": null, "usage": {"prompt_tokens": 185, "completion_tokens": 3, "total_tokens": 188, "token_count_source": "tokenizer"}, "decoding": {"temperature": 0.2, "top_p": null, "top_k": null, "max_tokens": 256, "seed": 42}, "prompt_tokens": 185, "completion_tokens": 3, "total_tokens": 188, "token_count_source": "tokenizer", "diffusion_steps": null, "flops_estimate": null, "flops_arch": null, "flops_model_params": null, "flops_active_params": null, "tokens_non_final": 1, "tokens_reasoning": 0, "tokens_response": 1, "elapsed_seconds": 0.2664492130279541, "judgement": "Uncategorized"}
{"id": "travel_time_000408", "topic": "travel_time", "subtopic": "drive_time", "prompt": "You need to travel about 66 miles at around 65 mph. About how many hours will it take?", "exact_value": 1.0215384615384617, "model": "tiiuae/Falcon-H1-7B-Instruct", "provider": "transformers", "response": "Finalются", "numeric_answer": null, "relative_error": null, "thinking_text": null, "has_tool_call": false, "tool_call": null, "usage": {"prompt_tokens": 185, "completion_tokens": 3, "total_tokens": 188, "token_count_source": "tokenizer"}, "decoding": {"temperature": 0.2, "top_p": null, "top_k": null, "max_tokens": 256, "seed": 42}, "prompt_tokens": 185, "completion_tokens": 3, "total_tokens": 188, "token_count_source": "tokenizer", "diffusion_steps": null, "flops_estimate": null, "flops_arch": null, "flops_model_params": null, "flops_active_params": null, "tokens_non_final": 1, "tokens_reasoning": 0, "tokens_response": 1, "elapsed_seconds": 0.2554049491882324, "judgement": "Uncategorized"}
{"id": "travel_time_000428", "topic": "travel_time", "subtopic": "drive_time", "prompt": "You need to travel about 18 miles at around 65 mph. About how many hours will it take?", "exact_value": 0.27999999999999997, "model": "tiiuae/Falcon-H1-7B-Instruct", "provider": "transformers", "response": "Finalются", "numeric_answer": null, "relative_error": null, "thinking_text": null, "has_tool_call": false, "tool_call": null, "usage": {"prompt_tokens": 185, "completion_tokens": 3, "total_tokens": 188, "token_count_source": "tokenizer"}, "decoding": {"temperature": 0.2, "top_p": null, "top_k": null, "max_tokens": 256, "seed": 42}, "prompt_tokens": 185, "completion_tokens": 3, "total_tokens": 188, "token_count_source": "tokenizer", "diffusion_steps": null, "flops_estimate": null, "flops_arch": null, "flops_model_params": null, "flops_active_params": null, "tokens_non_final": 1, "tokens_reasoning": 0, "tokens_response": 1, "elapsed_seconds": 0.25519537925720215, "judgement": "Uncategorized"}
{"id": "travel_time_000448", "topic": "travel_time", "subtopic": "drive_time", "prompt": "You need to travel about 208 miles at around 35 mph. About how many hours will it take?", "exact_value": 5.951428571428572, "model": "tiiuae/Falcon-H1-7B-Instruct", "provider": "transformers", "response": "Finalются примерно путем деления расстояния на скорость примерно путем деления расстояния на скорость примерно путем деления расстояния на скорость примерно путем деления расстояния на скорость примерно путем деления расстояния на скорость примерно путем деления расстояния на скорость примерно путем деления расстояния на скорость примерно путем деления расстояния на скорость примерно путем деления расстояния на скорость примерно путем деления расстояния на скорость примерно путем деления расстояния на скорость примерно путем деления расстояния на скорость примерно путем деления расстояния на скорость примерно путем деления расстояния на скорость примерно путем деления расстояния на скорость примерно путем деления расстояния на скорость примерно путем деления расстояния на скорость примерно путем деления расстояния на скорость примерно путем деления расстояния на скорость примерно путем деления расстояния на скорость примерно путем деления расстояния на скорость примерно путем деления расстояния на скорость примерно путем деления расстояния на скорость примерно путем деления расстояния на скорость примерно путем деления расстояния на скорость примерно путем деления расстояния на скорость примерно путем деления расстояния на скорость примерно путем деления расстояния на скорость примерно путем деления расстояния на скорость примерно путем деления расстояния на скорость примерно путем деления расстояния на скорость примерно путем деления расстояния", "numeric_answer": null, "relative_error": null, "thinking_text": null, "has_tool_call": false, "tool_call": null, "usage": {"prompt_tokens": 186, "completion_tokens": 256, "total_tokens": 442, "token_count_source": "tokenizer"}, "decoding": {"temperature": 0.2, "top_p": null, "top_k": null, "max_tokens": 256, "seed": 42}, "prompt_tokens": 186, "completion_tokens": 256, "total_tokens": 442, "token_count_source": "tokenizer", "diffusion_steps": null, "flops_estimate": null, "flops_arch": null, "flops_model_params": null, "flops_active_params": null, "tokens_non_final": 191, "tokens_reasoning": 0, "tokens_response": 191, "elapsed_seconds": 18.8283474445343, "judgement": "Uncategorized"}
{"id": "travel_time_000468", "topic": "travel_time", "subtopic": "drive_time", "prompt": "You need to travel about 49 miles at around 35 mph. About how many hours will it take?", "exact_value": 1.3885714285714286, "model": "tiiuae/Falcon-H1-7B-Instruct", "provider": "transformers", "response": "Finalются", "numeric_answer": null, "relative_error": null, "thinking_text": null, "has_tool_call": false, "tool_call": null, "usage": {"prompt_tokens": 185, "completion_tokens": 3, "total_tokens": 188, "token_count_source": "tokenizer"}, "decoding": {"temperature": 0.2, "top_p": null, "top_k": null, "max_tokens": 256, "seed": 42}, "prompt_tokens": 185, "completion_tokens": 3, "total_tokens": 188, "token_count_source": "tokenizer", "diffusion_steps": null, "flops_estimate": null, "flops_arch": null, "flops_model_params": null, "flops_active_params": null, "tokens_non_final": 1, "tokens_reasoning": 0, "tokens_response": 1, "elapsed_seconds": 0.25991225242614746, "judgement": "Uncategorized"}
{"id": "travel_time_000488", "topic": "travel_time", "subtopic": "drive_time", "prompt": "You need to travel about 85 miles at around 55 mph. About how many hours will it take?", "exact_value": 1.5454545454545454, "model": "tiiuae/Falcon-H1-7B-Instruct", "provider": "transformers", "response": "Finalются", "numeric_answer": null, "relative_error": null, "thinking_text": null, "has_tool_call": false, "tool_call": null, "usage": {"prompt_tokens": 185, "completion_tokens": 3, "total_tokens": 188, "token_count_source": "tokenizer"}, "decoding": {"temperature": 0.2, "top_p": null, "top_k": null, "max_tokens": 256, "seed": 42}, "prompt_tokens": 185, "completion_tokens": 3, "total_tokens": 188, "token_count_source": "tokenizer", "diffusion_steps": null, "flops_estimate": null, "flops_arch": null, "flops_model_params": null, "flops_active_params": null, "tokens_non_final": 1, "tokens_reasoning": 0, "tokens_response": 1, "elapsed_seconds": 0.2585740089416504, "judgement": "Uncategorized"}
{"id": "travel_time_000508", "topic": "travel_time", "subtopic": "drive_time", "prompt": "You need to travel about 139 miles at around 35 mph. About how many hours will it take?", "exact_value": 3.9800000000000004, "model": "tiiuae/Falcon-H1-7B-Instruct", "provider": "transformers", "response": "Finalются", "numeric_answer": null, "relative_error": null, "thinking_text": null, "has_tool_call": false, "tool_call": null, "usage": {"prompt_tokens": 186, "completion_tokens": 3, "total_tokens": 189, "token_count_source": "tokenizer"}, "decoding": {"temperature": 0.2, "top_p": null, "top_k": null, "max_tokens": 256, "seed": 42}, "prompt_tokens": 186, "completion_tokens": 3, "total_tokens": 189, "token_count_source": "tokenizer", "diffusion_steps": null, "flops_estimate": null, "flops_arch": null, "flops_model_params": null, "flops_active_params": null, "tokens_non_final": 1, "tokens_reasoning": 0, "tokens_response": 1, "elapsed_seconds": 0.2580833435058594, "judgement": "Uncategorized"}
{"id": "travel_time_000528", "topic": "travel_time", "subtopic": "drive_time", "prompt": "You need to travel about 203 miles at around 45 mph. About how many hours will it take?", "exact_value": 4.511111111111111, "model": "tiiuae/Falcon-H1-7B-Instruct", "provider": "transformers", "response": "Finalются примерно путем деления расстояния на скорость путем приближенногоывания значений для упрощения расчетовются примерно путем приближения значений для упрощения расчетовются примерно путем приближения значений для упрощения расчетовываются путем приближенногоывания путем приближения значенийются путем приближенногоывания путем приближенияются путем приближенияются путем приближенияются путем приближенияываются путем приближенияываются путем приближенияываются путем приближенияываются путем приближенияываются путем приближенияываются путем приближенияываются путем приближенияываются путем приближенияываются путем приближенияываются путем приближенияываются путем приближенияываются путем приближенияываются путем приближенияываются путем приближенияываются путем приближенияываются путем приближенияываются путем приближенияываются путем приближенияываются путем приближенияываются путем приближенияываются путем приближенияываются путем приближенияываются путем приближенияываются путем приближенияываются путем приближенияываются путем приближенияываются путем приближенияываются путем приближенияываются путем приближенияываются путем приближенияываются путем приближенияываются путем приближенияываются путем приближения", "numeric_answer": null, "relative_error": null, "thinking_text": null, "has_tool_call": false, "tool_call": null, "usage": {"prompt_tokens": 186, "completion_tokens": 256, "total_tokens": 442, "token_count_source": "tokenizer"}, "decoding": {"temperature": 0.2, "top_p": null, "top_k": null, "max_tokens": 256, "seed": 42}, "prompt_tokens": 186, "completion_tokens": 256, "total_tokens": 442, "token_count_source": "tokenizer", "diffusion_steps": null, "flops_estimate": null, "flops_arch": null, "flops_model_params": null, "flops_active_params": null, "tokens_non_final": 108, "tokens_reasoning": 0, "tokens_response": 108, "elapsed_seconds": 19.226323127746582, "judgement": "Uncategorized"}
{"id": "travel_time_000548", "topic": "travel_time", "subtopic": "drive_time", "prompt": "You need to travel about 71 miles at around 65 mph. About how many hours will it take?", "exact_value": 1.0953846153846154, "model": "tiiuae/Falcon-H1-7B-Instruct", "provider": "transformers", "response": "Finalются", "numeric_answer": null, "relative_error": null, "thinking_text": null, "has_tool_call": false, "tool_call": null, "usage": {"prompt_tokens": 185, "completion_tokens": 3, "total_tokens": 188, "token_count_source": "tokenizer"}, "decoding": {"temperature": 0.2, "top_p": null, "top_k": null, "max_tokens": 256, "seed": 42}, "prompt_tokens": 185, "completion_tokens": 3, "total_tokens": 188, "token_count_source": "tokenizer", "diffusion_steps": null, "flops_estimate": null, "flops_arch": null, "flops_model_params": null, "flops_active_params": null, "tokens_non_final": 1, "tokens_reasoning": 0, "tokens_response": 1, "elapsed_seconds": 0.27887701988220215, "judgement": "Uncategorized"}
{"id": "travel_time_000568", "topic": "travel_time", "subtopic": "drive_time", "prompt": "You need to travel about 167 miles at around 45 mph. About how many hours will it take?", "exact_value": 3.7022222222222223, "model": "tiiuae/Falcon-H1-7B-Instruct", "provider": "transformers", "response": "Finalются примерно путем деления расстояния на скорость путем приближенного вычисления путем округления до ближайшего простого числа путем приближенного деления путем округления до ближайшего простого числа путем приближенного деления путем приближенного деления путем приближенного деления путем приближенного деления путем приближенного деления путем приближенного деления путем приближенного деления путем приближенного деления путем приближенного деления путем приближенного деления путем приближенного деления путем приближенного деления путем приближенного деления путем приближенного деления путем приближенного деления путем приближенного деления путем приближенного деления путем приближенного деления путем приближенного деления путем приближенного деления путем приближенного деления путем приближенного деления путем приближенного деления путем приближенного деления путем приближенного деления путем приближенного деления путем приближенного деления путем приближенного деления путем приближенного деления путем приближенного деления путем приближенного деления путем приближенного деления путем приближенного деления путем приближенного деления путем приближенного деления путем приближенного дел", "numeric_answer": null, "relative_error": null, "thinking_text": null, "has_tool_call": false, "tool_call": null, "usage": {"prompt_tokens": 186, "completion_tokens": 256, "total_tokens": 442, "token_count_source": "tokenizer"}, "decoding": {"temperature": 0.2, "top_p": null, "top_k": null, "max_tokens": 256, "seed": 42}, "prompt_tokens": 186, "completion_tokens": 256, "total_tokens": 442, "token_count_source": "tokenizer", "diffusion_steps": null, "flops_estimate": null, "flops_arch": null, "flops_model_params": null, "flops_active_params": null, "tokens_non_final": 133, "tokens_reasoning": 0, "tokens_response": 133, "elapsed_seconds": 19.101561784744263, "judgement": "Uncategorized"}
{"id": "travel_time_000588", "topic": "travel_time", "subtopic": "drive_time", "prompt": "You need to travel about 59 miles at around 25 mph. About how many hours will it take?", "exact_value": 2.344, "model": "tiiuae/Falcon-H1-7B-Instruct", "provider": "transformers", "response": "Finalются", "numeric_answer": null, "relative_error": null, "thinking_text": null, "has_tool_call": false, "tool_call": null, "usage": {"prompt_tokens": 185, "completion_tokens": 3, "total_tokens": 188, "token_count_source": "tokenizer"}, "decoding": {"temperature": 0.2, "top_p": null, "top_k": null, "max_tokens": 256, "seed": 42}, "prompt_tokens": 185, "completion_tokens": 3, "total_tokens": 188, "token_count_source": "tokenizer", "diffusion_steps": null, "flops_estimate": null, "flops_arch": null, "flops_model_params": null, "flops_active_params": null, "tokens_non_final": 1, "tokens_reasoning": 0, "tokens_response": 1, "elapsed_seconds": 0.2588176727294922, "judgement": "Uncategorized"}
{"id": "travel_time_000608", "topic": "travel_time", "subtopic": "drive_time", "prompt": "You need to travel about 87 miles at around 25 mph. About how many hours will it take?", "exact_value": 3.468, "model": "tiiuae/Falcon-H1-7B-Instruct", "provider": "transformers", "response": "Finalются", "numeric_answer": null, "relative_error": null, "thinking_text": null, "has_tool_call": false, "tool_call": null, "usage": {"prompt_tokens": 185, "completion_tokens": 3, "total_tokens": 188, "token_count_source": "tokenizer"}, "decoding": {"temperature": 0.2, "top_p": null, "top_k": null, "max_tokens": 256, "seed": 42}, "prompt_tokens": 185, "completion_tokens": 3, "total_tokens": 188, "token_count_source": "tokenizer", "diffusion_steps": null, "flops_estimate": null, "flops_arch": null, "flops_model_params": null, "flops_active_params": null, "tokens_non_final": 1, "tokens_reasoning": 0, "tokens_response": 1, "elapsed_seconds": 0.25613903999328613, "judgement": "Uncategorized"}
{"id": "travel_time_000628", "topic": "travel_time", "subtopic": "drive_time", "prompt": "You need to travel about 236 miles at around 45 mph. About how many hours will it take?", "exact_value": 5.2444444444444445, "model": "tiiuae/Falcon-H1-7B-Instruct", "provider": "transformers", "response": "Finalются", "numeric_answer": null, "relative_error": null, "thinking_text": null, "has_tool_call": false, "tool_call": null, "usage": {"prompt_tokens": 186, "completion_tokens": 3, "total_tokens": 189, "token_count_source": "tokenizer"}, "decoding": {"temperature": 0.2, "top_p": null, "top_k": null, "max_tokens": 256, "seed": 42}, "prompt_tokens": 186, "completion_tokens": 3, "total_tokens": 189, "token_count_source": "tokenizer", "diffusion_steps": null, "flops_estimate": null, "flops_arch": null, "flops_model_params": null, "flops_active_params": null, "tokens_non_final": 1, "tokens_reasoning": 0, "tokens_response": 1, "elapsed_seconds": 0.26146411895751953, "judgement": "Uncategorized"}
{"id": "travel_time_000648", "topic": "travel_time", "subtopic": "drive_time", "prompt": "You need to travel about 202 miles at around 45 mph. About how many hours will it take?", "exact_value": 4.497777777777778, "model": "tiiuae/Falcon-H1-7B-Instruct", "provider": "transformers", "response": "Finalются примерно путем деления расстояния на скорость примерно путем деления расстояния на скорость примерно путем деления расстояния на скорость примерно путем деления расстояния на скорость примерно путем деления расстояния на скорость примерно путем деления расстояния на скорость примерно путем деления расстояния на скорость примерно путем деления расстояния на скорость примерно путем деления расстояния на скорость примерно путем деления расстояния на скорость примерно путем деления расстояния на скорость примерно путем деления расстояния на скорость примерно путем деления расстояния на скорость примерно путем деления расстояния на скорость примерно путем деления расстояния на скорость примерно путем деления расстояния на скорость примерно путем деления расстояния на скорость примерно путем деления расстояния на скорость примерно путем деления расстояния на скорость примерно путем деления расстояния на скорость примерно путем деления расстояния на скорость примерно путем деления расстояния на скорость примерно путем деления расстояния на скорость примерно путем деления расстояния на скорость примерно путем деления расстояния на скорость примерно путем деления расстояния на скорость примерно путем деления расстояния на скорость примерно путем деления расстояния на скорость примерно путем деления расстояния на скорость примерно путем деления расстояния на скорость примерно путем деления расстояния на скорость примерно путем деления расстояния", "numeric_answer": null, "relative_error": null, "thinking_text": null, "has_tool_call": false, "tool_call": null, "usage": {"prompt_tokens": 186, "completion_tokens": 256, "total_tokens": 442, "token_count_source": "tokenizer"}, "decoding": {"temperature": 0.2, "top_p": null, "top_k": null, "max_tokens": 256, "seed": 42}, "prompt_tokens": 186, "completion_tokens": 256, "total_tokens": 442, "token_count_source": "tokenizer", "diffusion_steps": null, "flops_estimate": null, "flops_arch": null, "flops_model_params": null, "flops_active_params": null, "tokens_non_final": 191, "tokens_reasoning": 0, "tokens_response": 191, "elapsed_seconds": 19.279833555221558, "judgement": "Uncategorized"}
{"id": "travel_time_000668", "topic": "travel_time", "subtopic": "drive_time", "prompt": "You need to travel about 140 miles at around 25 mph. About how many hours will it take?", "exact_value": 5.6160000000000005, "model": "tiiuae/Falcon-H1-7B-Instruct", "provider": "transformers", "response": "Finalются", "numeric_answer": null, "relative_error": null, "thinking_text": null, "has_tool_call": false, "tool_call": null, "usage": {"prompt_tokens": 186, "completion_tokens": 3, "total_tokens": 189, "token_count_source": "tokenizer"}, "decoding": {"temperature": 0.2, "top_p": null, "top_k": null, "max_tokens": 256, "seed": 42}, "prompt_tokens": 186, "completion_tokens": 3, "total_tokens": 189, "token_count_source": "tokenizer", "diffusion_steps": null, "flops_estimate": null, "flops_arch": null, "flops_model_params": null, "flops_active_params": null, "tokens_non_final": 1, "tokens_reasoning": 0, "tokens_response": 1, "elapsed_seconds": 0.2600252628326416, "judgement": "Uncategorized"}
{"id": "travel_time_000688", "topic": "travel_time", "subtopic": "drive_time", "prompt": "You need to travel about 10 miles at around 65 mph. About how many hours will it take?", "exact_value": 0.1523076923076923, "model": "tiiuae/Falcon-H1-7B-Instruct", "provider": "transformers", "response": "Finalются", "numeric_answer": null, "relative_error": null, "thinking_text": null, "has_tool_call": false, "tool_call": null, "usage": {"prompt_tokens": 185, "completion_tokens": 3, "total_tokens": 188, "token_count_source": "tokenizer"}, "decoding": {"temperature": 0.2, "top_p": null, "top_k": null, "max_tokens": 256, "seed": 42}, "prompt_tokens": 185, "completion_tokens": 3, "total_tokens": 188, "token_count_source": "tokenizer", "diffusion_steps": null, "flops_estimate": null, "flops_arch": null, "flops_model_params": null, "flops_active_params": null, "tokens_non_final": 1, "tokens_reasoning": 0, "tokens_response": 1, "elapsed_seconds": 0.2591822147369385, "judgement": "Uncategorized"}
{"id": "travel_time_000708", "topic": "travel_time", "subtopic": "drive_time", "prompt": "You need to travel about 187 miles at around 35 mph. About how many hours will it take?", "exact_value": 5.345714285714285, "model": "tiiuae/Falcon-H1-7B-Instruct", "provider": "transformers", "response": "Finalются примерно путем деления расстояния на скорость путем приближенного вычисления путем округления чисел до ближайших удобных для восприятия значенийются примерно путем деления расстояния на скорость путем приближенного вычисления путем округления чисел до ближайших удобных для восприятия значенийются примерно путем деления расстоянияются примерно путем деления расстоянияются примерно путем деленияются примерно путем деленияются примерно путемются примерно путемются примерно путемются примерно путемются примерно путемются примерно путемются примерно путемются примерно путемются примерно путемются примерно путемются примерно путемются примерно путемются примерно путемются примерно путемются примерно путемются примерно путемются примерно путемются примерно путемются примерно путемются примерно путемются примерно путемются примерно путемются примерно путемются примерно путемются примерно путемются примерно путемются примерно путемются примерно путемются примерно путемются примерно путемются примерно путемются примерно путемются примерно путемются примерно путемются примерно путемются примерно путемются примерно путемются примерно путемются примерно путемются примерно путемются примерно путемются примерно путемются примерно путемются примерно путемются примерно путемются примерно путемются примерно путемются примерно путемются примерно путемются примерно путемются примерно путемются примерно путемются примерно путемются примерно путемются примерно путемются примерно путемются", "numeric_answer": null, "relative_error": null, "thinking_text": null, "has_tool_call": false, "tool_call": null, "usage": {"prompt_tokens": 186, "completion_tokens": 256, "total_tokens": 442, "token_count_source": "tokenizer"}, "decoding": {"temperature": 0.2, "top_p": null, "top_k": null, "max_tokens": 256, "seed": 42}, "prompt_tokens": 186, "completion_tokens": 256, "total_tokens": 442, "token_count_source": "tokenizer", "diffusion_steps": null, "flops_estimate": null, "flops_arch": null, "flops_model_params": null, "flops_active_params": null, "tokens_non_final": 163, "tokens_reasoning": 0, "tokens_response": 163, "elapsed_seconds": 18.873710870742798, "judgement": "Uncategorized"}
{"id": "travel_time_000728", "topic": "travel_time", "subtopic": "drive_time", "prompt": "You need to travel about 85 miles at around 35 mph. About how many hours will it take?", "exact_value": 2.42, "model": "tiiuae/Falcon-H1-7B-Instruct", "provider": "transformers", "response": "Finalются примерно путем деления расстояния на скорость примерно путем деления расстояния на скорость примерно путем деления расстояния на скорость примерно путем деления расстояния на скорость примерно путем деления расстояния на скорость примерно путем деления расстояния на скорость примерно путем деления расстояния на скорость примерно путем деления расстояния на скорость примерно путем деления расстояния на скорость примерно путем деления расстояния на скорость примерно путем деления расстояния на скорость примерно путем деления расстояния на скорость примерно путем деления расстояния на скорость примерно путем деления расстояния на скорость примерно путем деления расстояния на скорость примерно путем деления расстояния на скорость примерно путем деления расстояния на скорость примерно путем деления расстояния на скорость примерно путем деления расстояния на скорость примерно путем деления расстояния на скорость примерно путем деления расстояния на скорость примерно путем деления расстояния на скорость примерно путем деления расстояния на скорость примерно путем деления расстояния на скорость примерно путем деления расстояния на скорость примерно путем деления расстояния на скорость примерно путем деления расстояния на скорость примерно путем деления расстояния на скорость примерно путем деления расстояния на скорость примерно путем деления расстояния на скорость примерно путем деления расстояния на скорость примерно путем деления расстояния", "numeric_answer": null, "relative_error": null, "thinking_text": null, "has_tool_call": false, "tool_call": null, "usage": {"prompt_tokens": 185, "completion_tokens": 256, "total_tokens": 441, "token_count_source": "tokenizer"}, "decoding": {"temperature": 0.2, "top_p": null, "top_k": null, "max_tokens": 256, "seed": 42}, "prompt_tokens": 185, "completion_tokens": 256, "total_tokens": 441, "token_count_source": "tokenizer", "diffusion_steps": null, "flops_estimate": null, "flops_arch": null, "flops_model_params": null, "flops_active_params": null, "tokens_non_final": 191, "tokens_reasoning": 0, "tokens_response": 191, "elapsed_seconds": 18.898106336593628, "judgement": "Uncategorized"}
{"id": "travel_time_000748", "topic": "travel_time", "subtopic": "drive_time", "prompt": "You need to travel about 45 miles at around 55 mph. About how many hours will it take?", "exact_value": 0.8200000000000001, "model": "tiiuae/Falcon-H1-7B-Instruct", "provider": "transformers", "response": "Finalются", "numeric_answer": null, "relative_error": null, "thinking_text": null, "has_tool_call": false, "tool_call": null, "usage": {"prompt_tokens": 185, "completion_tokens": 3, "total_tokens": 188, "token_count_source": "tokenizer"}, "decoding": {"temperature": 0.2, "top_p": null, "top_k": null, "max_tokens": 256, "seed": 42}, "prompt_tokens": 185, "completion_tokens": 3, "total_tokens": 188, "token_count_source": "tokenizer", "diffusion_steps": null, "flops_estimate": null, "flops_arch": null, "flops_model_params": null, "flops_active_params": null, "tokens_non_final": 1, "tokens_reasoning": 0, "tokens_response": 1, "elapsed_seconds": 0.25586986541748047, "judgement": "Uncategorized"}
{"id": "travel_time_000768", "topic": "travel_time", "subtopic": "drive_time", "prompt": "You need to travel about 174 miles at around 55 mph. About how many hours will it take?", "exact_value": 3.1563636363636363, "model": "tiiuae/Falcon-H1-7B-Instruct", "provider": "transformers", "response": "Finalются", "numeric_answer": null, "relative_error": null, "thinking_text": null, "has_tool_call": false, "tool_call": null, "usage": {"prompt_tokens": 186, "completion_tokens": 3, "total_tokens": 189, "token_count_source": "tokenizer"}, "decoding": {"temperature": 0.2, "top_p": null, "top_k": null, "max_tokens": 256, "seed": 42}, "prompt_tokens": 186, "completion_tokens": 3, "total_tokens": 189, "token_count_source": "tokenizer", "diffusion_steps": null, "flops_estimate": null, "flops_arch": null, "flops_model_params": null, "flops_active_params": null, "tokens_non_final": 1, "tokens_reasoning": 0, "tokens_response": 1, "elapsed_seconds": 0.2586090564727783, "judgement": "Uncategorized"}
{"id": "travel_time_000788", "topic": "travel_time", "subtopic": "drive_time", "prompt": "You need to travel about 88 miles at around 65 mph. About how many hours will it take?", "exact_value": 1.3507692307692307, "model": "tiiuae/Falcon-H1-7B-Instruct", "provider": "transformers", "response": "Finalются", "numeric_answer": null, "relative_error": null, "thinking_text": null, "has_tool_call": false, "tool_call": null, "usage": {"prompt_tokens": 185, "completion_tokens": 3, "total_tokens": 188, "token_count_source": "tokenizer"}, "decoding": {"temperature": 0.2, "top_p": null, "top_k": null, "max_tokens": 256, "seed": 42}, "prompt_tokens": 185, "completion_tokens": 3, "total_tokens": 188, "token_count_source": "tokenizer", "diffusion_steps": null, "flops_estimate": null, "flops_arch": null, "flops_model_params": null, "flops_active_params": null, "tokens_non_final": 1, "tokens_reasoning": 0, "tokens_response": 1, "elapsed_seconds": 0.27551889419555664, "judgement": "Uncategorized"}
{"id": "travel_time_000808", "topic": "travel_time", "subtopic": "drive_time", "prompt": "You need to travel about 224 miles at around 35 mph. About how many hours will it take?", "exact_value": 6.402857142857143, "model": "tiiuae/Falcon-H1-7B-Instruct", "provider": "transformers", "response": "Finalются примерно путем приближенногоывания времени путем деления расстояния на скорость путем приближенногоывания времени путем деления расстояния на скорость путем приближенногоывания времени путем приближенногоывания времени путем приближенногоывания времени путем приближенногоывания времени путем приближенногоывания времени путем приближенногоывания времени путем приближенногоывания времени путем приближенногоывания времени путем приближенногоывания времени путем приближенногоывания времени путем приближенногоывания времени путем приближенногоывания времени путем приближенногоывания времени путем приближенногоывания времени путем приближенногоывания времени путем приближенногоывания времени путем приближенногоывания времени путем приближенногоывания времени путем приближенногоывания времени путем приближенногоывания времени путем приближенногоывания времени путем приближенногоывания времени путем приближенногоывания времени путем приближенногоывания времени путем приближенногоывания времени путем приближенногоывания времени путем приближенногоывания времени путем приближенногоывания времени путем приближенногоывания времени путем приближенногоывания времени путем приближенногоывания времени путем приближенногоывания времени путем приближенногоывания времени путем приближенногоывания времени путем приближенногоывания времени путем приближенногоывания времени путем приближенногоывания времени путем приближенногоывания", "numeric_answer": null, "relative_error": null, "thinking_text": null, "has_tool_call": false, "tool_call": null, "usage": {"prompt_tokens": 186, "completion_tokens": 256, "total_tokens": 442, "token_count_source": "tokenizer"}, "decoding": {"temperature": 0.2, "top_p": null, "top_k": null, "max_tokens": 256, "seed": 42}, "prompt_tokens": 186, "completion_tokens": 256, "total_tokens": 442, "token_count_source": "tokenizer", "diffusion_steps": null, "flops_estimate": null, "flops_arch": null, "flops_model_params": null, "flops_active_params": null, "tokens_non_final": 131, "tokens_reasoning": 0, "tokens_response": 131, "elapsed_seconds": 18.99223256111145, "judgement": "Uncategorized"}
{"id": "travel_time_000828", "topic": "travel_time", "subtopic": "drive_time", "prompt": "You need to travel about 153 miles at around 45 mph. About how many hours will it take?", "exact_value": 3.391111111111111, "model": "tiiuae/Falcon-H1-7B-Instruct", "provider": "transformers", "response": "Finalются", "numeric_answer": null, "relative_error": null, "thinking_text": null, "has_tool_call": false, "tool_call": null, "usage": {"prompt_tokens": 186, "completion_tokens": 3, "total_tokens": 189, "token_count_source": "tokenizer"}, "decoding": {"temperature": 0.2, "top_p": null, "top_k": null, "max_tokens": 256, "seed": 42}, "prompt_tokens": 186, "completion_tokens": 3, "total_tokens": 189, "token_count_source": "tokenizer", "diffusion_steps": null, "flops_estimate": null, "flops_arch": null, "flops_model_params": null, "flops_active_params": null, "tokens_non_final": 1, "tokens_reasoning": 0, "tokens_response": 1, "elapsed_seconds": 0.2634425163269043, "judgement": "Uncategorized"}
{"id": "travel_time_000848", "topic": "travel_time", "subtopic": "drive_time", "prompt": "You need to travel about 192 miles at around 25 mph. About how many hours will it take?", "exact_value": 7.7, "model": "tiiuae/Falcon-H1-7B-Instruct", "provider": "transformers", "response": "Finalются", "numeric_answer": null, "relative_error": null, "thinking_text": null, "has_tool_call": false, "tool_call": null, "usage": {"prompt_tokens": 186, "completion_tokens": 3, "total_tokens": 189, "token_count_source": "tokenizer"}, "decoding": {"temperature": 0.2, "top_p": null, "top_k": null, "max_tokens": 256, "seed": 42}, "prompt_tokens": 186, "completion_tokens": 3, "total_tokens": 189, "token_count_source": "tokenizer", "diffusion_steps": null, "flops_estimate": null, "flops_arch": null, "flops_model_params": null, "flops_active_params": null, "tokens_non_final": 1, "tokens_reasoning": 0, "tokens_response": 1, "elapsed_seconds": 0.2582743167877197, "judgement": "Uncategorized"}
{"id": "travel_time_000868", "topic": "travel_time", "subtopic": "drive_time", "prompt": "You need to travel about 145 miles at around 25 mph. About how many hours will it take?", "exact_value": 5.792000000000001, "model": "tiiuae/Falcon-H1-7B-Instruct", "provider": "transformers", "response": "Finalются", "numeric_answer": null, "relative_error": null, "thinking_text": null, "has_tool_call": false, "tool_call": null, "usage": {"prompt_tokens": 186, "completion_tokens": 3, "total_tokens": 189, "token_count_source": "tokenizer"}, "decoding": {"temperature": 0.2, "top_p": null, "top_k": null, "max_tokens": 256, "seed": 42}, "prompt_tokens": 186, "completion_tokens": 3, "total_tokens": 189, "token_count_source": "tokenizer", "diffusion_steps": null, "flops_estimate": null, "flops_arch": null, "flops_model_params": null, "flops_active_params": null, "tokens_non_final": 1, "tokens_reasoning": 0, "tokens_response": 1, "elapsed_seconds": 0.25997400283813477, "judgement": "Uncategorized"}
{"id": "travel_time_000888", "topic": "travel_time", "subtopic": "drive_time", "prompt": "You need to travel about 231 miles at around 45 mph. About how many hours will it take?", "exact_value": 5.1288888888888895, "model": "tiiuae/Falcon-H1-7B-Instruct", "provider": "transformers", "response": "Finalются", "numeric_answer": null, "relative_error": null, "thinking_text": null, "has_tool_call": false, "tool_call": null, "usage": {"prompt_tokens": 186, "completion_tokens": 3, "total_tokens": 189, "token_count_source": "tokenizer"}, "decoding": {"temperature": 0.2, "top_p": null, "top_k": null, "max_tokens": 256, "seed": 42}, "prompt_tokens": 186, "completion_tokens": 3, "total_tokens": 189, "token_count_source": "tokenizer", "diffusion_steps": null, "flops_estimate": null, "flops_arch": null, "flops_model_params": null, "flops_active_params": null, "tokens_non_final": 1, "tokens_reasoning": 0, "tokens_response": 1, "elapsed_seconds": 0.2600717544555664, "judgement": "Uncategorized"}
{"id": "travel_time_000908", "topic": "travel_time", "subtopic": "drive_time", "prompt": "You need to travel about 116 miles at around 55 mph. About how many hours will it take?", "exact_value": 2.1163636363636367, "model": "tiiuae/Falcon-H1-7B-Instruct", "provider": "transformers", "response": "Finalются", "numeric_answer": null, "relative_error": null, "thinking_text": null, "has_tool_call": false, "tool_call": null, "usage": {"prompt_tokens": 186, "completion_tokens": 3, "total_tokens": 189, "token_count_source": "tokenizer"}, "decoding": {"temperature": 0.2, "top_p": null, "top_k": null, "max_tokens": 256, "seed": 42}, "prompt_tokens": 186, "completion_tokens": 3, "total_tokens": 189, "token_count_source": "tokenizer", "diffusion_steps": null, "flops_estimate": null, "flops_arch": null, "flops_model_params": null, "flops_active_params": null, "tokens_non_final": 1, "tokens_reasoning": 0, "tokens_response": 1, "elapsed_seconds": 0.259807825088501, "judgement": "Uncategorized"}
{"id": "travel_time_000928", "topic": "travel_time", "subtopic": "drive_time", "prompt": "You need to travel about 63 miles at around 55 mph. About how many hours will it take?", "exact_value": 1.1454545454545455, "model": "tiiuae/Falcon-H1-7B-Instruct", "provider": "transformers", "response": "Finalются", "numeric_answer": null, "relative_error": null, "thinking_text": null, "has_tool_call": false, "tool_call": null, "usage": {"prompt_tokens": 185, "completion_tokens": 3, "total_tokens": 188, "token_count_source": "tokenizer"}, "decoding": {"temperature": 0.2, "top_p": null, "top_k": null, "max_tokens": 256, "seed": 42}, "prompt_tokens": 185, "completion_tokens": 3, "total_tokens": 188, "token_count_source": "tokenizer", "diffusion_steps": null, "flops_estimate": null, "flops_arch": null, "flops_model_params": null, "flops_active_params": null, "tokens_non_final": 1, "tokens_reasoning": 0, "tokens_response": 1, "elapsed_seconds": 0.27194905281066895, "judgement": "Uncategorized"}
{"id": "travel_time_000948", "topic": "travel_time", "subtopic": "drive_time", "prompt": "You need to travel about 186 miles at around 65 mph. About how many hours will it take?", "exact_value": 2.8584615384615386, "model": "tiiuae/Falcon-H1-7B-Instruct", "provider": "transformers", "response": "Finalются", "numeric_answer": null, "relative_error": null, "thinking_text": null, "has_tool_call": false, "tool_call": null, "usage": {"prompt_tokens": 186, "completion_tokens": 3, "total_tokens": 189, "token_count_source": "tokenizer"}, "decoding": {"temperature": 0.2, "top_p": null, "top_k": null, "max_tokens": 256, "seed": 42}, "prompt_tokens": 186, "completion_tokens": 3, "total_tokens": 189, "token_count_source": "tokenizer", "diffusion_steps": null, "flops_estimate": null, "flops_arch": null, "flops_model_params": null, "flops_active_params": null, "tokens_non_final": 1, "tokens_reasoning": 0, "tokens_response": 1, "elapsed_seconds": 0.2912607192993164, "judgement": "Uncategorized"}
{"id": "travel_time_000968", "topic": "travel_time", "subtopic": "drive_time", "prompt": "You need to travel about 108 miles at around 55 mph. About how many hours will it take?", "exact_value": 1.9672727272727273, "model": "tiiuae/Falcon-H1-7B-Instruct", "provider": "transformers", "response": "Finalются", "numeric_answer": null, "relative_error": null, "thinking_text": null, "has_tool_call": false, "tool_call": null, "usage": {"prompt_tokens": 186, "completion_tokens": 3, "total_tokens": 189, "token_count_source": "tokenizer"}, "decoding": {"temperature": 0.2, "top_p": null, "top_k": null, "max_tokens": 256, "seed": 42}, "prompt_tokens": 186, "completion_tokens": 3, "total_tokens": 189, "token_count_source": "tokenizer", "diffusion_steps": null, "flops_estimate": null, "flops_arch": null, "flops_model_params": null, "flops_active_params": null, "tokens_non_final": 1, "tokens_reasoning": 0, "tokens_response": 1, "elapsed_seconds": 0.2721519470214844, "judgement": "Uncategorized"}
{"id": "travel_time_000988", "topic": "travel_time", "subtopic": "drive_time", "prompt": "You need to travel about 156 miles at around 55 mph. About how many hours will it take?", "exact_value": 2.838181818181818, "model": "tiiuae/Falcon-H1-7B-Instruct", "provider": "transformers", "response": "Finalются", "numeric_answer": null, "relative_error": null, "thinking_text": null, "has_tool_call": false, "tool_call": null, "usage": {"prompt_tokens": 186, "completion_tokens": 3, "total_tokens": 189, "token_count_source": "tokenizer"}, "decoding": {"temperature": 0.2, "top_p": null, "top_k": null, "max_tokens": 256, "seed": 42}, "prompt_tokens": 186, "completion_tokens": 3, "total_tokens": 189, "token_count_source": "tokenizer", "diffusion_steps": null, "flops_estimate": null, "flops_arch": null, "flops_model_params": null, "flops_active_params": null, "tokens_non_final": 1, "tokens_reasoning": 0, "tokens_response": 1, "elapsed_seconds": 0.27004528045654297, "judgement": "Uncategorized"}
{"id": "travel_time_001008", "topic": "travel_time", "subtopic": "drive_time", "prompt": "You need to travel about 74 miles at around 25 mph. About how many hours will it take?", "exact_value": 2.948, "model": "tiiuae/Falcon-H1-7B-Instruct", "provider": "transformers", "response": "Finalются", "numeric_answer": null, "relative_error": null, "thinking_text": null, "has_tool_call": false, "tool_call": null, "usage": {"prompt_tokens": 185, "completion_tokens": 3, "total_tokens": 188, "token_count_source": "tokenizer"}, "decoding": {"temperature": 0.2, "top_p": null, "top_k": null, "max_tokens": 256, "seed": 42}, "prompt_tokens": 185, "completion_tokens": 3, "total_tokens": 188, "token_count_source": "tokenizer", "diffusion_steps": null, "flops_estimate": null, "flops_arch": null, "flops_model_params": null, "flops_active_params": null, "tokens_non_final": 1, "tokens_reasoning": 0, "tokens_response": 1, "elapsed_seconds": 0.26743435859680176, "judgement": "Uncategorized"}
{"id": "travel_time_001028", "topic": "travel_time", "subtopic": "drive_time", "prompt": "You need to travel about 51 miles at around 55 mph. About how many hours will it take?", "exact_value": 0.9309090909090909, "model": "tiiuae/Falcon-H1-7B-Instruct", "provider": "transformers", "response": "Finalются", "numeric_answer": null, "relative_error": null, "thinking_text": null, "has_tool_call": false, "tool_call": null, "usage": {"prompt_tokens": 185, "completion_tokens": 3, "total_tokens": 188, "token_count_source": "tokenizer"}, "decoding": {"temperature": 0.2, "top_p": null, "top_k": null, "max_tokens": 256, "seed": 42}, "prompt_tokens": 185, "completion_tokens": 3, "total_tokens": 188, "token_count_source": "tokenizer", "diffusion_steps": null, "flops_estimate": null, "flops_arch": null, "flops_model_params": null, "flops_active_params": null, "tokens_non_final": 1, "tokens_reasoning": 0, "tokens_response": 1, "elapsed_seconds": 0.2595357894897461, "judgement": "Uncategorized"}
{"id": "travel_time_001048", "topic": "travel_time", "subtopic": "drive_time", "prompt": "You need to travel about 216 miles at around 35 mph. About how many hours will it take?", "exact_value": 6.180000000000001, "model": "tiiuae/Falcon-H1-7B-Instruct", "provider": "transformers", "response": "Finalются", "numeric_answer": null, "relative_error": null, "thinking_text": null, "has_tool_call": false, "tool_call": null, "usage": {"prompt_tokens": 186, "completion_tokens": 3, "total_tokens": 189, "token_count_source": "tokenizer"}, "decoding": {"temperature": 0.2, "top_p": null, "top_k": null, "max_tokens": 256, "seed": 42}, "prompt_tokens": 186, "completion_tokens": 3, "total_tokens": 189, "token_count_source": "tokenizer", "diffusion_steps": null, "flops_estimate": null, "flops_arch": null, "flops_model_params": null, "flops_active_params": null, "tokens_non_final": 1, "tokens_reasoning": 0, "tokens_response": 1, "elapsed_seconds": 0.26161742210388184, "judgement": "Uncategorized"}
{"id": "travel_time_001068", "topic": "travel_time", "subtopic": "drive_time", "prompt": "You need to travel about 183 miles at around 25 mph. About how many hours will it take?", "exact_value": 7.308, "model": "tiiuae/Falcon-H1-7B-Instruct", "provider": "transformers", "response": "Finalются примерно путем деления расстояния на скорость путем приближенного счета времени путем деления примерно числа миль на число миль в часываются примерно путем деления примерно числа миль примерно на примерно число миль примерно на примерно число миль примерно примерно примерно примерно примерно примерно примерно примерно примерно примерно примерно примерно примерно примерно примерно примерно примерно примерно примерно примерно примерно примерно примерно примерно примерно примерно примерно примерно примерно примерно примерно примерно примерно примерно примерно примерно примерно примерно примерно примерно примерно примерно примерно примерно примерно примерно примерно примерно примерно примерно примерно примерно примерно примерно примерно примерно примерно примерно примерно примерно примерно примерно примерно примерно примерно примерно примерно примерно примерно примерно примерно примерно примерно примерно примерно примерно примерно примерно примерно примерно примерно примерно примерно примерно примерно примерно примерно примерно примерно примерно примерно примерно примерно примерно примерно примерно примерно примерно примерно примерно примерно примерно примерно примерно примерно примерно примерно примерно примерно примерно примерно примерно примерно примерно примерно примерно примерно примерно примерно примерно примерно примерно примерно примерно примерно примерно примерно примерно примерно примерно примерно примерно примерно примерно примерно примерно примерно примерно примерно примерно примерно примерно примерно примерно примерно примерно примерно примерно примерно примерно примерно примерно примерно примерно примерно примерно примерно примерно примерно примерно примерно примерно примерно примерно примерно примерно примерно примерно примерно примерно примерно примерно примерно примерно примерно примерно примерно примерно примерно примерно примерно примерно примерно примерно примерно примерно примерно примерно примерно примерно примерно примерно примерно примерно примерно примерно примерно примерно примерно примерно примерно примерно примерно примерно примерно", "numeric_answer": null, "relative_error": null, "thinking_text": null, "has_tool_call": false, "tool_call": null, "usage": {"prompt_tokens": 186, "completion_tokens": 256, "total_tokens": 442, "token_count_source": "tokenizer"}, "decoding": {"temperature": 0.2, "top_p": null, "top_k": null, "max_tokens": 256, "seed": 42}, "prompt_tokens": 186, "completion_tokens": 256, "total_tokens": 442, "token_count_source": "tokenizer", "diffusion_steps": null, "flops_estimate": null, "flops_arch": null, "flops_model_params": null, "flops_active_params": null, "tokens_non_final": 242, "tokens_reasoning": 0, "tokens_response": 242, "elapsed_seconds": 18.831507921218872, "judgement": "Uncategorized"}
{"id": "physics_estimate_000112", "topic": "physics_estimate", "subtopic": "fill_rate", "prompt": "A faucet fills 40 liters at about 6 liters per minute. About how many minutes does it take?", "exact_value": 6.666666666666667, "model": "tiiuae/Falcon-H1-7B-Instruct", "provider": "transformers", "response": "Finalются", "numeric_answer": null, "relative_error": null, "thinking_text": null, "has_tool_call": false, "tool_call": null, "usage": {"prompt_tokens": 184, "completion_tokens": 3, "total_tokens": 187, "token_count_source": "tokenizer"}, "decoding": {"temperature": 0.2, "top_p": null, "top_k": null, "max_tokens": 256, "seed": 42}, "prompt_tokens": 184, "completion_tokens": 3, "total_tokens": 187, "token_count_source": "tokenizer", "diffusion_steps": null, "flops_estimate": null, "flops_arch": null, "flops_model_params": null, "flops_active_params": null, "tokens_non_final": 1, "tokens_reasoning": 0, "tokens_response": 1, "elapsed_seconds": 0.25527024269104004, "judgement": "Uncategorized"}
{"id": "physics_estimate_000132", "topic": "physics_estimate", "subtopic": "fill_rate", "prompt": "A faucet fills 10 liters at about 6 liters per minute. About how many minutes does it take?", "exact_value": 1.6666666666666667, "model": "tiiuae/Falcon-H1-7B-Instruct", "provider": "transformers", "response": "Finalются", "numeric_answer": null, "relative_error": null, "thinking_text": null, "has_tool_call": false, "tool_call": null, "usage": {"prompt_tokens": 184, "completion_tokens": 3, "total_tokens": 187, "token_count_source": "tokenizer"}, "decoding": {"temperature": 0.2, "top_p": null, "top_k": null, "max_tokens": 256, "seed": 42}, "prompt_tokens": 184, "completion_tokens": 3, "total_tokens": 187, "token_count_source": "tokenizer", "diffusion_steps": null, "flops_estimate": null, "flops_arch": null, "flops_model_params": null, "flops_active_params": null, "tokens_non_final": 1, "tokens_reasoning": 0, "tokens_response": 1, "elapsed_seconds": 0.2525467872619629, "judgement": "Uncategorized"}
{"id": "physics_estimate_000152", "topic": "physics_estimate", "subtopic": "fill_rate", "prompt": "A faucet fills 10 liters at about 7 liters per minute. About how many minutes does it take?", "exact_value": 1.4285714285714286, "model": "tiiuae/Falcon-H1-7B-Instruct", "provider": "transformers", "response": "Finalются", "numeric_answer": null, "relative_error": null, "thinking_text": null, "has_tool_call": false, "tool_call": null, "usage": {"prompt_tokens": 184, "completion_tokens": 3, "total_tokens": 187, "token_count_source": "tokenizer"}, "decoding": {"temperature": 0.2, "top_p": null, "top_k": null, "max_tokens": 256, "seed": 42}, "prompt_tokens": 184, "completion_tokens": 3, "total_tokens": 187, "token_count_source": "tokenizer", "diffusion_steps": null, "flops_estimate": null, "flops_arch": null, "flops_model_params": null, "flops_active_params": null, "tokens_non_final": 1, "tokens_reasoning": 0, "tokens_response": 1, "elapsed_seconds": 0.2517738342285156, "judgement": "Uncategorized"}
{"id": "physics_estimate_000172", "topic": "physics_estimate", "subtopic": "fill_rate", "prompt": "A faucet fills 15 liters at about 6 liters per minute. About how many minutes does it take?", "exact_value": 2.5, "model": "tiiuae/Falcon-H1-7B-Instruct", "provider": "transformers", "response": "Finalются", "numeric_answer": null, "relative_error": null, "thinking_text": null, "has_tool_call": false, "tool_call": null, "usage": {"prompt_tokens": 184, "completion_tokens": 3, "total_tokens": 187, "token_count_source": "tokenizer"}, "decoding": {"temperature": 0.2, "top_p": null, "top_k": null, "max_tokens": 256, "seed": 42}, "prompt_tokens": 184, "completion_tokens": 3, "total_tokens": 187, "token_count_source": "tokenizer", "diffusion_steps": null, "flops_estimate": null, "flops_arch": null, "flops_model_params": null, "flops_active_params": null, "tokens_non_final": 1, "tokens_reasoning": 0, "tokens_response": 1, "elapsed_seconds": 0.25088071823120117, "judgement": "Uncategorized"}
{"id": "physics_estimate_000192", "topic": "physics_estimate", "subtopic": "fill_rate", "prompt": "A faucet fills 15 liters at about 8 liters per minute. About how many minutes does it take?", "exact_value": 1.875, "model": "tiiuae/Falcon-H1-7B-Instruct", "provider": "transformers", "response": "Finalются", "numeric_answer": null, "relative_error": null, "thinking_text": null, "has_tool_call": false, "tool_call": null, "usage": {"prompt_tokens": 184, "completion_tokens": 3, "total_tokens": 187, "token_count_source": "tokenizer"}, "decoding": {"temperature": 0.2, "top_p": null, "top_k": null, "max_tokens": 256, "seed": 42}, "prompt_tokens": 184, "completion_tokens": 3, "total_tokens": 187, "token_count_source": "tokenizer", "diffusion_steps": null, "flops_estimate": null, "flops_arch": null, "flops_model_params": null, "flops_active_params": null, "tokens_non_final": 1, "tokens_reasoning": 0, "tokens_response": 1, "elapsed_seconds": 0.2600235939025879, "judgement": "Uncategorized"}
{"id": "physics_estimate_000212", "topic": "physics_estimate", "subtopic": "fill_rate", "prompt": "A faucet fills 50 liters at about 6 liters per minute. About how many minutes does it take?", "exact_value": 8.333333333333334, "model": "tiiuae/Falcon-H1-7B-Instruct", "provider": "transformers", "response": "Finalются", "numeric_answer": null, "relative_error": null, "thinking_text": null, "has_tool_call": false, "tool_call": null, "usage": {"prompt_tokens": 184, "completion_tokens": 3, "total_tokens": 187, "token_count_source": "tokenizer"}, "decoding": {"temperature": 0.2, "top_p": null, "top_k": null, "max_tokens": 256, "seed": 42}, "prompt_tokens": 184, "completion_tokens": 3, "total_tokens": 187, "token_count_source": "tokenizer", "diffusion_steps": null, "flops_estimate": null, "flops_arch": null, "flops_model_params": null, "flops_active_params": null, "tokens_non_final": 1, "tokens_reasoning": 0, "tokens_response": 1, "elapsed_seconds": 0.2629551887512207, "judgement": "Uncategorized"}
{"id": "physics_estimate_000232", "topic": "physics_estimate", "subtopic": "fill_rate", "prompt": "A faucet fills 20 liters at about 4 liters per minute. About how many minutes does it take?", "exact_value": 5.0, "model": "tiiuae/Falcon-H1-7B-Instruct", "provider": "transformers", "response": "Finalются", "numeric_answer": null, "relative_error": null, "thinking_text": null, "has_tool_call": false, "tool_call": null, "usage": {"prompt_tokens": 184, "completion_tokens": 3, "total_tokens": 187, "token_count_source": "tokenizer"}, "decoding": {"temperature": 0.2, "top_p": null, "top_k": null, "max_tokens": 256, "seed": 42}, "prompt_tokens": 184, "completion_tokens": 3, "total_tokens": 187, "token_count_source": "tokenizer", "diffusion_steps": null, "flops_estimate": null, "flops_arch": null, "flops_model_params": null, "flops_active_params": null, "tokens_non_final": 1, "tokens_reasoning": 0, "tokens_response": 1, "elapsed_seconds": 0.2507784366607666, "judgement": "Uncategorized"}
{"id": "physics_estimate_000252", "topic": "physics_estimate", "subtopic": "fill_rate", "prompt": "A faucet fills 30 liters at about 5 liters per minute. About how many minutes does it take?", "exact_value": 6.0, "model": "tiiuae/Falcon-H1-7B-Instruct", "provider": "transformers", "response": "Finalются", "numeric_answer": null, "relative_error": null, "thinking_text": null, "has_tool_call": false, "tool_call": null, "usage": {"prompt_tokens": 184, "completion_tokens": 3, "total_tokens": 187, "token_count_source": "tokenizer"}, "decoding": {"temperature": 0.2, "top_p": null, "top_k": null, "max_tokens": 256, "seed": 42}, "prompt_tokens": 184, "completion_tokens": 3, "total_tokens": 187, "token_count_source": "tokenizer", "diffusion_steps": null, "flops_estimate": null, "flops_arch": null, "flops_model_params": null, "flops_active_params": null, "tokens_non_final": 1, "tokens_reasoning": 0, "tokens_response": 1, "elapsed_seconds": 0.25099706649780273, "judgement": "Uncategorized"}
{"id": "physics_estimate_000272", "topic": "physics_estimate", "subtopic": "fill_rate", "prompt": "A faucet fills 50 liters at about 6 liters per minute. About how many minutes does it take?", "exact_value": 8.333333333333334, "model": "tiiuae/Falcon-H1-7B-Instruct", "provider": "transformers", "response": "Finalются", "numeric_answer": null, "relative_error": null, "thinking_text": null, "has_tool_call": false, "tool_call": null, "usage": {"prompt_tokens": 184, "completion_tokens": 3, "total_tokens": 187, "token_count_source": "tokenizer"}, "decoding": {"temperature": 0.2, "top_p": null, "top_k": null, "max_tokens": 256, "seed": 42}, "prompt_tokens": 184, "completion_tokens": 3, "total_tokens": 187, "token_count_source": "tokenizer", "diffusion_steps": null, "flops_estimate": null, "flops_arch": null, "flops_model_params": null, "flops_active_params": null, "tokens_non_final": 1, "tokens_reasoning": 0, "tokens_response": 1, "elapsed_seconds": 0.2507777214050293, "judgement": "Uncategorized"}
{"id": "physics_estimate_000292", "topic": "physics_estimate", "subtopic": "fill_rate", "prompt": "A faucet fills 20 liters at about 4 liters per minute. About how many minutes does it take?", "exact_value": 5.0, "model": "tiiuae/Falcon-H1-7B-Instruct", "provider": "transformers", "response": "Finalются", "numeric_answer": null, "relative_error": null, "thinking_text": null, "has_tool_call": false, "tool_call": null, "usage": {"prompt_tokens": 184, "completion_tokens": 3, "total_tokens": 187, "token_count_source": "tokenizer"}, "decoding": {"temperature": 0.2, "top_p": null, "top_k": null, "max_tokens": 256, "seed": 42}, "prompt_tokens": 184, "completion_tokens": 3, "total_tokens": 187, "token_count_source": "tokenizer", "diffusion_steps": null, "flops_estimate": null, "flops_arch": null, "flops_model_params": null, "flops_active_params": null, "tokens_non_final": 1, "tokens_reasoning": 0, "tokens_response": 1, "elapsed_seconds": 0.2511770725250244, "judgement": "Uncategorized"}
{"id": "physics_estimate_000312", "topic": "physics_estimate", "subtopic": "fill_rate", "prompt": "A faucet fills 15 liters at about 4 liters per minute. About how many minutes does it take?", "exact_value": 3.75, "model": "tiiuae/Falcon-H1-7B-Instruct", "provider": "transformers", "response": "Finalются", "numeric_answer": null, "relative_error": null, "thinking_text": null, "has_tool_call": false, "tool_call": null, "usage": {"prompt_tokens": 184, "completion_tokens": 3, "total_tokens": 187, "token_count_source": "tokenizer"}, "decoding": {"temperature": 0.2, "top_p": null, "top_k": null, "max_tokens": 256, "seed": 42}, "prompt_tokens": 184, "completion_tokens": 3, "total_tokens": 187, "token_count_source": "tokenizer", "diffusion_steps": null, "flops_estimate": null, "flops_arch": null, "flops_model_params": null, "flops_active_params": null, "tokens_non_final": 1, "tokens_reasoning": 0, "tokens_response": 1, "elapsed_seconds": 0.25104570388793945, "judgement": "Uncategorized"}
{"id": "physics_estimate_000332", "topic": "physics_estimate", "subtopic": "fill_rate", "prompt": "A faucet fills 15 liters at about 5 liters per minute. About how many minutes does it take?", "exact_value": 3.0, "model": "tiiuae/Falcon-H1-7B-Instruct", "provider": "transformers", "response": "Finalются", "numeric_answer": null, "relative_error": null, "thinking_text": null, "has_tool_call": false, "tool_call": null, "usage": {"prompt_tokens": 184, "completion_tokens": 3, "total_tokens": 187, "token_count_source": "tokenizer"}, "decoding": {"temperature": 0.2, "top_p": null, "top_k": null, "max_tokens": 256, "seed": 42}, "prompt_tokens": 184, "completion_tokens": 3, "total_tokens": 187, "token_count_source": "tokenizer", "diffusion_steps": null, "flops_estimate": null, "flops_arch": null, "flops_model_params": null, "flops_active_params": null, "tokens_non_final": 1, "tokens_reasoning": 0, "tokens_response": 1, "elapsed_seconds": 0.2507030963897705, "judgement": "Uncategorized"}
{"id": "physics_estimate_000352", "topic": "physics_estimate", "subtopic": "fill_rate", "prompt": "A faucet fills 15 liters at about 6 liters per minute. About how many minutes does it take?", "exact_value": 2.5, "model": "tiiuae/Falcon-H1-7B-Instruct", "provider": "transformers", "response": "Finalются", "numeric_answer": null, "relative_error": null, "thinking_text": null, "has_tool_call": false, "tool_call": null, "usage": {"prompt_tokens": 184, "completion_tokens": 3, "total_tokens": 187, "token_count_source": "tokenizer"}, "decoding": {"temperature": 0.2, "top_p": null, "top_k": null, "max_tokens": 256, "seed": 42}, "prompt_tokens": 184, "completion_tokens": 3, "total_tokens": 187, "token_count_source": "tokenizer", "diffusion_steps": null, "flops_estimate": null, "flops_arch": null, "flops_model_params": null, "flops_active_params": null, "tokens_non_final": 1, "tokens_reasoning": 0, "tokens_response": 1, "elapsed_seconds": 0.25165677070617676, "judgement": "Uncategorized"}
{"id": "physics_estimate_000372", "topic": "physics_estimate", "subtopic": "fill_rate", "prompt": "A faucet fills 50 liters at about 6 liters per minute. About how many minutes does it take?", "exact_value": 8.333333333333334, "model": "tiiuae/Falcon-H1-7B-Instruct", "provider": "transformers", "response": "Finalются", "numeric_answer": null, "relative_error": null, "thinking_text": null, "has_tool_call": false, "tool_call": null, "usage": {"prompt_tokens": 184, "completion_tokens": 3, "total_tokens": 187, "token_count_source": "tokenizer"}, "decoding": {"temperature": 0.2, "top_p": null, "top_k": null, "max_tokens": 256, "seed": 42}, "prompt_tokens": 184, "completion_tokens": 3, "total_tokens": 187, "token_count_source": "tokenizer", "diffusion_steps": null, "flops_estimate": null, "flops_arch": null, "flops_model_params": null, "flops_active_params": null, "tokens_non_final": 1, "tokens_reasoning": 0, "tokens_response": 1, "elapsed_seconds": 0.25469398498535156, "judgement": "Uncategorized"}
{"id": "physics_estimate_000392", "topic": "physics_estimate", "subtopic": "fill_rate", "prompt": "A faucet fills 40 liters at about 7 liters per minute. About how many minutes does it take?", "exact_value": 5.714285714285714, "model": "tiiuae/Falcon-H1-7B-Instruct", "provider": "transformers", "response": "Finalются", "numeric_answer": null, "relative_error": null, "thinking_text": null, "has_tool_call": false, "tool_call": null, "usage": {"prompt_tokens": 184, "completion_tokens": 3, "total_tokens": 187, "token_count_source": "tokenizer"}, "decoding": {"temperature": 0.2, "top_p": null, "top_k": null, "max_tokens": 256, "seed": 42}, "prompt_tokens": 184, "completion_tokens": 3, "total_tokens": 187, "token_count_source": "tokenizer", "diffusion_steps": null, "flops_estimate": null, "flops_arch": null, "flops_model_params": null, "flops_active_params": null, "tokens_non_final": 1, "tokens_reasoning": 0, "tokens_response": 1, "elapsed_seconds": 0.25076770782470703, "judgement": "Uncategorized"}
{"id": "physics_estimate_000412", "topic": "physics_estimate", "subtopic": "fill_rate", "prompt": "A faucet fills 10 liters at about 7 liters per minute. About how many minutes does it take?", "exact_value": 1.4285714285714286, "model": "tiiuae/Falcon-H1-7B-Instruct", "provider": "transformers", "response": "Finalются", "numeric_answer": null, "relative_error": null, "thinking_text": null, "has_tool_call": false, "tool_call": null, "usage": {"prompt_tokens": 184, "completion_tokens": 3, "total_tokens": 187, "token_count_source": "tokenizer"}, "decoding": {"temperature": 0.2, "top_p": null, "top_k": null, "max_tokens": 256, "seed": 42}, "prompt_tokens": 184, "completion_tokens": 3, "total_tokens": 187, "token_count_source": "tokenizer", "diffusion_steps": null, "flops_estimate": null, "flops_arch": null, "flops_model_params": null, "flops_active_params": null, "tokens_non_final": 1, "tokens_reasoning": 0, "tokens_response": 1, "elapsed_seconds": 0.2509472370147705, "judgement": "Uncategorized"}
{"id": "physics_estimate_000432", "topic": "physics_estimate", "subtopic": "fill_rate", "prompt": "A faucet fills 30 liters at about 6 liters per minute. About how many minutes does it take?", "exact_value": 5.0, "model": "tiiuae/Falcon-H1-7B-Instruct", "provider": "transformers", "response": "Finalются", "numeric_answer": null, "relative_error": null, "thinking_text": null, "has_tool_call": false, "tool_call": null, "usage": {"prompt_tokens": 184, "completion_tokens": 3, "total_tokens": 187, "token_count_source": "tokenizer"}, "decoding": {"temperature": 0.2, "top_p": null, "top_k": null, "max_tokens": 256, "seed": 42}, "prompt_tokens": 184, "completion_tokens": 3, "total_tokens": 187, "token_count_source": "tokenizer", "diffusion_steps": null, "flops_estimate": null, "flops_arch": null, "flops_model_params": null, "flops_active_params": null, "tokens_non_final": 1, "tokens_reasoning": 0, "tokens_response": 1, "elapsed_seconds": 0.25161027908325195, "judgement": "Uncategorized"}
{"id": "physics_estimate_000452", "topic": "physics_estimate", "subtopic": "fill_rate", "prompt": "A faucet fills 10 liters at about 5 liters per minute. About how many minutes does it take?", "exact_value": 2.0, "model": "tiiuae/Falcon-H1-7B-Instruct", "provider": "transformers", "response": "Finalются", "numeric_answer": null, "relative_error": null, "thinking_text": null, "has_tool_call": false, "tool_call": null, "usage": {"prompt_tokens": 184, "completion_tokens": 3, "total_tokens": 187, "token_count_source": "tokenizer"}, "decoding": {"temperature": 0.2, "top_p": null, "top_k": null, "max_tokens": 256, "seed": 42}, "prompt_tokens": 184, "completion_tokens": 3, "total_tokens": 187, "token_count_source": "tokenizer", "diffusion_steps": null, "flops_estimate": null, "flops_arch": null, "flops_model_params": null, "flops_active_params": null, "tokens_non_final": 1, "tokens_reasoning": 0, "tokens_response": 1, "elapsed_seconds": 0.25110960006713867, "judgement": "Uncategorized"}
{"id": "physics_estimate_000472", "topic": "physics_estimate", "subtopic": "fill_rate", "prompt": "A faucet fills 30 liters at about 6 liters per minute. About how many minutes does it take?", "exact_value": 5.0, "model": "tiiuae/Falcon-H1-7B-Instruct", "provider": "transformers", "response": "Finalются", "numeric_answer": null, "relative_error": null, "thinking_text": null, "has_tool_call": false, "tool_call": null, "usage": {"prompt_tokens": 184, "completion_tokens": 3, "total_tokens": 187, "token_count_source": "tokenizer"}, "decoding": {"temperature": 0.2, "top_p": null, "top_k": null, "max_tokens": 256, "seed": 42}, "prompt_tokens": 184, "completion_tokens": 3, "total_tokens": 187, "token_count_source": "tokenizer", "diffusion_steps": null, "flops_estimate": null, "flops_arch": null, "flops_model_params": null, "flops_active_params": null, "tokens_non_final": 1, "tokens_reasoning": 0, "tokens_response": 1, "elapsed_seconds": 0.25163960456848145, "judgement": "Uncategorized"}
{"id": "physics_estimate_000492", "topic": "physics_estimate", "subtopic": "fill_rate", "prompt": "A faucet fills 30 liters at about 7 liters per minute. About how many minutes does it take?", "exact_value": 4.285714285714286, "model": "tiiuae/Falcon-H1-7B-Instruct", "provider": "transformers", "response": "Finalются", "numeric_answer": null, "relative_error": null, "thinking_text": null, "has_tool_call": false, "tool_call": null, "usage": {"prompt_tokens": 184, "completion_tokens": 3, "total_tokens": 187, "token_count_source": "tokenizer"}, "decoding": {"temperature": 0.2, "top_p": null, "top_k": null, "max_tokens": 256, "seed": 42}, "prompt_tokens": 184, "completion_tokens": 3, "total_tokens": 187, "token_count_source": "tokenizer", "diffusion_steps": null, "flops_estimate": null, "flops_arch": null, "flops_model_params": null, "flops_active_params": null, "tokens_non_final": 1, "tokens_reasoning": 0, "tokens_response": 1, "elapsed_seconds": 0.2511286735534668, "judgement": "Uncategorized"}
{"id": "physics_estimate_000512", "topic": "physics_estimate", "subtopic": "fill_rate", "prompt": "A faucet fills 20 liters at about 8 liters per minute. About how many minutes does it take?", "exact_value": 2.5, "model": "tiiuae/Falcon-H1-7B-Instruct", "provider": "transformers", "response": "Finalются", "numeric_answer": null, "relative_error": null, "thinking_text": null, "has_tool_call": false, "tool_call": null, "usage": {"prompt_tokens": 184, "completion_tokens": 3, "total_tokens": 187, "token_count_source": "tokenizer"}, "decoding": {"temperature": 0.2, "top_p": null, "top_k": null, "max_tokens": 256, "seed": 42}, "prompt_tokens": 184, "completion_tokens": 3, "total_tokens": 187, "token_count_source": "tokenizer", "diffusion_steps": null, "flops_estimate": null, "flops_arch": null, "flops_model_params": null, "flops_active_params": null, "tokens_non_final": 1, "tokens_reasoning": 0, "tokens_response": 1, "elapsed_seconds": 0.25122737884521484, "judgement": "Uncategorized"}
{"id": "physics_estimate_000532", "topic": "physics_estimate", "subtopic": "fill_rate", "prompt": "A faucet fills 50 liters at about 6 liters per minute. About how many minutes does it take?", "exact_value": 8.333333333333334, "model": "tiiuae/Falcon-H1-7B-Instruct", "provider": "transformers", "response": "Finalются", "numeric_answer": null, "relative_error": null, "thinking_text": null, "has_tool_call": false, "tool_call": null, "usage": {"prompt_tokens": 184, "completion_tokens": 3, "total_tokens": 187, "token_count_source": "tokenizer"}, "decoding": {"temperature": 0.2, "top_p": null, "top_k": null, "max_tokens": 256, "seed": 42}, "prompt_tokens": 184, "completion_tokens": 3, "total_tokens": 187, "token_count_source": "tokenizer", "diffusion_steps": null, "flops_estimate": null, "flops_arch": null, "flops_model_params": null, "flops_active_params": null, "tokens_non_final": 1, "tokens_reasoning": 0, "tokens_response": 1, "elapsed_seconds": 0.25119686126708984, "judgement": "Uncategorized"}
{"id": "physics_estimate_000552", "topic": "physics_estimate", "subtopic": "fill_rate", "prompt": "A faucet fills 40 liters at about 8 liters per minute. About how many minutes does it take?", "exact_value": 5.0, "model": "tiiuae/Falcon-H1-7B-Instruct", "provider": "transformers", "response": "Finalются", "numeric_answer": null, "relative_error": null, "thinking_text": null, "has_tool_call": false, "tool_call": null, "usage": {"prompt_tokens": 184, "completion_tokens": 3, "total_tokens": 187, "token_count_source": "tokenizer"}, "decoding": {"temperature": 0.2, "top_p": null, "top_k": null, "max_tokens": 256, "seed": 42}, "prompt_tokens": 184, "completion_tokens": 3, "total_tokens": 187, "token_count_source": "tokenizer", "diffusion_steps": null, "flops_estimate": null, "flops_arch": null, "flops_model_params": null, "flops_active_params": null, "tokens_non_final": 1, "tokens_reasoning": 0, "tokens_response": 1, "elapsed_seconds": 0.272244930267334, "judgement": "Uncategorized"}
{"id": "physics_estimate_000572", "topic": "physics_estimate", "subtopic": "fill_rate", "prompt": "A faucet fills 30 liters at about 8 liters per minute. About how many minutes does it take?", "exact_value": 3.75, "model": "tiiuae/Falcon-H1-7B-Instruct", "provider": "transformers", "response": "Finalются", "numeric_answer": null, "relative_error": null, "thinking_text": null, "has_tool_call": false, "tool_call": null, "usage": {"prompt_tokens": 184, "completion_tokens": 3, "total_tokens": 187, "token_count_source": "tokenizer"}, "decoding": {"temperature": 0.2, "top_p": null, "top_k": null, "max_tokens": 256, "seed": 42}, "prompt_tokens": 184, "completion_tokens": 3, "total_tokens": 187, "token_count_source": "tokenizer", "diffusion_steps": null, "flops_estimate": null, "flops_arch": null, "flops_model_params": null, "flops_active_params": null, "tokens_non_final": 1, "tokens_reasoning": 0, "tokens_response": 1, "elapsed_seconds": 0.27464747428894043, "judgement": "Uncategorized"}
{"id": "physics_estimate_000592", "topic": "physics_estimate", "subtopic": "fill_rate", "prompt": "A faucet fills 30 liters at about 6 liters per minute. About how many minutes does it take?", "exact_value": 5.0, "model": "tiiuae/Falcon-H1-7B-Instruct", "provider": "transformers", "response": "Finalются", "numeric_answer": null, "relative_error": null, "thinking_text": null, "has_tool_call": false, "tool_call": null, "usage": {"prompt_tokens": 184, "completion_tokens": 3, "total_tokens": 187, "token_count_source": "tokenizer"}, "decoding": {"temperature": 0.2, "top_p": null, "top_k": null, "max_tokens": 256, "seed": 42}, "prompt_tokens": 184, "completion_tokens": 3, "total_tokens": 187, "token_count_source": "tokenizer", "diffusion_steps": null, "flops_estimate": null, "flops_arch": null, "flops_model_params": null, "flops_active_params": null, "tokens_non_final": 1, "tokens_reasoning": 0, "tokens_response": 1, "elapsed_seconds": 0.2716257572174072, "judgement": "Uncategorized"}
{"id": "physics_estimate_000612", "topic": "physics_estimate", "subtopic": "fill_rate", "prompt": "A faucet fills 20 liters at about 6 liters per minute. About how many minutes does it take?", "exact_value": 3.3333333333333335, "model": "tiiuae/Falcon-H1-7B-Instruct", "provider": "transformers", "response": "Finalются", "numeric_answer": null, "relative_error": null, "thinking_text": null, "has_tool_call": false, "tool_call": null, "usage": {"prompt_tokens": 184, "completion_tokens": 3, "total_tokens": 187, "token_count_source": "tokenizer"}, "decoding": {"temperature": 0.2, "top_p": null, "top_k": null, "max_tokens": 256, "seed": 42}, "prompt_tokens": 184, "completion_tokens": 3, "total_tokens": 187, "token_count_source": "tokenizer", "diffusion_steps": null, "flops_estimate": null, "flops_arch": null, "flops_model_params": null, "flops_active_params": null, "tokens_non_final": 1, "tokens_reasoning": 0, "tokens_response": 1, "elapsed_seconds": 0.27174878120422363, "judgement": "Uncategorized"}
{"id": "physics_estimate_000632", "topic": "physics_estimate", "subtopic": "fill_rate", "prompt": "A faucet fills 10 liters at about 7 liters per minute. About how many minutes does it take?", "exact_value": 1.4285714285714286, "model": "tiiuae/Falcon-H1-7B-Instruct", "provider": "transformers", "response": "Finalются", "numeric_answer": null, "relative_error": null, "thinking_text": null, "has_tool_call": false, "tool_call": null, "usage": {"prompt_tokens": 184, "completion_tokens": 3, "total_tokens": 187, "token_count_source": "tokenizer"}, "decoding": {"temperature": 0.2, "top_p": null, "top_k": null, "max_tokens": 256, "seed": 42}, "prompt_tokens": 184, "completion_tokens": 3, "total_tokens": 187, "token_count_source": "tokenizer", "diffusion_steps": null, "flops_estimate": null, "flops_arch": null, "flops_model_params": null, "flops_active_params": null, "tokens_non_final": 1, "tokens_reasoning": 0, "tokens_response": 1, "elapsed_seconds": 0.26708173751831055, "judgement": "Uncategorized"}
{"id": "physics_estimate_000652", "topic": "physics_estimate", "subtopic": "fill_rate", "prompt": "A faucet fills 30 liters at about 6 liters per minute. About how many minutes does it take?", "exact_value": 5.0, "model": "tiiuae/Falcon-H1-7B-Instruct", "provider": "transformers", "response": "Finalются", "numeric_answer": null, "relative_error": null, "thinking_text": null, "has_tool_call": false, "tool_call": null, "usage": {"prompt_tokens": 184, "completion_tokens": 3, "total_tokens": 187, "token_count_source": "tokenizer"}, "decoding": {"temperature": 0.2, "top_p": null, "top_k": null, "max_tokens": 256, "seed": 42}, "prompt_tokens": 184, "completion_tokens": 3, "total_tokens": 187, "token_count_source": "tokenizer", "diffusion_steps": null, "flops_estimate": null, "flops_arch": null, "flops_model_params": null, "flops_active_params": null, "tokens_non_final": 1, "tokens_reasoning": 0, "tokens_response": 1, "elapsed_seconds": 0.26819801330566406, "judgement": "Uncategorized"}
{"id": "physics_estimate_000672", "topic": "physics_estimate", "subtopic": "fill_rate", "prompt": "A faucet fills 10 liters at about 7 liters per minute. About how many minutes does it take?", "exact_value": 1.4285714285714286, "model": "tiiuae/Falcon-H1-7B-Instruct", "provider": "transformers", "response": "Finalются", "numeric_answer": null, "relative_error": null, "thinking_text": null, "has_tool_call": false, "tool_call": null, "usage": {"prompt_tokens": 184, "completion_tokens": 3, "total_tokens": 187, "token_count_source": "tokenizer"}, "decoding": {"temperature": 0.2, "top_p": null, "top_k": null, "max_tokens": 256, "seed": 42}, "prompt_tokens": 184, "completion_tokens": 3, "total_tokens": 187, "token_count_source": "tokenizer", "diffusion_steps": null, "flops_estimate": null, "flops_arch": null, "flops_model_params": null, "flops_active_params": null, "tokens_non_final": 1, "tokens_reasoning": 0, "tokens_response": 1, "elapsed_seconds": 0.26488161087036133, "judgement": "Uncategorized"}
{"id": "physics_estimate_000692", "topic": "physics_estimate", "subtopic": "fill_rate", "prompt": "A faucet fills 50 liters at about 6 liters per minute. About how many minutes does it take?", "exact_value": 8.333333333333334, "model": "tiiuae/Falcon-H1-7B-Instruct", "provider": "transformers", "response": "Finalются", "numeric_answer": null, "relative_error": null, "thinking_text": null, "has_tool_call": false, "tool_call": null, "usage": {"prompt_tokens": 184, "completion_tokens": 3, "total_tokens": 187, "token_count_source": "tokenizer"}, "decoding": {"temperature": 0.2, "top_p": null, "top_k": null, "max_tokens": 256, "seed": 42}, "prompt_tokens": 184, "completion_tokens": 3, "total_tokens": 187, "token_count_source": "tokenizer", "diffusion_steps": null, "flops_estimate": null, "flops_arch": null, "flops_model_params": null, "flops_active_params": null, "tokens_non_final": 1, "tokens_reasoning": 0, "tokens_response": 1, "elapsed_seconds": 0.2577641010284424, "judgement": "Uncategorized"}
{"id": "physics_estimate_000712", "topic": "physics_estimate", "subtopic": "fill_rate", "prompt": "A faucet fills 15 liters at about 7 liters per minute. About how many minutes does it take?", "exact_value": 2.142857142857143, "model": "tiiuae/Falcon-H1-7B-Instruct", "provider": "transformers", "response": "Finalются", "numeric_answer": null, "relative_error": null, "thinking_text": null, "has_tool_call": false, "tool_call": null, "usage": {"prompt_tokens": 184, "completion_tokens": 3, "total_tokens": 187, "token_count_source": "tokenizer"}, "decoding": {"temperature": 0.2, "top_p": null, "top_k": null, "max_tokens": 256, "seed": 42}, "prompt_tokens": 184, "completion_tokens": 3, "total_tokens": 187, "token_count_source": "tokenizer", "diffusion_steps": null, "flops_estimate": null, "flops_arch": null, "flops_model_params": null, "flops_active_params": null, "tokens_non_final": 1, "tokens_reasoning": 0, "tokens_response": 1, "elapsed_seconds": 0.27236032485961914, "judgement": "Uncategorized"}
{"id": "physics_estimate_000732", "topic": "physics_estimate", "subtopic": "fill_rate", "prompt": "A faucet fills 30 liters at about 7 liters per minute. About how many minutes does it take?", "exact_value": 4.285714285714286, "model": "tiiuae/Falcon-H1-7B-Instruct", "provider": "transformers", "response": "Finalются", "numeric_answer": null, "relative_error": null, "thinking_text": null, "has_tool_call": false, "tool_call": null, "usage": {"prompt_tokens": 184, "completion_tokens": 3, "total_tokens": 187, "token_count_source": "tokenizer"}, "decoding": {"temperature": 0.2, "top_p": null, "top_k": null, "max_tokens": 256, "seed": 42}, "prompt_tokens": 184, "completion_tokens": 3, "total_tokens": 187, "token_count_source": "tokenizer", "diffusion_steps": null, "flops_estimate": null, "flops_arch": null, "flops_model_params": null, "flops_active_params": null, "tokens_non_final": 1, "tokens_reasoning": 0, "tokens_response": 1, "elapsed_seconds": 0.26250624656677246, "judgement": "Uncategorized"}
{"id": "physics_estimate_000752", "topic": "physics_estimate", "subtopic": "fill_rate", "prompt": "A faucet fills 15 liters at about 7 liters per minute. About how many minutes does it take?", "exact_value": 2.142857142857143, "model": "tiiuae/Falcon-H1-7B-Instruct", "provider": "transformers", "response": "Finalются", "numeric_answer": null, "relative_error": null, "thinking_text": null, "has_tool_call": false, "tool_call": null, "usage": {"prompt_tokens": 184, "completion_tokens": 3, "total_tokens": 187, "token_count_source": "tokenizer"}, "decoding": {"temperature": 0.2, "top_p": null, "top_k": null, "max_tokens": 256, "seed": 42}, "prompt_tokens": 184, "completion_tokens": 3, "total_tokens": 187, "token_count_source": "tokenizer", "diffusion_steps": null, "flops_estimate": null, "flops_arch": null, "flops_model_params": null, "flops_active_params": null, "tokens_non_final": 1, "tokens_reasoning": 0, "tokens_response": 1, "elapsed_seconds": 0.2578604221343994, "judgement": "Uncategorized"}
{"id": "physics_estimate_000772", "topic": "physics_estimate", "subtopic": "fill_rate", "prompt": "A faucet fills 20 liters at about 6 liters per minute. About how many minutes does it take?", "exact_value": 3.3333333333333335, "model": "tiiuae/Falcon-H1-7B-Instruct", "provider": "transformers", "response": "Finalются", "numeric_answer": null, "relative_error": null, "thinking_text": null, "has_tool_call": false, "tool_call": null, "usage": {"prompt_tokens": 184, "completion_tokens": 3, "total_tokens": 187, "token_count_source": "tokenizer"}, "decoding": {"temperature": 0.2, "top_p": null, "top_k": null, "max_tokens": 256, "seed": 42}, "prompt_tokens": 184, "completion_tokens": 3, "total_tokens": 187, "token_count_source": "tokenizer", "diffusion_steps": null, "flops_estimate": null, "flops_arch": null, "flops_model_params": null, "flops_active_params": null, "tokens_non_final": 1, "tokens_reasoning": 0, "tokens_response": 1, "elapsed_seconds": 0.25948190689086914, "judgement": "Uncategorized"}
{"id": "physics_estimate_000792", "topic": "physics_estimate", "subtopic": "fill_rate", "prompt": "A faucet fills 15 liters at about 5 liters per minute. About how many minutes does it take?", "exact_value": 3.0, "model": "tiiuae/Falcon-H1-7B-Instruct", "provider": "transformers", "response": "Finalются", "numeric_answer": null, "relative_error": null, "thinking_text": null, "has_tool_call": false, "tool_call": null, "usage": {"prompt_tokens": 184, "completion_tokens": 3, "total_tokens": 187, "token_count_source": "tokenizer"}, "decoding": {"temperature": 0.2, "top_p": null, "top_k": null, "max_tokens": 256, "seed": 42}, "prompt_tokens": 184, "completion_tokens": 3, "total_tokens": 187, "token_count_source": "tokenizer", "diffusion_steps": null, "flops_estimate": null, "flops_arch": null, "flops_model_params": null, "flops_active_params": null, "tokens_non_final": 1, "tokens_reasoning": 0, "tokens_response": 1, "elapsed_seconds": 0.2579176425933838, "judgement": "Uncategorized"}
{"id": "physics_estimate_000812", "topic": "physics_estimate", "subtopic": "fill_rate", "prompt": "A faucet fills 40 liters at about 7 liters per minute. About how many minutes does it take?", "exact_value": 5.714285714285714, "model": "tiiuae/Falcon-H1-7B-Instruct", "provider": "transformers", "response": "Finalются", "numeric_answer": null, "relative_error": null, "thinking_text": null, "has_tool_call": false, "tool_call": null, "usage": {"prompt_tokens": 184, "completion_tokens": 3, "total_tokens": 187, "token_count_source": "tokenizer"}, "decoding": {"temperature": 0.2, "top_p": null, "top_k": null, "max_tokens": 256, "seed": 42}, "prompt_tokens": 184, "completion_tokens": 3, "total_tokens": 187, "token_count_source": "tokenizer", "diffusion_steps": null, "flops_estimate": null, "flops_arch": null, "flops_model_params": null, "flops_active_params": null, "tokens_non_final": 1, "tokens_reasoning": 0, "tokens_response": 1, "elapsed_seconds": 0.2548995018005371, "judgement": "Uncategorized"}
{"id": "physics_estimate_000832", "topic": "physics_estimate", "subtopic": "fill_rate", "prompt": "A faucet fills 15 liters at about 4 liters per minute. About how many minutes does it take?", "exact_value": 3.75, "model": "tiiuae/Falcon-H1-7B-Instruct", "provider": "transformers", "response": "Finalются", "numeric_answer": null, "relative_error": null, "thinking_text": null, "has_tool_call": false, "tool_call": null, "usage": {"prompt_tokens": 184, "completion_tokens": 3, "total_tokens": 187, "token_count_source": "tokenizer"}, "decoding": {"temperature": 0.2, "top_p": null, "top_k": null, "max_tokens": 256, "seed": 42}, "prompt_tokens": 184, "completion_tokens": 3, "total_tokens": 187, "token_count_source": "tokenizer", "diffusion_steps": null, "flops_estimate": null, "flops_arch": null, "flops_model_params": null, "flops_active_params": null, "tokens_non_final": 1, "tokens_reasoning": 0, "tokens_response": 1, "elapsed_seconds": 0.2559478282928467, "judgement": "Uncategorized"}
{"id": "physics_estimate_000852", "topic": "physics_estimate", "subtopic": "fill_rate", "prompt": "A faucet fills 10 liters at about 6 liters per minute. About how many minutes does it take?", "exact_value": 1.6666666666666667, "model": "tiiuae/Falcon-H1-7B-Instruct", "provider": "transformers", "response": "Finalются", "numeric_answer": null, "relative_error": null, "thinking_text": null, "has_tool_call": false, "tool_call": null, "usage": {"prompt_tokens": 184, "completion_tokens": 3, "total_tokens": 187, "token_count_source": "tokenizer"}, "decoding": {"temperature": 0.2, "top_p": null, "top_k": null, "max_tokens": 256, "seed": 42}, "prompt_tokens": 184, "completion_tokens": 3, "total_tokens": 187, "token_count_source": "tokenizer", "diffusion_steps": null, "flops_estimate": null, "flops_arch": null, "flops_model_params": null, "flops_active_params": null, "tokens_non_final": 1, "tokens_reasoning": 0, "tokens_response": 1, "elapsed_seconds": 0.2585434913635254, "judgement": "Uncategorized"}
{"id": "physics_estimate_000872", "topic": "physics_estimate", "subtopic": "fill_rate", "prompt": "A faucet fills 30 liters at about 7 liters per minute. About how many minutes does it take?", "exact_value": 4.285714285714286, "model": "tiiuae/Falcon-H1-7B-Instruct", "provider": "transformers", "response": "Finalются", "numeric_answer": null, "relative_error": null, "thinking_text": null, "has_tool_call": false, "tool_call": null, "usage": {"prompt_tokens": 184, "completion_tokens": 3, "total_tokens": 187, "token_count_source": "tokenizer"}, "decoding": {"temperature": 0.2, "top_p": null, "top_k": null, "max_tokens": 256, "seed": 42}, "prompt_tokens": 184, "completion_tokens": 3, "total_tokens": 187, "token_count_source": "tokenizer", "diffusion_steps": null, "flops_estimate": null, "flops_arch": null, "flops_model_params": null, "flops_active_params": null, "tokens_non_final": 1, "tokens_reasoning": 0, "tokens_response": 1, "elapsed_seconds": 0.2564671039581299, "judgement": "Uncategorized"}
{"id": "physics_estimate_000892", "topic": "physics_estimate", "subtopic": "fill_rate", "prompt": "A faucet fills 15 liters at about 4 liters per minute. About how many minutes does it take?", "exact_value": 3.75, "model": "tiiuae/Falcon-H1-7B-Instruct", "provider": "transformers", "response": "Finalются", "numeric_answer": null, "relative_error": null, "thinking_text": null, "has_tool_call": false, "tool_call": null, "usage": {"prompt_tokens": 184, "completion_tokens": 3, "total_tokens": 187, "token_count_source": "tokenizer"}, "decoding": {"temperature": 0.2, "top_p": null, "top_k": null, "max_tokens": 256, "seed": 42}, "prompt_tokens": 184, "completion_tokens": 3, "total_tokens": 187, "token_count_source": "tokenizer", "diffusion_steps": null, "flops_estimate": null, "flops_arch": null, "flops_model_params": null, "flops_active_params": null, "tokens_non_final": 1, "tokens_reasoning": 0, "tokens_response": 1, "elapsed_seconds": 0.2566373348236084, "judgement": "Uncategorized"}
{"id": "physics_estimate_000912", "topic": "physics_estimate", "subtopic": "fill_rate", "prompt": "A faucet fills 30 liters at about 8 liters per minute. About how many minutes does it take?", "exact_value": 3.75, "model": "tiiuae/Falcon-H1-7B-Instruct", "provider": "transformers", "response": "Finalются", "numeric_answer": null, "relative_error": null, "thinking_text": null, "has_tool_call": false, "tool_call": null, "usage": {"prompt_tokens": 184, "completion_tokens": 3, "total_tokens": 187, "token_count_source": "tokenizer"}, "decoding": {"temperature": 0.2, "top_p": null, "top_k": null, "max_tokens": 256, "seed": 42}, "prompt_tokens": 184, "completion_tokens": 3, "total_tokens": 187, "token_count_source": "tokenizer", "diffusion_steps": null, "flops_estimate": null, "flops_arch": null, "flops_model_params": null, "flops_active_params": null, "tokens_non_final": 1, "tokens_reasoning": 0, "tokens_response": 1, "elapsed_seconds": 0.2540469169616699, "judgement": "Uncategorized"}
{"id": "physics_estimate_000932", "topic": "physics_estimate", "subtopic": "fill_rate", "prompt": "A faucet fills 30 liters at about 6 liters per minute. About how many minutes does it take?", "exact_value": 5.0, "model": "tiiuae/Falcon-H1-7B-Instruct", "provider": "transformers", "response": "Finalются", "numeric_answer": null, "relative_error": null, "thinking_text": null, "has_tool_call": false, "tool_call": null, "usage": {"prompt_tokens": 184, "completion_tokens": 3, "total_tokens": 187, "token_count_source": "tokenizer"}, "decoding": {"temperature": 0.2, "top_p": null, "top_k": null, "max_tokens": 256, "seed": 42}, "prompt_tokens": 184, "completion_tokens": 3, "total_tokens": 187, "token_count_source": "tokenizer", "diffusion_steps": null, "flops_estimate": null, "flops_arch": null, "flops_model_params": null, "flops_active_params": null, "tokens_non_final": 1, "tokens_reasoning": 0, "tokens_response": 1, "elapsed_seconds": 0.2553548812866211, "judgement": "Uncategorized"}
{"id": "physics_estimate_000952", "topic": "physics_estimate", "subtopic": "fill_rate", "prompt": "A faucet fills 40 liters at about 6 liters per minute. About how many minutes does it take?", "exact_value": 6.666666666666667, "model": "tiiuae/Falcon-H1-7B-Instruct", "provider": "transformers", "response": "Finalются", "numeric_answer": null, "relative_error": null, "thinking_text": null, "has_tool_call": false, "tool_call": null, "usage": {"prompt_tokens": 184, "completion_tokens": 3, "total_tokens": 187, "token_count_source": "tokenizer"}, "decoding": {"temperature": 0.2, "top_p": null, "top_k": null, "max_tokens": 256, "seed": 42}, "prompt_tokens": 184, "completion_tokens": 3, "total_tokens": 187, "token_count_source": "tokenizer", "diffusion_steps": null, "flops_estimate": null, "flops_arch": null, "flops_model_params": null, "flops_active_params": null, "tokens_non_final": 1, "tokens_reasoning": 0, "tokens_response": 1, "elapsed_seconds": 0.25432825088500977, "judgement": "Uncategorized"}
{"id": "physics_estimate_000972", "topic": "physics_estimate", "subtopic": "fill_rate", "prompt": "A faucet fills 10 liters at about 8 liters per minute. About how many minutes does it take?", "exact_value": 1.25, "model": "tiiuae/Falcon-H1-7B-Instruct", "provider": "transformers", "response": "Finalются", "numeric_answer": null, "relative_error": null, "thinking_text": null, "has_tool_call": false, "tool_call": null, "usage": {"prompt_tokens": 184, "completion_tokens": 3, "total_tokens": 187, "token_count_source": "tokenizer"}, "decoding": {"temperature": 0.2, "top_p": null, "top_k": null, "max_tokens": 256, "seed": 42}, "prompt_tokens": 184, "completion_tokens": 3, "total_tokens": 187, "token_count_source": "tokenizer", "diffusion_steps": null, "flops_estimate": null, "flops_arch": null, "flops_model_params": null, "flops_active_params": null, "tokens_non_final": 1, "tokens_reasoning": 0, "tokens_response": 1, "elapsed_seconds": 0.2558591365814209, "judgement": "Uncategorized"}
{"id": "physics_estimate_000992", "topic": "physics_estimate", "subtopic": "fill_rate", "prompt": "A faucet fills 20 liters at about 4 liters per minute. About how many minutes does it take?", "exact_value": 5.0, "model": "tiiuae/Falcon-H1-7B-Instruct", "provider": "transformers", "response": "Finalются", "numeric_answer": null, "relative_error": null, "thinking_text": null, "has_tool_call": false, "tool_call": null, "usage": {"prompt_tokens": 184, "completion_tokens": 3, "total_tokens": 187, "token_count_source": "tokenizer"}, "decoding": {"temperature": 0.2, "top_p": null, "top_k": null, "max_tokens": 256, "seed": 42}, "prompt_tokens": 184, "completion_tokens": 3, "total_tokens": 187, "token_count_source": "tokenizer", "diffusion_steps": null, "flops_estimate": null, "flops_arch": null, "flops_model_params": null, "flops_active_params": null, "tokens_non_final": 1, "tokens_reasoning": 0, "tokens_response": 1, "elapsed_seconds": 0.2556724548339844, "judgement": "Uncategorized"}
{"id": "physics_estimate_001012", "topic": "physics_estimate", "subtopic": "fill_rate", "prompt": "A faucet fills 10 liters at about 6 liters per minute. About how many minutes does it take?", "exact_value": 1.6666666666666667, "model": "tiiuae/Falcon-H1-7B-Instruct", "provider": "transformers", "response": "Finalются", "numeric_answer": null, "relative_error": null, "thinking_text": null, "has_tool_call": false, "tool_call": null, "usage": {"prompt_tokens": 184, "completion_tokens": 3, "total_tokens": 187, "token_count_source": "tokenizer"}, "decoding": {"temperature": 0.2, "top_p": null, "top_k": null, "max_tokens": 256, "seed": 42}, "prompt_tokens": 184, "completion_tokens": 3, "total_tokens": 187, "token_count_source": "tokenizer", "diffusion_steps": null, "flops_estimate": null, "flops_arch": null, "flops_model_params": null, "flops_active_params": null, "tokens_non_final": 1, "tokens_reasoning": 0, "tokens_response": 1, "elapsed_seconds": 0.2559642791748047, "judgement": "Uncategorized"}
{"id": "physics_estimate_001032", "topic": "physics_estimate", "subtopic": "fill_rate", "prompt": "A faucet fills 30 liters at about 6 liters per minute. About how many minutes does it take?", "exact_value": 5.0, "model": "tiiuae/Falcon-H1-7B-Instruct", "provider": "transformers", "response": "Finalются", "numeric_answer": null, "relative_error": null, "thinking_text": null, "has_tool_call": false, "tool_call": null, "usage": {"prompt_tokens": 184, "completion_tokens": 3, "total_tokens": 187, "token_count_source": "tokenizer"}, "decoding": {"temperature": 0.2, "top_p": null, "top_k": null, "max_tokens": 256, "seed": 42}, "prompt_tokens": 184, "completion_tokens": 3, "total_tokens": 187, "token_count_source": "tokenizer", "diffusion_steps": null, "flops_estimate": null, "flops_arch": null, "flops_model_params": null, "flops_active_params": null, "tokens_non_final": 1, "tokens_reasoning": 0, "tokens_response": 1, "elapsed_seconds": 0.2538275718688965, "judgement": "Uncategorized"}
{"id": "physics_estimate_001052", "topic": "physics_estimate", "subtopic": "fill_rate", "prompt": "A faucet fills 10 liters at about 5 liters per minute. About how many minutes does it take?", "exact_value": 2.0, "model": "tiiuae/Falcon-H1-7B-Instruct", "provider": "transformers", "response": "Finalются", "numeric_answer": null, "relative_error": null, "thinking_text": null, "has_tool_call": false, "tool_call": null, "usage": {"prompt_tokens": 184, "completion_tokens": 3, "total_tokens": 187, "token_count_source": "tokenizer"}, "decoding": {"temperature": 0.2, "top_p": null, "top_k": null, "max_tokens": 256, "seed": 42}, "prompt_tokens": 184, "completion_tokens": 3, "total_tokens": 187, "token_count_source": "tokenizer", "diffusion_steps": null, "flops_estimate": null, "flops_arch": null, "flops_model_params": null, "flops_active_params": null, "tokens_non_final": 1, "tokens_reasoning": 0, "tokens_response": 1, "elapsed_seconds": 0.25346970558166504, "judgement": "Uncategorized"}
{"summary": {"samples": 500, "judgement_counts": {"Uncategorized": 487, "Way off": 12, "Mildly off": 1}, "count_good_approximation": 0, "count_exact_math": 0, "count_mildly_off": 1, "count_way_off": 12, "good_approximation_rate": 0.0, "exact_math_rate": 0.0, "good_approximation_rate_ci_95": [0.0, 0.007624618530903363], "exact_math_rate_ci_95": [0.0, 0.007624618530903363], "counts_by_topic": {"basket_sum": {"n": 86, "count_good_approximation": 0, "count_exact_math": 0, "count_mildly_off": 0, "count_way_off": 0}, "discounts": {"n": 85, "count_good_approximation": 0, "count_exact_math": 0, "count_mildly_off": 0, "count_way_off": 10}, "taxes": {"n": 61, "count_good_approximation": 0, "count_exact_math": 0, "count_mildly_off": 0, "count_way_off": 0}, "units": {"n": 61, "count_good_approximation": 0, "count_exact_math": 0, "count_mildly_off": 0, "count_way_off": 2}, "tips": {"n": 61, "count_good_approximation": 0, "count_exact_math": 0, "count_mildly_off": 1, "count_way_off": 0}, "fermi": {"n": 49, "count_good_approximation": 0, "count_exact_math": 0, "count_mildly_off": 0, "count_way_off": 0}, "travel_time": {"n": 49, "count_good_approximation": 0, "count_exact_math": 0, "count_mildly_off": 0, "count_way_off": 0}, "physics_estimate": {"n": 48, "count_good_approximation": 0, "count_exact_math": 0, "count_mildly_off": 0, "count_way_off": 0}}, "counts_by_subtopic": {"decimal_prices": {"n": 86, "count_good_approximation": 0, "count_exact_math": 0, "count_mildly_off": 0, "count_way_off": 0}, "buy_n_get_m": {"n": 14, "count_good_approximation": 0, "count_exact_math": 0, "count_mildly_off": 0, "count_way_off": 9}, "threshold": {"n": 22, "count_good_approximation": 0, "count_exact_math": 0, "count_mildly_off": 0, "count_way_off": 0}, "percent": {"n": 16, "count_good_approximation": 0, "count_exact_math": 0, "count_mildly_off": 0, "count_way_off": 1}, "stacked": {"n": 18, "count_good_approximation": 0, "count_exact_math": 0, "count_mildly_off": 0, "count_way_off": 0}, "bogo": {"n": 15, "count_good_approximation": 0, "count_exact_math": 0, "count_mildly_off": 0, "count_way_off": 0}, "pre_discount_tax": {"n": 25, "count_good_approximation": 0, "count_exact_math": 0, "count_mildly_off": 0, "count_way_off": 0}, "post_discount_tax": {"n": 36, "count_good_approximation": 0, "count_exact_math": 0, "count_mildly_off": 0, "count_way_off": 0}, "kg_g": {"n": 31, "count_good_approximation": 0, "count_exact_math": 0, "count_mildly_off": 0, "count_way_off": 0}, "lb_oz": {"n": 30, "count_good_approximation": 0, "count_exact_math": 0, "count_mildly_off": 0, "count_way_off": 2}, "tips_service": {"n": 61, "count_good_approximation": 0, "count_exact_math": 0, "count_mildly_off": 1, "count_way_off": 0}, "crowd_density": {"n": 49, "count_good_approximation": 0, "count_exact_math": 0, "count_mildly_off": 0, "count_way_off": 0}, "drive_time": {"n": 49, "count_good_approximation": 0, "count_exact_math": 0, "count_mildly_off": 0, "count_way_off": 0}, "fill_rate": {"n": 48, "count_good_approximation": 0, "count_exact_math": 0, "count_mildly_off": 0, "count_way_off": 0}}, "tool_call_count": 0, "avg_elapsed_seconds": 14.856698556423186, "avg_tokens_non_final": 134.648, "avg_tokens_reasoning": 0.0, "avg_tokens": 134.648, "avg_completion_tokens": 203.098, "avg_prompt_tokens": 200.838, "avg_total_tokens": 403.936, "avg_flops_estimate": null, "token_counts_include_prompt": true, "token_count_sources": {"tokenizer": 500}, "avg_relative_error": 0.7733404713955127, "median_relative_error": 0.8473631992673434}}
