{"id": "basket_sum_000171", "topic": "basket_sum", "subtopic": "decimal_prices", "prompt": "You’re buying 3 items: $7.04, $12.56, $5.78. About how much will you pay (before tax)?", "exact_value": 25.38, "model": "tiiuae/Falcon-H1-7B-Instruct", "provider": "transformers", "response": "Final answer: 30", "numeric_answer": 30.0, "relative_error": 0.182033096926714, "thinking_text": null, "has_tool_call": false, "tool_call": null, "usage": {"prompt_tokens": 202, "completion_tokens": 7, "total_tokens": 209, "token_count_source": "tokenizer"}, "decoding": {"temperature": 0.2, "top_p": null, "top_k": null, "max_tokens": 256, "seed": 42}, "prompt_tokens": 202, "completion_tokens": 7, "total_tokens": 209, "token_count_source": "tokenizer", "diffusion_steps": null, "flops_estimate": null, "flops_arch": null, "flops_model_params": null, "flops_active_params": null, "tokens_non_final": 3, "tokens_reasoning": 0, "tokens_response": 3, "elapsed_seconds": 0.6515438556671143, "judgement": "Good approximation"}
{"id": "basket_sum_000191", "topic": "basket_sum", "subtopic": "decimal_prices", "prompt": "You’re buying 5 items: $17.31, $7.03, $9.93, $19.51, $11.17. About how much will you pay (before tax)?", "exact_value": 64.95, "model": "tiiuae/Falcon-H1-7B-Instruct", "provider": "transformers", "response": "Final answer: 70", "numeric_answer": 70.0, "relative_error": 0.07775211701308694, "thinking_text": null, "has_tool_call": false, "tool_call": null, "usage": {"prompt_tokens": 218, "completion_tokens": 7, "total_tokens": 225, "token_count_source": "tokenizer"}, "decoding": {"temperature": 0.2, "top_p": null, "top_k": null, "max_tokens": 256, "seed": 42}, "prompt_tokens": 218, "completion_tokens": 7, "total_tokens": 225, "token_count_source": "tokenizer", "diffusion_steps": null, "flops_estimate": null, "flops_arch": null, "flops_model_params": null, "flops_active_params": null, "tokens_non_final": 3, "tokens_reasoning": 0, "tokens_response": 3, "elapsed_seconds": 0.5533430576324463, "judgement": "Good approximation"}
{"id": "basket_sum_000211", "topic": "basket_sum", "subtopic": "decimal_prices", "prompt": "You’re buying 6 items: $13.05, $4.61, $17.83, $17.37, $4.97, $2.96. About how much will you pay (before tax)?", "exact_value": 60.79, "model": "tiiuae/Falcon-H1-7B-Instruct", "provider": "transformers", "response": "Final answer: 65", "numeric_answer": 65.0, "relative_error": 0.06925481164665243, "thinking_text": null, "has_tool_call": false, "tool_call": null, "usage": {"prompt_tokens": 225, "completion_tokens": 7, "total_tokens": 232, "token_count_source": "tokenizer"}, "decoding": {"temperature": 0.2, "top_p": null, "top_k": null, "max_tokens": 256, "seed": 42}, "prompt_tokens": 225, "completion_tokens": 7, "total_tokens": 232, "token_count_source": "tokenizer", "diffusion_steps": null, "flops_estimate": null, "flops_arch": null, "flops_model_params": null, "flops_active_params": null, "tokens_non_final": 3, "tokens_reasoning": 0, "tokens_response": 3, "elapsed_seconds": 0.5641181468963623, "judgement": "Good approximation"}
{"id": "basket_sum_000231", "topic": "basket_sum", "subtopic": "decimal_prices", "prompt": "You’re buying 6 items: $4.43, $10.89, $5.57, $12.80, $4.22, $15.17. About how much will you pay (before tax)?", "exact_value": 53.08, "model": "tiiuae/Falcon-H1-7B-Instruct", "provider": "transformers", "response": "Final answer: 50", "numeric_answer": 50.0, "relative_error": 0.05802562170308965, "thinking_text": null, "has_tool_call": false, "tool_call": null, "usage": {"prompt_tokens": 225, "completion_tokens": 7, "total_tokens": 232, "token_count_source": "tokenizer"}, "decoding": {"temperature": 0.2, "top_p": null, "top_k": null, "max_tokens": 256, "seed": 42}, "prompt_tokens": 225, "completion_tokens": 7, "total_tokens": 232, "token_count_source": "tokenizer", "diffusion_steps": null, "flops_estimate": null, "flops_arch": null, "flops_model_params": null, "flops_active_params": null, "tokens_non_final": 3, "tokens_reasoning": 0, "tokens_response": 3, "elapsed_seconds": 0.5545048713684082, "judgement": "Good approximation"}
{"id": "basket_sum_000251", "topic": "basket_sum", "subtopic": "decimal_prices", "prompt": "You’re buying 4 items: $7.24, $9.93, $15.10, $11.31. About how much will you pay (before tax)?", "exact_value": 43.58, "model": "tiiuae/Falcon-H1-7B-Instruct", "provider": "transformers", "response": "Final answer: 43", "numeric_answer": 43.0, "relative_error": 0.01330885727397885, "thinking_text": null, "has_tool_call": false, "tool_call": null, "usage": {"prompt_tokens": 210, "completion_tokens": 7, "total_tokens": 217, "token_count_source": "tokenizer"}, "decoding": {"temperature": 0.2, "top_p": null, "top_k": null, "max_tokens": 256, "seed": 42}, "prompt_tokens": 210, "completion_tokens": 7, "total_tokens": 217, "token_count_source": "tokenizer", "diffusion_steps": null, "flops_estimate": null, "flops_arch": null, "flops_model_params": null, "flops_active_params": null, "tokens_non_final": 3, "tokens_reasoning": 0, "tokens_response": 3, "elapsed_seconds": 0.5617880821228027, "judgement": "Good approximation"}
{"id": "basket_sum_000271", "topic": "basket_sum", "subtopic": "decimal_prices", "prompt": "You’re buying 4 items: $19.91, $19.58, $6.09, $1.98. About how much will you pay (before tax)?", "exact_value": 47.56, "model": "tiiuae/Falcon-H1-7B-Instruct", "provider": "transformers", "response": "Final answer: 50", "numeric_answer": 50.0, "relative_error": 0.05130361648444066, "thinking_text": null, "has_tool_call": false, "tool_call": null, "usage": {"prompt_tokens": 210, "completion_tokens": 7, "total_tokens": 217, "token_count_source": "tokenizer"}, "decoding": {"temperature": 0.2, "top_p": null, "top_k": null, "max_tokens": 256, "seed": 42}, "prompt_tokens": 210, "completion_tokens": 7, "total_tokens": 217, "token_count_source": "tokenizer", "diffusion_steps": null, "flops_estimate": null, "flops_arch": null, "flops_model_params": null, "flops_active_params": null, "tokens_non_final": 3, "tokens_reasoning": 0, "tokens_response": 3, "elapsed_seconds": 0.5696828365325928, "judgement": "Good approximation"}
{"id": "basket_sum_000291", "topic": "basket_sum", "subtopic": "decimal_prices", "prompt": "You’re buying 4 items: $10.75, $8.39, $14.91, $11.50. About how much will you pay (before tax)?", "exact_value": 45.55, "model": "tiiuae/Falcon-H1-7B-Instruct", "provider": "transformers", "response": "Final answer: 45", "numeric_answer": 45.0, "relative_error": 0.012074643249176667, "thinking_text": null, "has_tool_call": false, "tool_call": null, "usage": {"prompt_tokens": 211, "completion_tokens": 7, "total_tokens": 218, "token_count_source": "tokenizer"}, "decoding": {"temperature": 0.2, "top_p": null, "top_k": null, "max_tokens": 256, "seed": 42}, "prompt_tokens": 211, "completion_tokens": 7, "total_tokens": 218, "token_count_source": "tokenizer", "diffusion_steps": null, "flops_estimate": null, "flops_arch": null, "flops_model_params": null, "flops_active_params": null, "tokens_non_final": 3, "tokens_reasoning": 0, "tokens_response": 3, "elapsed_seconds": 0.5736830234527588, "judgement": "Good approximation"}
{"id": "basket_sum_000311", "topic": "basket_sum", "subtopic": "decimal_prices", "prompt": "You’re buying 3 items: $15.35, $16.98, $2.04. About how much will you pay (before tax)?", "exact_value": 34.37, "model": "tiiuae/Falcon-H1-7B-Instruct", "provider": "transformers", "response": "Final answer: 35", "numeric_answer": 35.0, "relative_error": 0.018329938900203742, "thinking_text": null, "has_tool_call": false, "tool_call": null, "usage": {"prompt_tokens": 203, "completion_tokens": 7, "total_tokens": 210, "token_count_source": "tokenizer"}, "decoding": {"temperature": 0.2, "top_p": null, "top_k": null, "max_tokens": 256, "seed": 42}, "prompt_tokens": 203, "completion_tokens": 7, "total_tokens": 210, "token_count_source": "tokenizer", "diffusion_steps": null, "flops_estimate": null, "flops_arch": null, "flops_model_params": null, "flops_active_params": null, "tokens_non_final": 3, "tokens_reasoning": 0, "tokens_response": 3, "elapsed_seconds": 0.5469322204589844, "judgement": "Good approximation"}
{"id": "basket_sum_000331", "topic": "basket_sum", "subtopic": "decimal_prices", "prompt": "You’re buying 6 items: $10.51, $16.13, $18.17, $3.75, $7.32, $10.07. About how much will you pay (before tax)?", "exact_value": 65.95, "model": "tiiuae/Falcon-H1-7B-Instruct", "provider": "transformers", "response": "Final answer: 80", "numeric_answer": 80.0, "relative_error": 0.21304018195602725, "thinking_text": null, "has_tool_call": false, "tool_call": null, "usage": {"prompt_tokens": 226, "completion_tokens": 7, "total_tokens": 233, "token_count_source": "tokenizer"}, "decoding": {"temperature": 0.2, "top_p": null, "top_k": null, "max_tokens": 256, "seed": 42}, "prompt_tokens": 226, "completion_tokens": 7, "total_tokens": 233, "token_count_source": "tokenizer", "diffusion_steps": null, "flops_estimate": null, "flops_arch": null, "flops_model_params": null, "flops_active_params": null, "tokens_non_final": 3, "tokens_reasoning": 0, "tokens_response": 3, "elapsed_seconds": 0.5473978519439697, "judgement": "Mildly off"}
{"id": "basket_sum_000351", "topic": "basket_sum", "subtopic": "decimal_prices", "prompt": "You’re buying 5 items: $4.79, $14.12, $9.07, $19.61, $11.68. About how much will you pay (before tax)?", "exact_value": 59.27, "model": "tiiuae/Falcon-H1-7B-Instruct", "provider": "transformers", "response": "Final answer: 60", "numeric_answer": 60.0, "relative_error": 0.012316517631179295, "thinking_text": null, "has_tool_call": false, "tool_call": null, "usage": {"prompt_tokens": 218, "completion_tokens": 7, "total_tokens": 225, "token_count_source": "tokenizer"}, "decoding": {"temperature": 0.2, "top_p": null, "top_k": null, "max_tokens": 256, "seed": 42}, "prompt_tokens": 218, "completion_tokens": 7, "total_tokens": 225, "token_count_source": "tokenizer", "diffusion_steps": null, "flops_estimate": null, "flops_arch": null, "flops_model_params": null, "flops_active_params": null, "tokens_non_final": 3, "tokens_reasoning": 0, "tokens_response": 3, "elapsed_seconds": 0.5595123767852783, "judgement": "Good approximation"}
{"id": "basket_sum_000371", "topic": "basket_sum", "subtopic": "decimal_prices", "prompt": "You’re buying 5 items: $9.72, $2.29, $17.88, $2.49, $9.86. About how much will you pay (before tax)?", "exact_value": 42.24, "model": "tiiuae/Falcon-H1-7B-Instruct", "provider": "transformers", "response": "Final answer: 40", "numeric_answer": 40.0, "relative_error": 0.05303030303030307, "thinking_text": null, "has_tool_call": false, "tool_call": null, "usage": {"prompt_tokens": 216, "completion_tokens": 7, "total_tokens": 223, "token_count_source": "tokenizer"}, "decoding": {"temperature": 0.2, "top_p": null, "top_k": null, "max_tokens": 256, "seed": 42}, "prompt_tokens": 216, "completion_tokens": 7, "total_tokens": 223, "token_count_source": "tokenizer", "diffusion_steps": null, "flops_estimate": null, "flops_arch": null, "flops_model_params": null, "flops_active_params": null, "tokens_non_final": 3, "tokens_reasoning": 0, "tokens_response": 3, "elapsed_seconds": 0.5441696643829346, "judgement": "Good approximation"}
{"id": "basket_sum_000391", "topic": "basket_sum", "subtopic": "decimal_prices", "prompt": "You’re buying 6 items: $2.67, $2.79, $9.35, $5.00, $6.23, $4.50. About how much will you pay (before tax)?", "exact_value": 30.54, "model": "tiiuae/Falcon-H1-7B-Instruct", "provider": "transformers", "response": "Final answer: 35", "numeric_answer": 35.0, "relative_error": 0.14603798297315, "thinking_text": null, "has_tool_call": false, "tool_call": null, "usage": {"prompt_tokens": 222, "completion_tokens": 7, "total_tokens": 229, "token_count_source": "tokenizer"}, "decoding": {"temperature": 0.2, "top_p": null, "top_k": null, "max_tokens": 256, "seed": 42}, "prompt_tokens": 222, "completion_tokens": 7, "total_tokens": 229, "token_count_source": "tokenizer", "diffusion_steps": null, "flops_estimate": null, "flops_arch": null, "flops_model_params": null, "flops_active_params": null, "tokens_non_final": 3, "tokens_reasoning": 0, "tokens_response": 3, "elapsed_seconds": 0.5527403354644775, "judgement": "Good approximation"}
{"id": "basket_sum_000411", "topic": "basket_sum", "subtopic": "decimal_prices", "prompt": "You’re buying 6 items: $19.35, $1.11, $7.30, $7.27, $14.63, $8.58. About how much will you pay (before tax)?", "exact_value": 58.24, "model": "tiiuae/Falcon-H1-7B-Instruct", "provider": "transformers", "response": "Final answer: 50", "numeric_answer": 50.0, "relative_error": 0.1414835164835165, "thinking_text": null, "has_tool_call": false, "tool_call": null, "usage": {"prompt_tokens": 224, "completion_tokens": 7, "total_tokens": 231, "token_count_source": "tokenizer"}, "decoding": {"temperature": 0.2, "top_p": null, "top_k": null, "max_tokens": 256, "seed": 42}, "prompt_tokens": 224, "completion_tokens": 7, "total_tokens": 231, "token_count_source": "tokenizer", "diffusion_steps": null, "flops_estimate": null, "flops_arch": null, "flops_model_params": null, "flops_active_params": null, "tokens_non_final": 3, "tokens_reasoning": 0, "tokens_response": 3, "elapsed_seconds": 0.5526680946350098, "judgement": "Good approximation"}
{"id": "basket_sum_000431", "topic": "basket_sum", "subtopic": "decimal_prices", "prompt": "You’re buying 5 items: $7.21, $16.25, $15.35, $1.62, $15.01. About how much will you pay (before tax)?", "exact_value": 55.44, "model": "tiiuae/Falcon-H1-7B-Instruct", "provider": "transformers", "response": "Final answer: 55", "numeric_answer": 55.0, "relative_error": 0.007936507936507896, "thinking_text": null, "has_tool_call": false, "tool_call": null, "usage": {"prompt_tokens": 218, "completion_tokens": 7, "total_tokens": 225, "token_count_source": "tokenizer"}, "decoding": {"temperature": 0.2, "top_p": null, "top_k": null, "max_tokens": 256, "seed": 42}, "prompt_tokens": 218, "completion_tokens": 7, "total_tokens": 225, "token_count_source": "tokenizer", "diffusion_steps": null, "flops_estimate": null, "flops_arch": null, "flops_model_params": null, "flops_active_params": null, "tokens_non_final": 3, "tokens_reasoning": 0, "tokens_response": 3, "elapsed_seconds": 0.5646378993988037, "judgement": "Good approximation"}
{"id": "basket_sum_000451", "topic": "basket_sum", "subtopic": "decimal_prices", "prompt": "You’re buying 4 items: $15.91, $2.34, $17.70, $14.92. About how much will you pay (before tax)?", "exact_value": 50.87, "model": "tiiuae/Falcon-H1-7B-Instruct", "provider": "transformers", "response": "Final answer: 70", "numeric_answer": 70.0, "relative_error": 0.3760566149007274, "thinking_text": null, "has_tool_call": false, "tool_call": null, "usage": {"prompt_tokens": 211, "completion_tokens": 7, "total_tokens": 218, "token_count_source": "tokenizer"}, "decoding": {"temperature": 0.2, "top_p": null, "top_k": null, "max_tokens": 256, "seed": 42}, "prompt_tokens": 211, "completion_tokens": 7, "total_tokens": 218, "token_count_source": "tokenizer", "diffusion_steps": null, "flops_estimate": null, "flops_arch": null, "flops_model_params": null, "flops_active_params": null, "tokens_non_final": 3, "tokens_reasoning": 0, "tokens_response": 3, "elapsed_seconds": 0.5441803932189941, "judgement": "Mildly off"}
{"id": "basket_sum_000471", "topic": "basket_sum", "subtopic": "decimal_prices", "prompt": "You’re buying 5 items: $9.40, $19.52, $11.04, $3.12, $1.27. About how much will you pay (before tax)?", "exact_value": 44.35, "model": "tiiuae/Falcon-H1-7B-Instruct", "provider": "transformers", "response": "Final answer: 50", "numeric_answer": 50.0, "relative_error": 0.12739571589627957, "thinking_text": null, "has_tool_call": false, "tool_call": null, "usage": {"prompt_tokens": 217, "completion_tokens": 7, "total_tokens": 224, "token_count_source": "tokenizer"}, "decoding": {"temperature": 0.2, "top_p": null, "top_k": null, "max_tokens": 256, "seed": 42}, "prompt_tokens": 217, "completion_tokens": 7, "total_tokens": 224, "token_count_source": "tokenizer", "diffusion_steps": null, "flops_estimate": null, "flops_arch": null, "flops_model_params": null, "flops_active_params": null, "tokens_non_final": 3, "tokens_reasoning": 0, "tokens_response": 3, "elapsed_seconds": 0.5508689880371094, "judgement": "Good approximation"}
{"id": "basket_sum_000491", "topic": "basket_sum", "subtopic": "decimal_prices", "prompt": "You’re buying 3 items: $12.29, $7.74, $10.02. About how much will you pay (before tax)?", "exact_value": 30.05, "model": "tiiuae/Falcon-H1-7B-Instruct", "provider": "transformers", "response": "Final answer: 30", "numeric_answer": 30.0, "relative_error": 0.0016638935108153315, "thinking_text": null, "has_tool_call": false, "tool_call": null, "usage": {"prompt_tokens": 203, "completion_tokens": 7, "total_tokens": 210, "token_count_source": "tokenizer"}, "decoding": {"temperature": 0.2, "top_p": null, "top_k": null, "max_tokens": 256, "seed": 42}, "prompt_tokens": 203, "completion_tokens": 7, "total_tokens": 210, "token_count_source": "tokenizer", "diffusion_steps": null, "flops_estimate": null, "flops_arch": null, "flops_model_params": null, "flops_active_params": null, "tokens_non_final": 3, "tokens_reasoning": 0, "tokens_response": 3, "elapsed_seconds": 0.5522501468658447, "judgement": "Good approximation"}
{"id": "basket_sum_000511", "topic": "basket_sum", "subtopic": "decimal_prices", "prompt": "You’re buying 5 items: $19.01, $7.47, $3.87, $10.40, $14.78. About how much will you pay (before tax)?", "exact_value": 55.53, "model": "tiiuae/Falcon-H1-7B-Instruct", "provider": "transformers", "response": "Final answer: 70", "numeric_answer": 70.0, "relative_error": 0.26057986673869976, "thinking_text": null, "has_tool_call": false, "tool_call": null, "usage": {"prompt_tokens": 218, "completion_tokens": 7, "total_tokens": 225, "token_count_source": "tokenizer"}, "decoding": {"temperature": 0.2, "top_p": null, "top_k": null, "max_tokens": 256, "seed": 42}, "prompt_tokens": 218, "completion_tokens": 7, "total_tokens": 225, "token_count_source": "tokenizer", "diffusion_steps": null, "flops_estimate": null, "flops_arch": null, "flops_model_params": null, "flops_active_params": null, "tokens_non_final": 3, "tokens_reasoning": 0, "tokens_response": 3, "elapsed_seconds": 0.55733323097229, "judgement": "Mildly off"}
{"id": "basket_sum_000531", "topic": "basket_sum", "subtopic": "decimal_prices", "prompt": "You’re buying 3 items: $19.08, $1.40, $9.05. About how much will you pay (before tax)?", "exact_value": 29.53, "model": "tiiuae/Falcon-H1-7B-Instruct", "provider": "transformers", "response": "Final answer: 30", "numeric_answer": 30.0, "relative_error": 0.015916017609210933, "thinking_text": null, "has_tool_call": false, "tool_call": null, "usage": {"prompt_tokens": 202, "completion_tokens": 7, "total_tokens": 209, "token_count_source": "tokenizer"}, "decoding": {"temperature": 0.2, "top_p": null, "top_k": null, "max_tokens": 256, "seed": 42}, "prompt_tokens": 202, "completion_tokens": 7, "total_tokens": 209, "token_count_source": "tokenizer", "diffusion_steps": null, "flops_estimate": null, "flops_arch": null, "flops_model_params": null, "flops_active_params": null, "tokens_non_final": 3, "tokens_reasoning": 0, "tokens_response": 3, "elapsed_seconds": 0.5432331562042236, "judgement": "Good approximation"}
{"id": "basket_sum_000551", "topic": "basket_sum", "subtopic": "decimal_prices", "prompt": "You’re buying 4 items: $11.87, $4.88, $19.26, $15.04. About how much will you pay (before tax)?", "exact_value": 51.05, "model": "tiiuae/Falcon-H1-7B-Instruct", "provider": "transformers", "response": "Final answer: 50", "numeric_answer": 50.0, "relative_error": 0.02056807051909887, "thinking_text": null, "has_tool_call": false, "tool_call": null, "usage": {"prompt_tokens": 211, "completion_tokens": 7, "total_tokens": 218, "token_count_source": "tokenizer"}, "decoding": {"temperature": 0.2, "top_p": null, "top_k": null, "max_tokens": 256, "seed": 42}, "prompt_tokens": 211, "completion_tokens": 7, "total_tokens": 218, "token_count_source": "tokenizer", "diffusion_steps": null, "flops_estimate": null, "flops_arch": null, "flops_model_params": null, "flops_active_params": null, "tokens_non_final": 3, "tokens_reasoning": 0, "tokens_response": 3, "elapsed_seconds": 0.5877079963684082, "judgement": "Good approximation"}
{"id": "basket_sum_000571", "topic": "basket_sum", "subtopic": "decimal_prices", "prompt": "You’re buying 6 items: $6.73, $19.19, $7.76, $16.39, $3.13, $17.44. About how much will you pay (before tax)?", "exact_value": 70.64, "model": "tiiuae/Falcon-H1-7B-Instruct", "provider": "transformers", "response": "Final answer: 70", "numeric_answer": 70.0, "relative_error": 0.009060022650056633, "thinking_text": null, "has_tool_call": false, "tool_call": null, "usage": {"prompt_tokens": 225, "completion_tokens": 7, "total_tokens": 232, "token_count_source": "tokenizer"}, "decoding": {"temperature": 0.2, "top_p": null, "top_k": null, "max_tokens": 256, "seed": 42}, "prompt_tokens": 225, "completion_tokens": 7, "total_tokens": 232, "token_count_source": "tokenizer", "diffusion_steps": null, "flops_estimate": null, "flops_arch": null, "flops_model_params": null, "flops_active_params": null, "tokens_non_final": 3, "tokens_reasoning": 0, "tokens_response": 3, "elapsed_seconds": 0.5423786640167236, "judgement": "Good approximation"}
{"id": "basket_sum_000591", "topic": "basket_sum", "subtopic": "decimal_prices", "prompt": "You’re buying 3 items: $0.99, $3.35, $7.00. About how much will you pay (before tax)?", "exact_value": 11.34, "model": "tiiuae/Falcon-H1-7B-Instruct", "provider": "transformers", "response": "Final answer: 11", "numeric_answer": 11.0, "relative_error": 0.029982363315696637, "thinking_text": null, "has_tool_call": false, "tool_call": null, "usage": {"prompt_tokens": 201, "completion_tokens": 7, "total_tokens": 208, "token_count_source": "tokenizer"}, "decoding": {"temperature": 0.2, "top_p": null, "top_k": null, "max_tokens": 256, "seed": 42}, "prompt_tokens": 201, "completion_tokens": 7, "total_tokens": 208, "token_count_source": "tokenizer", "diffusion_steps": null, "flops_estimate": null, "flops_arch": null, "flops_model_params": null, "flops_active_params": null, "tokens_non_final": 3, "tokens_reasoning": 0, "tokens_response": 3, "elapsed_seconds": 0.5662713050842285, "judgement": "Good approximation"}
{"id": "basket_sum_000611", "topic": "basket_sum", "subtopic": "decimal_prices", "prompt": "You’re buying 5 items: $18.98, $19.99, $18.20, $16.09, $3.27. About how much will you pay (before tax)?", "exact_value": 76.53, "model": "tiiuae/Falcon-H1-7B-Instruct", "provider": "transformers", "response": "Final answer: 80", "numeric_answer": 80.0, "relative_error": 0.04534169606690185, "thinking_text": null, "has_tool_call": false, "tool_call": null, "usage": {"prompt_tokens": 219, "completion_tokens": 7, "total_tokens": 226, "token_count_source": "tokenizer"}, "decoding": {"temperature": 0.2, "top_p": null, "top_k": null, "max_tokens": 256, "seed": 42}, "prompt_tokens": 219, "completion_tokens": 7, "total_tokens": 226, "token_count_source": "tokenizer", "diffusion_steps": null, "flops_estimate": null, "flops_arch": null, "flops_model_params": null, "flops_active_params": null, "tokens_non_final": 3, "tokens_reasoning": 0, "tokens_response": 3, "elapsed_seconds": 0.5599915981292725, "judgement": "Good approximation"}
{"id": "basket_sum_000631", "topic": "basket_sum", "subtopic": "decimal_prices", "prompt": "You’re buying 6 items: $6.60, $16.40, $12.63, $14.05, $19.28, $13.75. About how much will you pay (before tax)?", "exact_value": 82.71, "model": "tiiuae/Falcon-H1-7B-Instruct", "provider": "transformers", "response": "Final answer: 90", "numeric_answer": 90.0, "relative_error": 0.08813928182807408, "thinking_text": null, "has_tool_call": false, "tool_call": null, "usage": {"prompt_tokens": 227, "completion_tokens": 7, "total_tokens": 234, "token_count_source": "tokenizer"}, "decoding": {"temperature": 0.2, "top_p": null, "top_k": null, "max_tokens": 256, "seed": 42}, "prompt_tokens": 227, "completion_tokens": 7, "total_tokens": 234, "token_count_source": "tokenizer", "diffusion_steps": null, "flops_estimate": null, "flops_arch": null, "flops_model_params": null, "flops_active_params": null, "tokens_non_final": 3, "tokens_reasoning": 0, "tokens_response": 3, "elapsed_seconds": 0.5591785907745361, "judgement": "Good approximation"}
{"id": "basket_sum_000651", "topic": "basket_sum", "subtopic": "decimal_prices", "prompt": "You’re buying 3 items: $14.35, $18.58, $9.20. About how much will you pay (before tax)?", "exact_value": 42.13, "model": "tiiuae/Falcon-H1-7B-Instruct", "provider": "transformers", "response": "Final answer: 42", "numeric_answer": 42.0, "relative_error": 0.003085687158794269, "thinking_text": null, "has_tool_call": false, "tool_call": null, "usage": {"prompt_tokens": 203, "completion_tokens": 7, "total_tokens": 210, "token_count_source": "tokenizer"}, "decoding": {"temperature": 0.2, "top_p": null, "top_k": null, "max_tokens": 256, "seed": 42}, "prompt_tokens": 203, "completion_tokens": 7, "total_tokens": 210, "token_count_source": "tokenizer", "diffusion_steps": null, "flops_estimate": null, "flops_arch": null, "flops_model_params": null, "flops_active_params": null, "tokens_non_final": 3, "tokens_reasoning": 0, "tokens_response": 3, "elapsed_seconds": 0.5486655235290527, "judgement": "Good approximation"}
{"id": "basket_sum_000671", "topic": "basket_sum", "subtopic": "decimal_prices", "prompt": "You’re buying 5 items: $5.42, $15.65, $14.74, $19.74, $2.91. About how much will you pay (before tax)?", "exact_value": 58.46, "model": "tiiuae/Falcon-H1-7B-Instruct", "provider": "transformers", "response": "Final answer: 60", "numeric_answer": 60.0, "relative_error": 0.026342798494697214, "thinking_text": null, "has_tool_call": false, "tool_call": null, "usage": {"prompt_tokens": 218, "completion_tokens": 7, "total_tokens": 225, "token_count_source": "tokenizer"}, "decoding": {"temperature": 0.2, "top_p": null, "top_k": null, "max_tokens": 256, "seed": 42}, "prompt_tokens": 218, "completion_tokens": 7, "total_tokens": 225, "token_count_source": "tokenizer", "diffusion_steps": null, "flops_estimate": null, "flops_arch": null, "flops_model_params": null, "flops_active_params": null, "tokens_non_final": 3, "tokens_reasoning": 0, "tokens_response": 3, "elapsed_seconds": 0.5684161186218262, "judgement": "Good approximation"}
{"id": "basket_sum_000691", "topic": "basket_sum", "subtopic": "decimal_prices", "prompt": "You’re buying 6 items: $8.22, $18.07, $7.30, $1.67, $13.66, $9.30. About how much will you pay (before tax)?", "exact_value": 58.22, "model": "tiiuae/Falcon-H1-7B-Instruct", "provider": "transformers", "response": "Final answer: 60", "numeric_answer": 60.0, "relative_error": 0.030573686018550348, "thinking_text": null, "has_tool_call": false, "tool_call": null, "usage": {"prompt_tokens": 224, "completion_tokens": 7, "total_tokens": 231, "token_count_source": "tokenizer"}, "decoding": {"temperature": 0.2, "top_p": null, "top_k": null, "max_tokens": 256, "seed": 42}, "prompt_tokens": 224, "completion_tokens": 7, "total_tokens": 231, "token_count_source": "tokenizer", "diffusion_steps": null, "flops_estimate": null, "flops_arch": null, "flops_model_params": null, "flops_active_params": null, "tokens_non_final": 3, "tokens_reasoning": 0, "tokens_response": 3, "elapsed_seconds": 0.5480706691741943, "judgement": "Good approximation"}
{"id": "basket_sum_000711", "topic": "basket_sum", "subtopic": "decimal_prices", "prompt": "You’re buying 3 items: $16.39, $19.24, $12.71. About how much will you pay (before tax)?", "exact_value": 48.34, "model": "tiiuae/Falcon-H1-7B-Instruct", "provider": "transformers", "response": "Final answer: 50", "numeric_answer": 50.0, "relative_error": 0.034340091021927935, "thinking_text": null, "has_tool_call": false, "tool_call": null, "usage": {"prompt_tokens": 204, "completion_tokens": 7, "total_tokens": 211, "token_count_source": "tokenizer"}, "decoding": {"temperature": 0.2, "top_p": null, "top_k": null, "max_tokens": 256, "seed": 42}, "prompt_tokens": 204, "completion_tokens": 7, "total_tokens": 211, "token_count_source": "tokenizer", "diffusion_steps": null, "flops_estimate": null, "flops_arch": null, "flops_model_params": null, "flops_active_params": null, "tokens_non_final": 3, "tokens_reasoning": 0, "tokens_response": 3, "elapsed_seconds": 0.5798995494842529, "judgement": "Good approximation"}
{"id": "basket_sum_000731", "topic": "basket_sum", "subtopic": "decimal_prices", "prompt": "You’re buying 3 items: $17.18, $6.99, $17.00. About how much will you pay (before tax)?", "exact_value": 41.17, "model": "tiiuae/Falcon-H1-7B-Instruct", "provider": "transformers", "response": "Final answer: 40", "numeric_answer": 40.0, "relative_error": 0.028418751518095742, "thinking_text": null, "has_tool_call": false, "tool_call": null, "usage": {"prompt_tokens": 203, "completion_tokens": 7, "total_tokens": 210, "token_count_source": "tokenizer"}, "decoding": {"temperature": 0.2, "top_p": null, "top_k": null, "max_tokens": 256, "seed": 42}, "prompt_tokens": 203, "completion_tokens": 7, "total_tokens": 210, "token_count_source": "tokenizer", "diffusion_steps": null, "flops_estimate": null, "flops_arch": null, "flops_model_params": null, "flops_active_params": null, "tokens_non_final": 3, "tokens_reasoning": 0, "tokens_response": 3, "elapsed_seconds": 0.5534954071044922, "judgement": "Good approximation"}
{"id": "basket_sum_000751", "topic": "basket_sum", "subtopic": "decimal_prices", "prompt": "You’re buying 6 items: $6.72, $7.37, $7.87, $0.95, $12.05, $13.81. About how much will you pay (before tax)?", "exact_value": 48.77, "model": "tiiuae/Falcon-H1-7B-Instruct", "provider": "transformers", "response": "Final answer: 50", "numeric_answer": 50.0, "relative_error": 0.02522042239081396, "thinking_text": null, "has_tool_call": false, "tool_call": null, "usage": {"prompt_tokens": 224, "completion_tokens": 7, "total_tokens": 231, "token_count_source": "tokenizer"}, "decoding": {"temperature": 0.2, "top_p": null, "top_k": null, "max_tokens": 256, "seed": 42}, "prompt_tokens": 224, "completion_tokens": 7, "total_tokens": 231, "token_count_source": "tokenizer", "diffusion_steps": null, "flops_estimate": null, "flops_arch": null, "flops_model_params": null, "flops_active_params": null, "tokens_non_final": 3, "tokens_reasoning": 0, "tokens_response": 3, "elapsed_seconds": 0.5751278400421143, "judgement": "Good approximation"}
{"id": "basket_sum_000771", "topic": "basket_sum", "subtopic": "decimal_prices", "prompt": "You’re buying 4 items: $10.56, $15.22, $13.18, $10.57. About how much will you pay (before tax)?", "exact_value": 49.53, "model": "tiiuae/Falcon-H1-7B-Instruct", "provider": "transformers", "response": "Final answer: 50", "numeric_answer": 50.0, "relative_error": 0.009489198465576396, "thinking_text": null, "has_tool_call": false, "tool_call": null, "usage": {"prompt_tokens": 212, "completion_tokens": 7, "total_tokens": 219, "token_count_source": "tokenizer"}, "decoding": {"temperature": 0.2, "top_p": null, "top_k": null, "max_tokens": 256, "seed": 42}, "prompt_tokens": 212, "completion_tokens": 7, "total_tokens": 219, "token_count_source": "tokenizer", "diffusion_steps": null, "flops_estimate": null, "flops_arch": null, "flops_model_params": null, "flops_active_params": null, "tokens_non_final": 3, "tokens_reasoning": 0, "tokens_response": 3, "elapsed_seconds": 0.5689821243286133, "judgement": "Good approximation"}
{"id": "basket_sum_000791", "topic": "basket_sum", "subtopic": "decimal_prices", "prompt": "You’re buying 5 items: $7.05, $1.24, $15.87, $18.50, $3.74. About how much will you pay (before tax)?", "exact_value": 46.4, "model": "tiiuae/Falcon-H1-7B-Instruct", "provider": "transformers", "response": "Final answer: 40", "numeric_answer": 40.0, "relative_error": 0.1379310344827586, "thinking_text": null, "has_tool_call": false, "tool_call": null, "usage": {"prompt_tokens": 217, "completion_tokens": 7, "total_tokens": 224, "token_count_source": "tokenizer"}, "decoding": {"temperature": 0.2, "top_p": null, "top_k": null, "max_tokens": 256, "seed": 42}, "prompt_tokens": 217, "completion_tokens": 7, "total_tokens": 224, "token_count_source": "tokenizer", "diffusion_steps": null, "flops_estimate": null, "flops_arch": null, "flops_model_params": null, "flops_active_params": null, "tokens_non_final": 3, "tokens_reasoning": 0, "tokens_response": 3, "elapsed_seconds": 0.5571787357330322, "judgement": "Good approximation"}
{"id": "basket_sum_000811", "topic": "basket_sum", "subtopic": "decimal_prices", "prompt": "You’re buying 4 items: $7.07, $15.16, $10.10, $2.10. About how much will you pay (before tax)?", "exact_value": 34.43, "model": "tiiuae/Falcon-H1-7B-Instruct", "provider": "transformers", "response": "Final answer: 35", "numeric_answer": 35.0, "relative_error": 0.016555329654371197, "thinking_text": null, "has_tool_call": false, "tool_call": null, "usage": {"prompt_tokens": 210, "completion_tokens": 7, "total_tokens": 217, "token_count_source": "tokenizer"}, "decoding": {"temperature": 0.2, "top_p": null, "top_k": null, "max_tokens": 256, "seed": 42}, "prompt_tokens": 210, "completion_tokens": 7, "total_tokens": 217, "token_count_source": "tokenizer", "diffusion_steps": null, "flops_estimate": null, "flops_arch": null, "flops_model_params": null, "flops_active_params": null, "tokens_non_final": 3, "tokens_reasoning": 0, "tokens_response": 3, "elapsed_seconds": 0.5758695602416992, "judgement": "Good approximation"}
{"id": "basket_sum_000831", "topic": "basket_sum", "subtopic": "decimal_prices", "prompt": "You’re buying 6 items: $8.13, $13.09, $5.25, $12.07, $19.77, $5.26. About how much will you pay (before tax)?", "exact_value": 63.57, "model": "tiiuae/Falcon-H1-7B-Instruct", "provider": "transformers", "response": "Final answer: 60", "numeric_answer": 60.0, "relative_error": 0.056158565361019354, "thinking_text": null, "has_tool_call": false, "tool_call": null, "usage": {"prompt_tokens": 225, "completion_tokens": 7, "total_tokens": 232, "token_count_source": "tokenizer"}, "decoding": {"temperature": 0.2, "top_p": null, "top_k": null, "max_tokens": 256, "seed": 42}, "prompt_tokens": 225, "completion_tokens": 7, "total_tokens": 232, "token_count_source": "tokenizer", "diffusion_steps": null, "flops_estimate": null, "flops_arch": null, "flops_model_params": null, "flops_active_params": null, "tokens_non_final": 3, "tokens_reasoning": 0, "tokens_response": 3, "elapsed_seconds": 0.5758712291717529, "judgement": "Good approximation"}
{"id": "basket_sum_000851", "topic": "basket_sum", "subtopic": "decimal_prices", "prompt": "You’re buying 6 items: $6.70, $19.75, $2.16, $17.78, $19.85, $3.18. About how much will you pay (before tax)?", "exact_value": 69.42, "model": "tiiuae/Falcon-H1-7B-Instruct", "provider": "transformers", "response": "Final answer: 70", "numeric_answer": 70.0, "relative_error": 0.008354940939210577, "thinking_text": null, "has_tool_call": false, "tool_call": null, "usage": {"prompt_tokens": 225, "completion_tokens": 7, "total_tokens": 232, "token_count_source": "tokenizer"}, "decoding": {"temperature": 0.2, "top_p": null, "top_k": null, "max_tokens": 256, "seed": 42}, "prompt_tokens": 225, "completion_tokens": 7, "total_tokens": 232, "token_count_source": "tokenizer", "diffusion_steps": null, "flops_estimate": null, "flops_arch": null, "flops_model_params": null, "flops_active_params": null, "tokens_non_final": 3, "tokens_reasoning": 0, "tokens_response": 3, "elapsed_seconds": 0.5490097999572754, "judgement": "Good approximation"}
{"id": "basket_sum_000871", "topic": "basket_sum", "subtopic": "decimal_prices", "prompt": "You’re buying 5 items: $19.98, $16.47, $18.86, $13.56, $8.06. About how much will you pay (before tax)?", "exact_value": 76.93, "model": "tiiuae/Falcon-H1-7B-Instruct", "provider": "transformers", "response": "Final answer: 80", "numeric_answer": 80.0, "relative_error": 0.039906408423241814, "thinking_text": null, "has_tool_call": false, "tool_call": null, "usage": {"prompt_tokens": 219, "completion_tokens": 7, "total_tokens": 226, "token_count_source": "tokenizer"}, "decoding": {"temperature": 0.2, "top_p": null, "top_k": null, "max_tokens": 256, "seed": 42}, "prompt_tokens": 219, "completion_tokens": 7, "total_tokens": 226, "token_count_source": "tokenizer", "diffusion_steps": null, "flops_estimate": null, "flops_arch": null, "flops_model_params": null, "flops_active_params": null, "tokens_non_final": 3, "tokens_reasoning": 0, "tokens_response": 3, "elapsed_seconds": 0.5678949356079102, "judgement": "Good approximation"}
{"id": "basket_sum_000891", "topic": "basket_sum", "subtopic": "decimal_prices", "prompt": "You’re buying 5 items: $15.60, $16.10, $18.72, $3.22, $13.53. About how much will you pay (before tax)?", "exact_value": 67.17, "model": "tiiuae/Falcon-H1-7B-Instruct", "provider": "transformers", "response": "Final answer: 70", "numeric_answer": 70.0, "relative_error": 0.04213190412386479, "thinking_text": null, "has_tool_call": false, "tool_call": null, "usage": {"prompt_tokens": 219, "completion_tokens": 7, "total_tokens": 226, "token_count_source": "tokenizer"}, "decoding": {"temperature": 0.2, "top_p": null, "top_k": null, "max_tokens": 256, "seed": 42}, "prompt_tokens": 219, "completion_tokens": 7, "total_tokens": 226, "token_count_source": "tokenizer", "diffusion_steps": null, "flops_estimate": null, "flops_arch": null, "flops_model_params": null, "flops_active_params": null, "tokens_non_final": 3, "tokens_reasoning": 0, "tokens_response": 3, "elapsed_seconds": 0.5505261421203613, "judgement": "Good approximation"}
{"id": "basket_sum_000911", "topic": "basket_sum", "subtopic": "decimal_prices", "prompt": "You’re buying 5 items: $12.93, $9.34, $1.01, $3.03, $3.13. About how much will you pay (before tax)?", "exact_value": 29.44, "model": "tiiuae/Falcon-H1-7B-Instruct", "provider": "transformers", "response": "Final answer: 30", "numeric_answer": 30.0, "relative_error": 0.01902173913043474, "thinking_text": null, "has_tool_call": false, "tool_call": null, "usage": {"prompt_tokens": 216, "completion_tokens": 7, "total_tokens": 223, "token_count_source": "tokenizer"}, "decoding": {"temperature": 0.2, "top_p": null, "top_k": null, "max_tokens": 256, "seed": 42}, "prompt_tokens": 216, "completion_tokens": 7, "total_tokens": 223, "token_count_source": "tokenizer", "diffusion_steps": null, "flops_estimate": null, "flops_arch": null, "flops_model_params": null, "flops_active_params": null, "tokens_non_final": 3, "tokens_reasoning": 0, "tokens_response": 3, "elapsed_seconds": 0.5519857406616211, "judgement": "Good approximation"}
{"id": "basket_sum_000931", "topic": "basket_sum", "subtopic": "decimal_prices", "prompt": "You’re buying 3 items: $7.76, $7.19, $6.04. About how much will you pay (before tax)?", "exact_value": 20.99, "model": "tiiuae/Falcon-H1-7B-Instruct", "provider": "transformers", "response": "Final answer: 22", "numeric_answer": 22.0, "relative_error": 0.048118151500714704, "thinking_text": null, "has_tool_call": false, "tool_call": null, "usage": {"prompt_tokens": 201, "completion_tokens": 7, "total_tokens": 208, "token_count_source": "tokenizer"}, "decoding": {"temperature": 0.2, "top_p": null, "top_k": null, "max_tokens": 256, "seed": 42}, "prompt_tokens": 201, "completion_tokens": 7, "total_tokens": 208, "token_count_source": "tokenizer", "diffusion_steps": null, "flops_estimate": null, "flops_arch": null, "flops_model_params": null, "flops_active_params": null, "tokens_non_final": 3, "tokens_reasoning": 0, "tokens_response": 3, "elapsed_seconds": 0.5725769996643066, "judgement": "Good approximation"}
{"id": "basket_sum_000951", "topic": "basket_sum", "subtopic": "decimal_prices", "prompt": "You’re buying 3 items: $6.36, $10.07, $5.87. About how much will you pay (before tax)?", "exact_value": 22.3, "model": "tiiuae/Falcon-H1-7B-Instruct", "provider": "transformers", "response": "Final answer: 25", "numeric_answer": 25.0, "relative_error": 0.12107623318385646, "thinking_text": null, "has_tool_call": false, "tool_call": null, "usage": {"prompt_tokens": 202, "completion_tokens": 7, "total_tokens": 209, "token_count_source": "tokenizer"}, "decoding": {"temperature": 0.2, "top_p": null, "top_k": null, "max_tokens": 256, "seed": 42}, "prompt_tokens": 202, "completion_tokens": 7, "total_tokens": 209, "token_count_source": "tokenizer", "diffusion_steps": null, "flops_estimate": null, "flops_arch": null, "flops_model_params": null, "flops_active_params": null, "tokens_non_final": 3, "tokens_reasoning": 0, "tokens_response": 3, "elapsed_seconds": 0.5671372413635254, "judgement": "Good approximation"}
{"id": "basket_sum_000971", "topic": "basket_sum", "subtopic": "decimal_prices", "prompt": "You’re buying 6 items: $10.87, $14.23, $19.61, $5.05, $8.97, $1.97. About how much will you pay (before tax)?", "exact_value": 60.7, "model": "tiiuae/Falcon-H1-7B-Instruct", "provider": "transformers", "response": "Final answer: 70", "numeric_answer": 70.0, "relative_error": 0.15321252059308066, "thinking_text": null, "has_tool_call": false, "tool_call": null, "usage": {"prompt_tokens": 225, "completion_tokens": 7, "total_tokens": 232, "token_count_source": "tokenizer"}, "decoding": {"temperature": 0.2, "top_p": null, "top_k": null, "max_tokens": 256, "seed": 42}, "prompt_tokens": 225, "completion_tokens": 7, "total_tokens": 232, "token_count_source": "tokenizer", "diffusion_steps": null, "flops_estimate": null, "flops_arch": null, "flops_model_params": null, "flops_active_params": null, "tokens_non_final": 3, "tokens_reasoning": 0, "tokens_response": 3, "elapsed_seconds": 0.5800747871398926, "judgement": "Good approximation"}
{"id": "basket_sum_000991", "topic": "basket_sum", "subtopic": "decimal_prices", "prompt": "You’re buying 4 items: $11.05, $0.82, $7.46, $12.41. About how much will you pay (before tax)?", "exact_value": 31.74, "model": "tiiuae/Falcon-H1-7B-Instruct", "provider": "transformers", "response": "Final answer: 32", "numeric_answer": 32.0, "relative_error": 0.008191556395715236, "thinking_text": null, "has_tool_call": false, "tool_call": null, "usage": {"prompt_tokens": 210, "completion_tokens": 7, "total_tokens": 217, "token_count_source": "tokenizer"}, "decoding": {"temperature": 0.2, "top_p": null, "top_k": null, "max_tokens": 256, "seed": 42}, "prompt_tokens": 210, "completion_tokens": 7, "total_tokens": 217, "token_count_source": "tokenizer", "diffusion_steps": null, "flops_estimate": null, "flops_arch": null, "flops_model_params": null, "flops_active_params": null, "tokens_non_final": 3, "tokens_reasoning": 0, "tokens_response": 3, "elapsed_seconds": 0.5435197353363037, "judgement": "Good approximation"}
{"id": "basket_sum_001011", "topic": "basket_sum", "subtopic": "decimal_prices", "prompt": "You’re buying 3 items: $10.23, $19.81, $5.10. About how much will you pay (before tax)?", "exact_value": 35.14, "model": "tiiuae/Falcon-H1-7B-Instruct", "provider": "transformers", "response": "Final answer: 35", "numeric_answer": 35.0, "relative_error": 0.003984063745019937, "thinking_text": null, "has_tool_call": false, "tool_call": null, "usage": {"prompt_tokens": 203, "completion_tokens": 7, "total_tokens": 210, "token_count_source": "tokenizer"}, "decoding": {"temperature": 0.2, "top_p": null, "top_k": null, "max_tokens": 256, "seed": 42}, "prompt_tokens": 203, "completion_tokens": 7, "total_tokens": 210, "token_count_source": "tokenizer", "diffusion_steps": null, "flops_estimate": null, "flops_arch": null, "flops_model_params": null, "flops_active_params": null, "tokens_non_final": 3, "tokens_reasoning": 0, "tokens_response": 3, "elapsed_seconds": 0.570979118347168, "judgement": "Good approximation"}
{"id": "basket_sum_001031", "topic": "basket_sum", "subtopic": "decimal_prices", "prompt": "You’re buying 3 items: $12.39, $4.12, $3.87. About how much will you pay (before tax)?", "exact_value": 20.38, "model": "tiiuae/Falcon-H1-7B-Instruct", "provider": "transformers", "response": "Final answer: 20", "numeric_answer": 20.0, "relative_error": 0.018645731108930277, "thinking_text": null, "has_tool_call": false, "tool_call": null, "usage": {"prompt_tokens": 202, "completion_tokens": 7, "total_tokens": 209, "token_count_source": "tokenizer"}, "decoding": {"temperature": 0.2, "top_p": null, "top_k": null, "max_tokens": 256, "seed": 42}, "prompt_tokens": 202, "completion_tokens": 7, "total_tokens": 209, "token_count_source": "tokenizer", "diffusion_steps": null, "flops_estimate": null, "flops_arch": null, "flops_model_params": null, "flops_active_params": null, "tokens_non_final": 3, "tokens_reasoning": 0, "tokens_response": 3, "elapsed_seconds": 0.5829176902770996, "judgement": "Good approximation"}
{"id": "basket_sum_001051", "topic": "basket_sum", "subtopic": "decimal_prices", "prompt": "You’re buying 6 items: $2.66, $1.08, $15.50, $6.73, $17.45, $16.10. About how much will you pay (before tax)?", "exact_value": 59.52, "model": "tiiuae/Falcon-H1-7B-Instruct", "provider": "transformers", "response": "Final answer: 60", "numeric_answer": 60.0, "relative_error": 0.008064516129032206, "thinking_text": null, "has_tool_call": false, "tool_call": null, "usage": {"prompt_tokens": 225, "completion_tokens": 7, "total_tokens": 232, "token_count_source": "tokenizer"}, "decoding": {"temperature": 0.2, "top_p": null, "top_k": null, "max_tokens": 256, "seed": 42}, "prompt_tokens": 225, "completion_tokens": 7, "total_tokens": 232, "token_count_source": "tokenizer", "diffusion_steps": null, "flops_estimate": null, "flops_arch": null, "flops_model_params": null, "flops_active_params": null, "tokens_non_final": 3, "tokens_reasoning": 0, "tokens_response": 3, "elapsed_seconds": 0.5753607749938965, "judgement": "Good approximation"}
{"id": "basket_sum_001071", "topic": "basket_sum", "subtopic": "decimal_prices", "prompt": "You’re buying 4 items: $7.01, $19.73, $18.82, $15.05. About how much will you pay (before tax)?", "exact_value": 60.61, "model": "tiiuae/Falcon-H1-7B-Instruct", "provider": "transformers", "response": "Final answer: 60", "numeric_answer": 60.0, "relative_error": 0.010064345817521851, "thinking_text": null, "has_tool_call": false, "tool_call": null, "usage": {"prompt_tokens": 211, "completion_tokens": 7, "total_tokens": 218, "token_count_source": "tokenizer"}, "decoding": {"temperature": 0.2, "top_p": null, "top_k": null, "max_tokens": 256, "seed": 42}, "prompt_tokens": 211, "completion_tokens": 7, "total_tokens": 218, "token_count_source": "tokenizer", "diffusion_steps": null, "flops_estimate": null, "flops_arch": null, "flops_model_params": null, "flops_active_params": null, "tokens_non_final": 3, "tokens_reasoning": 0, "tokens_response": 3, "elapsed_seconds": 0.5547475814819336, "judgement": "Good approximation"}
{"id": "basket_sum_001091", "topic": "basket_sum", "subtopic": "decimal_prices", "prompt": "You’re buying 6 items: $5.22, $14.42, $3.22, $3.06, $11.87, $8.32. About how much will you pay (before tax)?", "exact_value": 46.11, "model": "tiiuae/Falcon-H1-7B-Instruct", "provider": "transformers", "response": "Final answer: 45", "numeric_answer": 45.0, "relative_error": 0.024072869225764463, "thinking_text": null, "has_tool_call": false, "tool_call": null, "usage": {"prompt_tokens": 224, "completion_tokens": 7, "total_tokens": 231, "token_count_source": "tokenizer"}, "decoding": {"temperature": 0.2, "top_p": null, "top_k": null, "max_tokens": 256, "seed": 42}, "prompt_tokens": 224, "completion_tokens": 7, "total_tokens": 231, "token_count_source": "tokenizer", "diffusion_steps": null, "flops_estimate": null, "flops_arch": null, "flops_model_params": null, "flops_active_params": null, "tokens_non_final": 3, "tokens_reasoning": 0, "tokens_response": 3, "elapsed_seconds": 0.5688745975494385, "judgement": "Good approximation"}
{"id": "basket_sum_001111", "topic": "basket_sum", "subtopic": "decimal_prices", "prompt": "You’re buying 4 items: $19.10, $10.16, $17.74, $8.93. About how much will you pay (before tax)?", "exact_value": 55.93, "model": "tiiuae/Falcon-H1-7B-Instruct", "provider": "transformers", "response": "Final answer: 60", "numeric_answer": 60.0, "relative_error": 0.072769533345253, "thinking_text": null, "has_tool_call": false, "tool_call": null, "usage": {"prompt_tokens": 211, "completion_tokens": 7, "total_tokens": 218, "token_count_source": "tokenizer"}, "decoding": {"temperature": 0.2, "top_p": null, "top_k": null, "max_tokens": 256, "seed": 42}, "prompt_tokens": 211, "completion_tokens": 7, "total_tokens": 218, "token_count_source": "tokenizer", "diffusion_steps": null, "flops_estimate": null, "flops_arch": null, "flops_model_params": null, "flops_active_params": null, "tokens_non_final": 3, "tokens_reasoning": 0, "tokens_response": 3, "elapsed_seconds": 0.5680356025695801, "judgement": "Good approximation"}
{"id": "basket_sum_001131", "topic": "basket_sum", "subtopic": "decimal_prices", "prompt": "You’re buying 3 items: $18.72, $17.46, $5.78. About how much will you pay (before tax)?", "exact_value": 41.96, "model": "tiiuae/Falcon-H1-7B-Instruct", "provider": "transformers", "response": "Final answer: 40", "numeric_answer": 40.0, "relative_error": 0.04671115347950431, "thinking_text": null, "has_tool_call": false, "tool_call": null, "usage": {"prompt_tokens": 203, "completion_tokens": 7, "total_tokens": 210, "token_count_source": "tokenizer"}, "decoding": {"temperature": 0.2, "top_p": null, "top_k": null, "max_tokens": 256, "seed": 42}, "prompt_tokens": 203, "completion_tokens": 7, "total_tokens": 210, "token_count_source": "tokenizer", "diffusion_steps": null, "flops_estimate": null, "flops_arch": null, "flops_model_params": null, "flops_active_params": null, "tokens_non_final": 3, "tokens_reasoning": 0, "tokens_response": 3, "elapsed_seconds": 0.578791618347168, "judgement": "Good approximation"}
{"id": "basket_sum_001151", "topic": "basket_sum", "subtopic": "decimal_prices", "prompt": "You’re buying 6 items: $8.31, $2.74, $14.88, $17.68, $5.94, $4.74. About how much will you pay (before tax)?", "exact_value": 54.29, "model": "tiiuae/Falcon-H1-7B-Instruct", "provider": "transformers", "response": "Final answer: 50", "numeric_answer": 50.0, "relative_error": 0.07902007736231349, "thinking_text": null, "has_tool_call": false, "tool_call": null, "usage": {"prompt_tokens": 224, "completion_tokens": 7, "total_tokens": 231, "token_count_source": "tokenizer"}, "decoding": {"temperature": 0.2, "top_p": null, "top_k": null, "max_tokens": 256, "seed": 42}, "prompt_tokens": 224, "completion_tokens": 7, "total_tokens": 231, "token_count_source": "tokenizer", "diffusion_steps": null, "flops_estimate": null, "flops_arch": null, "flops_model_params": null, "flops_active_params": null, "tokens_non_final": 3, "tokens_reasoning": 0, "tokens_response": 3, "elapsed_seconds": 0.5525803565979004, "judgement": "Good approximation"}
{"id": "basket_sum_001171", "topic": "basket_sum", "subtopic": "decimal_prices", "prompt": "You’re buying 3 items: $10.17, $0.89, $7.55. About how much will you pay (before tax)?", "exact_value": 18.61, "model": "tiiuae/Falcon-H1-7B-Instruct", "provider": "transformers", "response": "Final answer: 20", "numeric_answer": 20.0, "relative_error": 0.07469102632993017, "thinking_text": null, "has_tool_call": false, "tool_call": null, "usage": {"prompt_tokens": 202, "completion_tokens": 7, "total_tokens": 209, "token_count_source": "tokenizer"}, "decoding": {"temperature": 0.2, "top_p": null, "top_k": null, "max_tokens": 256, "seed": 42}, "prompt_tokens": 202, "completion_tokens": 7, "total_tokens": 209, "token_count_source": "tokenizer", "diffusion_steps": null, "flops_estimate": null, "flops_arch": null, "flops_model_params": null, "flops_active_params": null, "tokens_non_final": 3, "tokens_reasoning": 0, "tokens_response": 3, "elapsed_seconds": 0.6059577465057373, "judgement": "Good approximation"}
{"id": "basket_sum_001191", "topic": "basket_sum", "subtopic": "decimal_prices", "prompt": "You’re buying 5 items: $16.57, $13.87, $17.29, $12.64, $9.09. About how much will you pay (before tax)?", "exact_value": 69.46, "model": "tiiuae/Falcon-H1-7B-Instruct", "provider": "transformers", "response": "Final answer: 75", "numeric_answer": 75.0, "relative_error": 0.07975813417794424, "thinking_text": null, "has_tool_call": false, "tool_call": null, "usage": {"prompt_tokens": 219, "completion_tokens": 7, "total_tokens": 226, "token_count_source": "tokenizer"}, "decoding": {"temperature": 0.2, "top_p": null, "top_k": null, "max_tokens": 256, "seed": 42}, "prompt_tokens": 219, "completion_tokens": 7, "total_tokens": 226, "token_count_source": "tokenizer", "diffusion_steps": null, "flops_estimate": null, "flops_arch": null, "flops_model_params": null, "flops_active_params": null, "tokens_non_final": 3, "tokens_reasoning": 0, "tokens_response": 3, "elapsed_seconds": 0.5785660743713379, "judgement": "Good approximation"}
{"id": "basket_sum_001211", "topic": "basket_sum", "subtopic": "decimal_prices", "prompt": "You’re buying 4 items: $2.44, $1.26, $19.22, $2.64. About how much will you pay (before tax)?", "exact_value": 25.56, "model": "tiiuae/Falcon-H1-7B-Instruct", "provider": "transformers", "response": "Final answer: 25", "numeric_answer": 25.0, "relative_error": 0.021909233176838763, "thinking_text": null, "has_tool_call": false, "tool_call": null, "usage": {"prompt_tokens": 209, "completion_tokens": 7, "total_tokens": 216, "token_count_source": "tokenizer"}, "decoding": {"temperature": 0.2, "top_p": null, "top_k": null, "max_tokens": 256, "seed": 42}, "prompt_tokens": 209, "completion_tokens": 7, "total_tokens": 216, "token_count_source": "tokenizer", "diffusion_steps": null, "flops_estimate": null, "flops_arch": null, "flops_model_params": null, "flops_active_params": null, "tokens_non_final": 3, "tokens_reasoning": 0, "tokens_response": 3, "elapsed_seconds": 0.5698938369750977, "judgement": "Good approximation"}
{"id": "basket_sum_001231", "topic": "basket_sum", "subtopic": "decimal_prices", "prompt": "You’re buying 5 items: $4.51, $9.17, $1.90, $5.25, $12.09. About how much will you pay (before tax)?", "exact_value": 32.92, "model": "tiiuae/Falcon-H1-7B-Instruct", "provider": "transformers", "response": "Final answer: 35", "numeric_answer": 35.0, "relative_error": 0.06318347509112995, "thinking_text": null, "has_tool_call": false, "tool_call": null, "usage": {"prompt_tokens": 216, "completion_tokens": 7, "total_tokens": 223, "token_count_source": "tokenizer"}, "decoding": {"temperature": 0.2, "top_p": null, "top_k": null, "max_tokens": 256, "seed": 42}, "prompt_tokens": 216, "completion_tokens": 7, "total_tokens": 223, "token_count_source": "tokenizer", "diffusion_steps": null, "flops_estimate": null, "flops_arch": null, "flops_model_params": null, "flops_active_params": null, "tokens_non_final": 3, "tokens_reasoning": 0, "tokens_response": 3, "elapsed_seconds": 0.5640435218811035, "judgement": "Good approximation"}
{"id": "basket_sum_001251", "topic": "basket_sum", "subtopic": "decimal_prices", "prompt": "You’re buying 5 items: $3.91, $8.11, $15.11, $18.54, $3.32. About how much will you pay (before tax)?", "exact_value": 48.99, "model": "tiiuae/Falcon-H1-7B-Instruct", "provider": "transformers", "response": "Final answer: 45", "numeric_answer": 45.0, "relative_error": 0.08144519289650953, "thinking_text": null, "has_tool_call": false, "tool_call": null, "usage": {"prompt_tokens": 217, "completion_tokens": 7, "total_tokens": 224, "token_count_source": "tokenizer"}, "decoding": {"temperature": 0.2, "top_p": null, "top_k": null, "max_tokens": 256, "seed": 42}, "prompt_tokens": 217, "completion_tokens": 7, "total_tokens": 224, "token_count_source": "tokenizer", "diffusion_steps": null, "flops_estimate": null, "flops_arch": null, "flops_model_params": null, "flops_active_params": null, "tokens_non_final": 3, "tokens_reasoning": 0, "tokens_response": 3, "elapsed_seconds": 0.5675394535064697, "judgement": "Good approximation"}
{"id": "basket_sum_001271", "topic": "basket_sum", "subtopic": "decimal_prices", "prompt": "You’re buying 6 items: $11.14, $3.12, $17.66, $16.12, $12.45, $13.45. About how much will you pay (before tax)?", "exact_value": 73.94, "model": "tiiuae/Falcon-H1-7B-Instruct", "provider": "transformers", "response": "Final answer: 80", "numeric_answer": 80.0, "relative_error": 0.08195834460373279, "thinking_text": null, "has_tool_call": false, "tool_call": null, "usage": {"prompt_tokens": 227, "completion_tokens": 7, "total_tokens": 234, "token_count_source": "tokenizer"}, "decoding": {"temperature": 0.2, "top_p": null, "top_k": null, "max_tokens": 256, "seed": 42}, "prompt_tokens": 227, "completion_tokens": 7, "total_tokens": 234, "token_count_source": "tokenizer", "diffusion_steps": null, "flops_estimate": null, "flops_arch": null, "flops_model_params": null, "flops_active_params": null, "tokens_non_final": 3, "tokens_reasoning": 0, "tokens_response": 3, "elapsed_seconds": 0.5553107261657715, "judgement": "Good approximation"}
{"id": "basket_sum_001291", "topic": "basket_sum", "subtopic": "decimal_prices", "prompt": "You’re buying 5 items: $18.82, $5.77, $12.43, $2.83, $5.24. About how much will you pay (before tax)?", "exact_value": 45.09, "model": "tiiuae/Falcon-H1-7B-Instruct", "provider": "transformers", "response": "Final answer: 45", "numeric_answer": 45.0, "relative_error": 0.0019960079840320114, "thinking_text": null, "has_tool_call": false, "tool_call": null, "usage": {"prompt_tokens": 217, "completion_tokens": 7, "total_tokens": 224, "token_count_source": "tokenizer"}, "decoding": {"temperature": 0.2, "top_p": null, "top_k": null, "max_tokens": 256, "seed": 42}, "prompt_tokens": 217, "completion_tokens": 7, "total_tokens": 224, "token_count_source": "tokenizer", "diffusion_steps": null, "flops_estimate": null, "flops_arch": null, "flops_model_params": null, "flops_active_params": null, "tokens_non_final": 3, "tokens_reasoning": 0, "tokens_response": 3, "elapsed_seconds": 0.5704240798950195, "judgement": "Good approximation"}
{"id": "basket_sum_001311", "topic": "basket_sum", "subtopic": "decimal_prices", "prompt": "You’re buying 5 items: $13.47, $7.46, $8.43, $3.25, $17.73. About how much will you pay (before tax)?", "exact_value": 50.34, "model": "tiiuae/Falcon-H1-7B-Instruct", "provider": "transformers", "response": "Final answer: 50", "numeric_answer": 50.0, "relative_error": 0.006754072308303603, "thinking_text": null, "has_tool_call": false, "tool_call": null, "usage": {"prompt_tokens": 217, "completion_tokens": 7, "total_tokens": 224, "token_count_source": "tokenizer"}, "decoding": {"temperature": 0.2, "top_p": null, "top_k": null, "max_tokens": 256, "seed": 42}, "prompt_tokens": 217, "completion_tokens": 7, "total_tokens": 224, "token_count_source": "tokenizer", "diffusion_steps": null, "flops_estimate": null, "flops_arch": null, "flops_model_params": null, "flops_active_params": null, "tokens_non_final": 3, "tokens_reasoning": 0, "tokens_response": 3, "elapsed_seconds": 0.5658111572265625, "judgement": "Good approximation"}
{"id": "basket_sum_001331", "topic": "basket_sum", "subtopic": "decimal_prices", "prompt": "You’re buying 3 items: $9.47, $11.89, $1.27. About how much will you pay (before tax)?", "exact_value": 22.63, "model": "tiiuae/Falcon-H1-7B-Instruct", "provider": "transformers", "response": "Final answer: 30", "numeric_answer": 30.0, "relative_error": 0.32567388422448085, "thinking_text": null, "has_tool_call": false, "tool_call": null, "usage": {"prompt_tokens": 202, "completion_tokens": 7, "total_tokens": 209, "token_count_source": "tokenizer"}, "decoding": {"temperature": 0.2, "top_p": null, "top_k": null, "max_tokens": 256, "seed": 42}, "prompt_tokens": 202, "completion_tokens": 7, "total_tokens": 209, "token_count_source": "tokenizer", "diffusion_steps": null, "flops_estimate": null, "flops_arch": null, "flops_model_params": null, "flops_active_params": null, "tokens_non_final": 3, "tokens_reasoning": 0, "tokens_response": 3, "elapsed_seconds": 0.5716614723205566, "judgement": "Mildly off"}
{"id": "basket_sum_001351", "topic": "basket_sum", "subtopic": "decimal_prices", "prompt": "You’re buying 5 items: $7.84, $15.52, $18.73, $11.56, $13.11. About how much will you pay (before tax)?", "exact_value": 66.76, "model": "tiiuae/Falcon-H1-7B-Instruct", "provider": "transformers", "response": "Final answer: 70", "numeric_answer": 70.0, "relative_error": 0.04853205512282796, "thinking_text": null, "has_tool_call": false, "tool_call": null, "usage": {"prompt_tokens": 219, "completion_tokens": 7, "total_tokens": 226, "token_count_source": "tokenizer"}, "decoding": {"temperature": 0.2, "top_p": null, "top_k": null, "max_tokens": 256, "seed": 42}, "prompt_tokens": 219, "completion_tokens": 7, "total_tokens": 226, "token_count_source": "tokenizer", "diffusion_steps": null, "flops_estimate": null, "flops_arch": null, "flops_model_params": null, "flops_active_params": null, "tokens_non_final": 3, "tokens_reasoning": 0, "tokens_response": 3, "elapsed_seconds": 0.5692529678344727, "judgement": "Good approximation"}
{"id": "basket_sum_001371", "topic": "basket_sum", "subtopic": "decimal_prices", "prompt": "You’re buying 3 items: $1.87, $13.03, $1.99. About how much will you pay (before tax)?", "exact_value": 16.89, "model": "tiiuae/Falcon-H1-7B-Instruct", "provider": "transformers", "response": "Final answer: 17", "numeric_answer": 17.0, "relative_error": 0.006512729425695644, "thinking_text": null, "has_tool_call": false, "tool_call": null, "usage": {"prompt_tokens": 202, "completion_tokens": 7, "total_tokens": 209, "token_count_source": "tokenizer"}, "decoding": {"temperature": 0.2, "top_p": null, "top_k": null, "max_tokens": 256, "seed": 42}, "prompt_tokens": 202, "completion_tokens": 7, "total_tokens": 209, "token_count_source": "tokenizer", "diffusion_steps": null, "flops_estimate": null, "flops_arch": null, "flops_model_params": null, "flops_active_params": null, "tokens_non_final": 3, "tokens_reasoning": 0, "tokens_response": 3, "elapsed_seconds": 0.5663080215454102, "judgement": "Good approximation"}
{"id": "basket_sum_001391", "topic": "basket_sum", "subtopic": "decimal_prices", "prompt": "You’re buying 5 items: $7.94, $8.05, $12.09, $1.44, $14.25. About how much will you pay (before tax)?", "exact_value": 43.77, "model": "tiiuae/Falcon-H1-7B-Instruct", "provider": "transformers", "response": "Final answer: 45", "numeric_answer": 45.0, "relative_error": 0.028101439342015005, "thinking_text": null, "has_tool_call": false, "tool_call": null, "usage": {"prompt_tokens": 217, "completion_tokens": 7, "total_tokens": 224, "token_count_source": "tokenizer"}, "decoding": {"temperature": 0.2, "top_p": null, "top_k": null, "max_tokens": 256, "seed": 42}, "prompt_tokens": 217, "completion_tokens": 7, "total_tokens": 224, "token_count_source": "tokenizer", "diffusion_steps": null, "flops_estimate": null, "flops_arch": null, "flops_model_params": null, "flops_active_params": null, "tokens_non_final": 3, "tokens_reasoning": 0, "tokens_response": 3, "elapsed_seconds": 0.5532746315002441, "judgement": "Good approximation"}
{"id": "basket_sum_001411", "topic": "basket_sum", "subtopic": "decimal_prices", "prompt": "You’re buying 4 items: $6.59, $2.57, $8.16, $4.24. About how much will you pay (before tax)?", "exact_value": 21.56, "model": "tiiuae/Falcon-H1-7B-Instruct", "provider": "transformers", "response": "Final answer: 22", "numeric_answer": 22.0, "relative_error": 0.020408163265306183, "thinking_text": null, "has_tool_call": false, "tool_call": null, "usage": {"prompt_tokens": 208, "completion_tokens": 7, "total_tokens": 215, "token_count_source": "tokenizer"}, "decoding": {"temperature": 0.2, "top_p": null, "top_k": null, "max_tokens": 256, "seed": 42}, "prompt_tokens": 208, "completion_tokens": 7, "total_tokens": 215, "token_count_source": "tokenizer", "diffusion_steps": null, "flops_estimate": null, "flops_arch": null, "flops_model_params": null, "flops_active_params": null, "tokens_non_final": 3, "tokens_reasoning": 0, "tokens_response": 3, "elapsed_seconds": 0.5572161674499512, "judgement": "Good approximation"}
{"id": "basket_sum_001431", "topic": "basket_sum", "subtopic": "decimal_prices", "prompt": "You’re buying 4 items: $11.75, $19.89, $12.61, $11.14. About how much will you pay (before tax)?", "exact_value": 55.39, "model": "tiiuae/Falcon-H1-7B-Instruct", "provider": "transformers", "response": "Final answer: 60", "numeric_answer": 60.0, "relative_error": 0.08322801949810434, "thinking_text": null, "has_tool_call": false, "tool_call": null, "usage": {"prompt_tokens": 212, "completion_tokens": 7, "total_tokens": 219, "token_count_source": "tokenizer"}, "decoding": {"temperature": 0.2, "top_p": null, "top_k": null, "max_tokens": 256, "seed": 42}, "prompt_tokens": 212, "completion_tokens": 7, "total_tokens": 219, "token_count_source": "tokenizer", "diffusion_steps": null, "flops_estimate": null, "flops_arch": null, "flops_model_params": null, "flops_active_params": null, "tokens_non_final": 3, "tokens_reasoning": 0, "tokens_response": 3, "elapsed_seconds": 0.5489203929901123, "judgement": "Good approximation"}
{"id": "basket_sum_001451", "topic": "basket_sum", "subtopic": "decimal_prices", "prompt": "You’re buying 6 items: $19.50, $8.67, $13.01, $12.67, $3.45, $12.69. About how much will you pay (before tax)?", "exact_value": 69.99, "model": "tiiuae/Falcon-H1-7B-Instruct", "provider": "transformers", "response": "Final answer: 75", "numeric_answer": 75.0, "relative_error": 0.07158165452207466, "thinking_text": null, "has_tool_call": false, "tool_call": null, "usage": {"prompt_tokens": 226, "completion_tokens": 7, "total_tokens": 233, "token_count_source": "tokenizer"}, "decoding": {"temperature": 0.2, "top_p": null, "top_k": null, "max_tokens": 256, "seed": 42}, "prompt_tokens": 226, "completion_tokens": 7, "total_tokens": 233, "token_count_source": "tokenizer", "diffusion_steps": null, "flops_estimate": null, "flops_arch": null, "flops_model_params": null, "flops_active_params": null, "tokens_non_final": 3, "tokens_reasoning": 0, "tokens_response": 3, "elapsed_seconds": 0.5708339214324951, "judgement": "Good approximation"}
{"id": "basket_sum_001471", "topic": "basket_sum", "subtopic": "decimal_prices", "prompt": "You’re buying 5 items: $9.92, $9.24, $6.45, $15.07, $14.14. About how much will you pay (before tax)?", "exact_value": 54.82, "model": "tiiuae/Falcon-H1-7B-Instruct", "provider": "transformers", "response": "Final answer: 55", "numeric_answer": 55.0, "relative_error": 0.0032834731849689844, "thinking_text": null, "has_tool_call": false, "tool_call": null, "usage": {"prompt_tokens": 217, "completion_tokens": 7, "total_tokens": 224, "token_count_source": "tokenizer"}, "decoding": {"temperature": 0.2, "top_p": null, "top_k": null, "max_tokens": 256, "seed": 42}, "prompt_tokens": 217, "completion_tokens": 7, "total_tokens": 224, "token_count_source": "tokenizer", "diffusion_steps": null, "flops_estimate": null, "flops_arch": null, "flops_model_params": null, "flops_active_params": null, "tokens_non_final": 3, "tokens_reasoning": 0, "tokens_response": 3, "elapsed_seconds": 0.5632925033569336, "judgement": "Good approximation"}
{"id": "basket_sum_001491", "topic": "basket_sum", "subtopic": "decimal_prices", "prompt": "You’re buying 6 items: $10.66, $19.06, $6.54, $17.44, $5.57, $6.08. About how much will you pay (before tax)?", "exact_value": 65.35, "model": "tiiuae/Falcon-H1-7B-Instruct", "provider": "transformers", "response": "Final answer: 70", "numeric_answer": 70.0, "relative_error": 0.07115531752104065, "thinking_text": null, "has_tool_call": false, "tool_call": null, "usage": {"prompt_tokens": 225, "completion_tokens": 7, "total_tokens": 232, "token_count_source": "tokenizer"}, "decoding": {"temperature": 0.2, "top_p": null, "top_k": null, "max_tokens": 256, "seed": 42}, "prompt_tokens": 225, "completion_tokens": 7, "total_tokens": 232, "token_count_source": "tokenizer", "diffusion_steps": null, "flops_estimate": null, "flops_arch": null, "flops_model_params": null, "flops_active_params": null, "tokens_non_final": 3, "tokens_reasoning": 0, "tokens_response": 3, "elapsed_seconds": 0.5680129528045654, "judgement": "Good approximation"}
{"id": "basket_sum_001511", "topic": "basket_sum", "subtopic": "decimal_prices", "prompt": "You’re buying 3 items: $3.49, $15.57, $17.51. About how much will you pay (before tax)?", "exact_value": 36.57, "model": "tiiuae/Falcon-H1-7B-Instruct", "provider": "transformers", "response": "Final answer: 37", "numeric_answer": 37.0, "relative_error": 0.011758271807492473, "thinking_text": null, "has_tool_call": false, "tool_call": null, "usage": {"prompt_tokens": 203, "completion_tokens": 7, "total_tokens": 210, "token_count_source": "tokenizer"}, "decoding": {"temperature": 0.2, "top_p": null, "top_k": null, "max_tokens": 256, "seed": 42}, "prompt_tokens": 203, "completion_tokens": 7, "total_tokens": 210, "token_count_source": "tokenizer", "diffusion_steps": null, "flops_estimate": null, "flops_arch": null, "flops_model_params": null, "flops_active_params": null, "tokens_non_final": 3, "tokens_reasoning": 0, "tokens_response": 3, "elapsed_seconds": 0.556105375289917, "judgement": "Good approximation"}
{"id": "basket_sum_001531", "topic": "basket_sum", "subtopic": "decimal_prices", "prompt": "You’re buying 3 items: $9.37, $8.45, $4.74. About how much will you pay (before tax)?", "exact_value": 22.56, "model": "tiiuae/Falcon-H1-7B-Instruct", "provider": "transformers", "response": "Final answer: 23", "numeric_answer": 23.0, "relative_error": 0.01950354609929084, "thinking_text": null, "has_tool_call": false, "tool_call": null, "usage": {"prompt_tokens": 201, "completion_tokens": 7, "total_tokens": 208, "token_count_source": "tokenizer"}, "decoding": {"temperature": 0.2, "top_p": null, "top_k": null, "max_tokens": 256, "seed": 42}, "prompt_tokens": 201, "completion_tokens": 7, "total_tokens": 208, "token_count_source": "tokenizer", "diffusion_steps": null, "flops_estimate": null, "flops_arch": null, "flops_model_params": null, "flops_active_params": null, "tokens_non_final": 3, "tokens_reasoning": 0, "tokens_response": 3, "elapsed_seconds": 0.558988094329834, "judgement": "Good approximation"}
{"id": "basket_sum_001551", "topic": "basket_sum", "subtopic": "decimal_prices", "prompt": "You’re buying 4 items: $3.21, $10.67, $16.25, $3.53. About how much will you pay (before tax)?", "exact_value": 33.66, "model": "tiiuae/Falcon-H1-7B-Instruct", "provider": "transformers", "response": "Final answer: 35", "numeric_answer": 35.0, "relative_error": 0.039809863339275206, "thinking_text": null, "has_tool_call": false, "tool_call": null, "usage": {"prompt_tokens": 210, "completion_tokens": 7, "total_tokens": 217, "token_count_source": "tokenizer"}, "decoding": {"temperature": 0.2, "top_p": null, "top_k": null, "max_tokens": 256, "seed": 42}, "prompt_tokens": 210, "completion_tokens": 7, "total_tokens": 217, "token_count_source": "tokenizer", "diffusion_steps": null, "flops_estimate": null, "flops_arch": null, "flops_model_params": null, "flops_active_params": null, "tokens_non_final": 3, "tokens_reasoning": 0, "tokens_response": 3, "elapsed_seconds": 0.5778627395629883, "judgement": "Good approximation"}
{"id": "basket_sum_001571", "topic": "basket_sum", "subtopic": "decimal_prices", "prompt": "You’re buying 3 items: $19.20, $19.01, $6.48. About how much will you pay (before tax)?", "exact_value": 44.69, "model": "tiiuae/Falcon-H1-7B-Instruct", "provider": "transformers", "response": "Final answer: 45", "numeric_answer": 45.0, "relative_error": 0.00693667487133592, "thinking_text": null, "has_tool_call": false, "tool_call": null, "usage": {"prompt_tokens": 203, "completion_tokens": 7, "total_tokens": 210, "token_count_source": "tokenizer"}, "decoding": {"temperature": 0.2, "top_p": null, "top_k": null, "max_tokens": 256, "seed": 42}, "prompt_tokens": 203, "completion_tokens": 7, "total_tokens": 210, "token_count_source": "tokenizer", "diffusion_steps": null, "flops_estimate": null, "flops_arch": null, "flops_model_params": null, "flops_active_params": null, "tokens_non_final": 3, "tokens_reasoning": 0, "tokens_response": 3, "elapsed_seconds": 0.5460090637207031, "judgement": "Good approximation"}
{"id": "basket_sum_001591", "topic": "basket_sum", "subtopic": "decimal_prices", "prompt": "You’re buying 3 items: $7.46, $15.92, $17.15. About how much will you pay (before tax)?", "exact_value": 40.53, "model": "tiiuae/Falcon-H1-7B-Instruct", "provider": "transformers", "response": "Final answer: 40", "numeric_answer": 40.0, "relative_error": 0.013076733283987198, "thinking_text": null, "has_tool_call": false, "tool_call": null, "usage": {"prompt_tokens": 203, "completion_tokens": 7, "total_tokens": 210, "token_count_source": "tokenizer"}, "decoding": {"temperature": 0.2, "top_p": null, "top_k": null, "max_tokens": 256, "seed": 42}, "prompt_tokens": 203, "completion_tokens": 7, "total_tokens": 210, "token_count_source": "tokenizer", "diffusion_steps": null, "flops_estimate": null, "flops_arch": null, "flops_model_params": null, "flops_active_params": null, "tokens_non_final": 3, "tokens_reasoning": 0, "tokens_response": 3, "elapsed_seconds": 0.5716042518615723, "judgement": "Good approximation"}
{"id": "basket_sum_001611", "topic": "basket_sum", "subtopic": "decimal_prices", "prompt": "You’re buying 5 items: $9.07, $7.79, $18.56, $5.30, $11.17. About how much will you pay (before tax)?", "exact_value": 51.89, "model": "tiiuae/Falcon-H1-7B-Instruct", "provider": "transformers", "response": "Final answer: 50", "numeric_answer": 50.0, "relative_error": 0.03642320292927347, "thinking_text": null, "has_tool_call": false, "tool_call": null, "usage": {"prompt_tokens": 217, "completion_tokens": 7, "total_tokens": 224, "token_count_source": "tokenizer"}, "decoding": {"temperature": 0.2, "top_p": null, "top_k": null, "max_tokens": 256, "seed": 42}, "prompt_tokens": 217, "completion_tokens": 7, "total_tokens": 224, "token_count_source": "tokenizer", "diffusion_steps": null, "flops_estimate": null, "flops_arch": null, "flops_model_params": null, "flops_active_params": null, "tokens_non_final": 3, "tokens_reasoning": 0, "tokens_response": 3, "elapsed_seconds": 0.5742814540863037, "judgement": "Good approximation"}
{"id": "basket_sum_001631", "topic": "basket_sum", "subtopic": "decimal_prices", "prompt": "You’re buying 5 items: $1.32, $18.17, $11.61, $17.29, $19.14. About how much will you pay (before tax)?", "exact_value": 67.53, "model": "tiiuae/Falcon-H1-7B-Instruct", "provider": "transformers", "response": "Final answer: 70", "numeric_answer": 70.0, "relative_error": 0.036576336443062324, "thinking_text": null, "has_tool_call": false, "tool_call": null, "usage": {"prompt_tokens": 219, "completion_tokens": 7, "total_tokens": 226, "token_count_source": "tokenizer"}, "decoding": {"temperature": 0.2, "top_p": null, "top_k": null, "max_tokens": 256, "seed": 42}, "prompt_tokens": 219, "completion_tokens": 7, "total_tokens": 226, "token_count_source": "tokenizer", "diffusion_steps": null, "flops_estimate": null, "flops_arch": null, "flops_model_params": null, "flops_active_params": null, "tokens_non_final": 3, "tokens_reasoning": 0, "tokens_response": 3, "elapsed_seconds": 0.56062912940979, "judgement": "Good approximation"}
{"id": "basket_sum_001651", "topic": "basket_sum", "subtopic": "decimal_prices", "prompt": "You’re buying 6 items: $4.75, $14.03, $18.54, $0.88, $5.41, $16.41. About how much will you pay (before tax)?", "exact_value": 60.02, "model": "tiiuae/Falcon-H1-7B-Instruct", "provider": "transformers", "response": "Final answer: 60", "numeric_answer": 60.0, "relative_error": 0.00033322225924696975, "thinking_text": null, "has_tool_call": false, "tool_call": null, "usage": {"prompt_tokens": 225, "completion_tokens": 7, "total_tokens": 232, "token_count_source": "tokenizer"}, "decoding": {"temperature": 0.2, "top_p": null, "top_k": null, "max_tokens": 256, "seed": 42}, "prompt_tokens": 225, "completion_tokens": 7, "total_tokens": 232, "token_count_source": "tokenizer", "diffusion_steps": null, "flops_estimate": null, "flops_arch": null, "flops_model_params": null, "flops_active_params": null, "tokens_non_final": 3, "tokens_reasoning": 0, "tokens_response": 3, "elapsed_seconds": 0.5731563568115234, "judgement": "Good approximation"}
{"id": "basket_sum_001671", "topic": "basket_sum", "subtopic": "decimal_prices", "prompt": "You’re buying 4 items: $14.69, $6.97, $1.53, $18.10. About how much will you pay (before tax)?", "exact_value": 41.29, "model": "tiiuae/Falcon-H1-7B-Instruct", "provider": "transformers", "response": "Final answer: 40", "numeric_answer": 40.0, "relative_error": 0.03124243158149671, "thinking_text": null, "has_tool_call": false, "tool_call": null, "usage": {"prompt_tokens": 210, "completion_tokens": 7, "total_tokens": 217, "token_count_source": "tokenizer"}, "decoding": {"temperature": 0.2, "top_p": null, "top_k": null, "max_tokens": 256, "seed": 42}, "prompt_tokens": 210, "completion_tokens": 7, "total_tokens": 217, "token_count_source": "tokenizer", "diffusion_steps": null, "flops_estimate": null, "flops_arch": null, "flops_model_params": null, "flops_active_params": null, "tokens_non_final": 3, "tokens_reasoning": 0, "tokens_response": 3, "elapsed_seconds": 0.5510342121124268, "judgement": "Good approximation"}
{"id": "basket_sum_001691", "topic": "basket_sum", "subtopic": "decimal_prices", "prompt": "You’re buying 3 items: $7.15, $2.52, $18.68. About how much will you pay (before tax)?", "exact_value": 28.35, "model": "tiiuae/Falcon-H1-7B-Instruct", "provider": "transformers", "response": "Final answer: 30", "numeric_answer": 30.0, "relative_error": 0.05820105820105815, "thinking_text": null, "has_tool_call": false, "tool_call": null, "usage": {"prompt_tokens": 202, "completion_tokens": 7, "total_tokens": 209, "token_count_source": "tokenizer"}, "decoding": {"temperature": 0.2, "top_p": null, "top_k": null, "max_tokens": 256, "seed": 42}, "prompt_tokens": 202, "completion_tokens": 7, "total_tokens": 209, "token_count_source": "tokenizer", "diffusion_steps": null, "flops_estimate": null, "flops_arch": null, "flops_model_params": null, "flops_active_params": null, "tokens_non_final": 3, "tokens_reasoning": 0, "tokens_response": 3, "elapsed_seconds": 0.5554730892181396, "judgement": "Good approximation"}
{"id": "basket_sum_001711", "topic": "basket_sum", "subtopic": "decimal_prices", "prompt": "You’re buying 3 items: $16.26, $18.33, $17.33. About how much will you pay (before tax)?", "exact_value": 51.92, "model": "tiiuae/Falcon-H1-7B-Instruct", "provider": "transformers", "response": "Final answer: 50", "numeric_answer": 50.0, "relative_error": 0.036979969183359045, "thinking_text": null, "has_tool_call": false, "tool_call": null, "usage": {"prompt_tokens": 204, "completion_tokens": 7, "total_tokens": 211, "token_count_source": "tokenizer"}, "decoding": {"temperature": 0.2, "top_p": null, "top_k": null, "max_tokens": 256, "seed": 42}, "prompt_tokens": 204, "completion_tokens": 7, "total_tokens": 211, "token_count_source": "tokenizer", "diffusion_steps": null, "flops_estimate": null, "flops_arch": null, "flops_model_params": null, "flops_active_params": null, "tokens_non_final": 3, "tokens_reasoning": 0, "tokens_response": 3, "elapsed_seconds": 0.5508632659912109, "judgement": "Good approximation"}
{"id": "basket_sum_001731", "topic": "basket_sum", "subtopic": "decimal_prices", "prompt": "You’re buying 6 items: $7.02, $16.08, $18.94, $8.53, $17.47, $9.71. About how much will you pay (before tax)?", "exact_value": 77.75, "model": "tiiuae/Falcon-H1-7B-Instruct", "provider": "transformers", "response": "Final answer: 80", "numeric_answer": 80.0, "relative_error": 0.028938906752411574, "thinking_text": null, "has_tool_call": false, "tool_call": null, "usage": {"prompt_tokens": 225, "completion_tokens": 7, "total_tokens": 232, "token_count_source": "tokenizer"}, "decoding": {"temperature": 0.2, "top_p": null, "top_k": null, "max_tokens": 256, "seed": 42}, "prompt_tokens": 225, "completion_tokens": 7, "total_tokens": 232, "token_count_source": "tokenizer", "diffusion_steps": null, "flops_estimate": null, "flops_arch": null, "flops_model_params": null, "flops_active_params": null, "tokens_non_final": 3, "tokens_reasoning": 0, "tokens_response": 3, "elapsed_seconds": 0.5688633918762207, "judgement": "Good approximation"}
{"id": "basket_sum_001751", "topic": "basket_sum", "subtopic": "decimal_prices", "prompt": "You’re buying 5 items: $16.63, $10.06, $3.60, $6.03, $6.93. About how much will you pay (before tax)?", "exact_value": 43.25, "model": "tiiuae/Falcon-H1-7B-Instruct", "provider": "transformers", "response": "Final answer: 40", "numeric_answer": 40.0, "relative_error": 0.07514450867052024, "thinking_text": null, "has_tool_call": false, "tool_call": null, "usage": {"prompt_tokens": 217, "completion_tokens": 7, "total_tokens": 224, "token_count_source": "tokenizer"}, "decoding": {"temperature": 0.2, "top_p": null, "top_k": null, "max_tokens": 256, "seed": 42}, "prompt_tokens": 217, "completion_tokens": 7, "total_tokens": 224, "token_count_source": "tokenizer", "diffusion_steps": null, "flops_estimate": null, "flops_arch": null, "flops_model_params": null, "flops_active_params": null, "tokens_non_final": 3, "tokens_reasoning": 0, "tokens_response": 3, "elapsed_seconds": 0.5520172119140625, "judgement": "Good approximation"}
{"id": "basket_sum_001771", "topic": "basket_sum", "subtopic": "decimal_prices", "prompt": "You’re buying 3 items: $10.59, $6.35, $1.24. About how much will you pay (before tax)?", "exact_value": 18.18, "model": "tiiuae/Falcon-H1-7B-Instruct", "provider": "transformers", "response": "Final answer: 20", "numeric_answer": 20.0, "relative_error": 0.10011001100110013, "thinking_text": null, "has_tool_call": false, "tool_call": null, "usage": {"prompt_tokens": 202, "completion_tokens": 7, "total_tokens": 209, "token_count_source": "tokenizer"}, "decoding": {"temperature": 0.2, "top_p": null, "top_k": null, "max_tokens": 256, "seed": 42}, "prompt_tokens": 202, "completion_tokens": 7, "total_tokens": 209, "token_count_source": "tokenizer", "diffusion_steps": null, "flops_estimate": null, "flops_arch": null, "flops_model_params": null, "flops_active_params": null, "tokens_non_final": 3, "tokens_reasoning": 0, "tokens_response": 3, "elapsed_seconds": 0.5746328830718994, "judgement": "Good approximation"}
{"id": "basket_sum_001791", "topic": "basket_sum", "subtopic": "decimal_prices", "prompt": "You’re buying 6 items: $4.14, $2.95, $14.71, $9.53, $17.81, $14.13. About how much will you pay (before tax)?", "exact_value": 63.27, "model": "tiiuae/Falcon-H1-7B-Instruct", "provider": "transformers", "response": "Final answer: 60", "numeric_answer": 60.0, "relative_error": 0.05168326220957804, "thinking_text": null, "has_tool_call": false, "tool_call": null, "usage": {"prompt_tokens": 225, "completion_tokens": 7, "total_tokens": 232, "token_count_source": "tokenizer"}, "decoding": {"temperature": 0.2, "top_p": null, "top_k": null, "max_tokens": 256, "seed": 42}, "prompt_tokens": 225, "completion_tokens": 7, "total_tokens": 232, "token_count_source": "tokenizer", "diffusion_steps": null, "flops_estimate": null, "flops_arch": null, "flops_model_params": null, "flops_active_params": null, "tokens_non_final": 3, "tokens_reasoning": 0, "tokens_response": 3, "elapsed_seconds": 0.5524075031280518, "judgement": "Good approximation"}
{"id": "basket_sum_001811", "topic": "basket_sum", "subtopic": "decimal_prices", "prompt": "You’re buying 3 items: $10.30, $18.37, $14.13. About how much will you pay (before tax)?", "exact_value": 42.8, "model": "tiiuae/Falcon-H1-7B-Instruct", "provider": "transformers", "response": "Final answer: 43", "numeric_answer": 43.0, "relative_error": 0.004672897196261749, "thinking_text": null, "has_tool_call": false, "tool_call": null, "usage": {"prompt_tokens": 204, "completion_tokens": 7, "total_tokens": 211, "token_count_source": "tokenizer"}, "decoding": {"temperature": 0.2, "top_p": null, "top_k": null, "max_tokens": 256, "seed": 42}, "prompt_tokens": 204, "completion_tokens": 7, "total_tokens": 211, "token_count_source": "tokenizer", "diffusion_steps": null, "flops_estimate": null, "flops_arch": null, "flops_model_params": null, "flops_active_params": null, "tokens_non_final": 3, "tokens_reasoning": 0, "tokens_response": 3, "elapsed_seconds": 0.5498895645141602, "judgement": "Good approximation"}
{"id": "basket_sum_001831", "topic": "basket_sum", "subtopic": "decimal_prices", "prompt": "You’re buying 3 items: $9.20, $7.83, $14.21. About how much will you pay (before tax)?", "exact_value": 31.24, "model": "tiiuae/Falcon-H1-7B-Instruct", "provider": "transformers", "response": "Final answer: 30", "numeric_answer": 30.0, "relative_error": 0.0396927016645326, "thinking_text": null, "has_tool_call": false, "tool_call": null, "usage": {"prompt_tokens": 202, "completion_tokens": 7, "total_tokens": 209, "token_count_source": "tokenizer"}, "decoding": {"temperature": 0.2, "top_p": null, "top_k": null, "max_tokens": 256, "seed": 42}, "prompt_tokens": 202, "completion_tokens": 7, "total_tokens": 209, "token_count_source": "tokenizer", "diffusion_steps": null, "flops_estimate": null, "flops_arch": null, "flops_model_params": null, "flops_active_params": null, "tokens_non_final": 3, "tokens_reasoning": 0, "tokens_response": 3, "elapsed_seconds": 0.5628209114074707, "judgement": "Good approximation"}
{"id": "basket_sum_001851", "topic": "basket_sum", "subtopic": "decimal_prices", "prompt": "You’re buying 5 items: $6.62, $11.07, $7.07, $6.71, $19.00. About how much will you pay (before tax)?", "exact_value": 50.47, "model": "tiiuae/Falcon-H1-7B-Instruct", "provider": "transformers", "response": "Final answer: 50", "numeric_answer": 50.0, "relative_error": 0.009312462849217334, "thinking_text": null, "has_tool_call": false, "tool_call": null, "usage": {"prompt_tokens": 217, "completion_tokens": 7, "total_tokens": 224, "token_count_source": "tokenizer"}, "decoding": {"temperature": 0.2, "top_p": null, "top_k": null, "max_tokens": 256, "seed": 42}, "prompt_tokens": 217, "completion_tokens": 7, "total_tokens": 224, "token_count_source": "tokenizer", "diffusion_steps": null, "flops_estimate": null, "flops_arch": null, "flops_model_params": null, "flops_active_params": null, "tokens_non_final": 3, "tokens_reasoning": 0, "tokens_response": 3, "elapsed_seconds": 0.576481819152832, "judgement": "Good approximation"}
{"id": "basket_sum_001871", "topic": "basket_sum", "subtopic": "decimal_prices", "prompt": "You’re buying 5 items: $6.25, $5.41, $5.02, $12.38, $15.22. About how much will you pay (before tax)?", "exact_value": 44.28, "model": "tiiuae/Falcon-H1-7B-Instruct", "provider": "transformers", "response": "Final answer: 45", "numeric_answer": 45.0, "relative_error": 0.01626016260162599, "thinking_text": null, "has_tool_call": false, "tool_call": null, "usage": {"prompt_tokens": 217, "completion_tokens": 7, "total_tokens": 224, "token_count_source": "tokenizer"}, "decoding": {"temperature": 0.2, "top_p": null, "top_k": null, "max_tokens": 256, "seed": 42}, "prompt_tokens": 217, "completion_tokens": 7, "total_tokens": 224, "token_count_source": "tokenizer", "diffusion_steps": null, "flops_estimate": null, "flops_arch": null, "flops_model_params": null, "flops_active_params": null, "tokens_non_final": 3, "tokens_reasoning": 0, "tokens_response": 3, "elapsed_seconds": 0.5623900890350342, "judgement": "Good approximation"}
{"id": "discounts_000183", "topic": "discounts", "subtopic": "buy_n_get_m", "prompt": "Buy 4 get 1 free on items priced $5.05 each. You take 6 total. About how much do you pay?", "exact_value": 25.25, "model": "tiiuae/Falcon-H1-7B-Instruct", "provider": "transformers", "response": "Final answer: 30", "numeric_answer": 30.0, "relative_error": 0.18811881188118812, "thinking_text": null, "has_tool_call": false, "tool_call": null, "usage": {"prompt_tokens": 192, "completion_tokens": 7, "total_tokens": 199, "token_count_source": "tokenizer"}, "decoding": {"temperature": 0.2, "top_p": null, "top_k": null, "max_tokens": 256, "seed": 42}, "prompt_tokens": 192, "completion_tokens": 7, "total_tokens": 199, "token_count_source": "tokenizer", "diffusion_steps": null, "flops_estimate": null, "flops_arch": null, "flops_model_params": null, "flops_active_params": null, "tokens_non_final": 3, "tokens_reasoning": 0, "tokens_response": 3, "elapsed_seconds": 0.561664342880249, "judgement": "Good approximation"}
{"id": "discounts_000203", "topic": "discounts", "subtopic": "threshold", "prompt": "Threshold coupon applies: $5 off $30+ spend. Cart: $27.77, $19.83, $30.00, $13.61. About how much do you pay?", "exact_value": 86.21, "model": "tiiuae/Falcon-H1-7B-Instruct", "provider": "transformers", "response": "Final answer: 70", "numeric_answer": 70.0, "relative_error": 0.18802923094768584, "thinking_text": null, "has_tool_call": false, "tool_call": null, "usage": {"prompt_tokens": 217, "completion_tokens": 7, "total_tokens": 224, "token_count_source": "tokenizer"}, "decoding": {"temperature": 0.2, "top_p": null, "top_k": null, "max_tokens": 256, "seed": 42}, "prompt_tokens": 217, "completion_tokens": 7, "total_tokens": 224, "token_count_source": "tokenizer", "diffusion_steps": null, "flops_estimate": null, "flops_arch": null, "flops_model_params": null, "flops_active_params": null, "tokens_non_final": 3, "tokens_reasoning": 0, "tokens_response": 3, "elapsed_seconds": 0.5568985939025879, "judgement": "Good approximation"}
{"id": "discounts_000223", "topic": "discounts", "subtopic": "threshold", "prompt": "Threshold coupon applies: $5 off $40+ spend. Cart: $7.86, $25.35, $26.15, $22.93, $33.93. About how much do you pay?", "exact_value": 111.22, "model": "tiiuae/Falcon-H1-7B-Instruct", "provider": "transformers", "response": "Final answer: 88", "numeric_answer": 88.0, "relative_error": 0.20877540010789425, "thinking_text": null, "has_tool_call": false, "tool_call": null, "usage": {"prompt_tokens": 224, "completion_tokens": 7, "total_tokens": 231, "token_count_source": "tokenizer"}, "decoding": {"temperature": 0.2, "top_p": null, "top_k": null, "max_tokens": 256, "seed": 42}, "prompt_tokens": 224, "completion_tokens": 7, "total_tokens": 231, "token_count_source": "tokenizer", "diffusion_steps": null, "flops_estimate": null, "flops_arch": null, "flops_model_params": null, "flops_active_params": null, "tokens_non_final": 3, "tokens_reasoning": 0, "tokens_response": 3, "elapsed_seconds": 0.5621848106384277, "judgement": "Mildly off"}
{"id": "discounts_000243", "topic": "discounts", "subtopic": "percent", "prompt": "Cart: $41.98, $22.60, $24.78, $44.56, $29.87. A 20% discount applies to everything. About how much do you pay?", "exact_value": 131.03, "model": "tiiuae/Falcon-H1-7B-Instruct", "provider": "transformers", "response": "Final answer: 100", "numeric_answer": 100.0, "relative_error": 0.2368159963367168, "thinking_text": null, "has_tool_call": false, "tool_call": null, "usage": {"prompt_tokens": 220, "completion_tokens": 8, "total_tokens": 228, "token_count_source": "tokenizer"}, "decoding": {"temperature": 0.2, "top_p": null, "top_k": null, "max_tokens": 256, "seed": 42}, "prompt_tokens": 220, "completion_tokens": 8, "total_tokens": 228, "token_count_source": "tokenizer", "diffusion_steps": null, "flops_estimate": null, "flops_arch": null, "flops_model_params": null, "flops_active_params": null, "tokens_non_final": 3, "tokens_reasoning": 0, "tokens_response": 3, "elapsed_seconds": 0.6238648891448975, "judgement": "Mildly off"}
{"id": "discounts_000263", "topic": "discounts", "subtopic": "stacked", "prompt": "Stacked deal: 20% off, then $10 coupon if you spend $50 or more. Cart: $24.93, $20.51, $23.47. About how much do you pay?", "exact_value": 45.13, "model": "tiiuae/Falcon-H1-7B-Instruct", "provider": "transformers", "response": "Final answer: 40", "numeric_answer": 40.0, "relative_error": 0.11367161533348111, "thinking_text": null, "has_tool_call": false, "tool_call": null, "usage": {"prompt_tokens": 220, "completion_tokens": 7, "total_tokens": 227, "token_count_source": "tokenizer"}, "decoding": {"temperature": 0.2, "top_p": null, "top_k": null, "max_tokens": 256, "seed": 42}, "prompt_tokens": 220, "completion_tokens": 7, "total_tokens": 227, "token_count_source": "tokenizer", "diffusion_steps": null, "flops_estimate": null, "flops_arch": null, "flops_model_params": null, "flops_active_params": null, "tokens_non_final": 3, "tokens_reasoning": 0, "tokens_response": 3, "elapsed_seconds": 0.5779211521148682, "judgement": "Good approximation"}
{"id": "discounts_000283", "topic": "discounts", "subtopic": "threshold", "prompt": "Threshold coupon applies: $15 off $30+ spend. Cart: $27.33, $21.91, $39.19, $18.59. About how much do you pay?", "exact_value": 92.02, "model": "tiiuae/Falcon-H1-7B-Instruct", "provider": "transformers", "response": "Final answer: 70", "numeric_answer": 70.0, "relative_error": 0.2392958052597261, "thinking_text": null, "has_tool_call": false, "tool_call": null, "usage": {"prompt_tokens": 218, "completion_tokens": 7, "total_tokens": 225, "token_count_source": "tokenizer"}, "decoding": {"temperature": 0.2, "top_p": null, "top_k": null, "max_tokens": 256, "seed": 42}, "prompt_tokens": 218, "completion_tokens": 7, "total_tokens": 225, "token_count_source": "tokenizer", "diffusion_steps": null, "flops_estimate": null, "flops_arch": null, "flops_model_params": null, "flops_active_params": null, "tokens_non_final": 3, "tokens_reasoning": 0, "tokens_response": 3, "elapsed_seconds": 0.5759267807006836, "judgement": "Mildly off"}
{"id": "discounts_000303", "topic": "discounts", "subtopic": "threshold", "prompt": "Threshold coupon applies: $10 off $40+ spend. Cart: $36.04, $15.68, $34.87. About how much do you pay?", "exact_value": 76.59, "model": "tiiuae/Falcon-H1-7B-Instruct", "provider": "transformers", "response": "Final answer: 56", "numeric_answer": 56.0, "relative_error": 0.26883405144274714, "thinking_text": null, "has_tool_call": false, "tool_call": null, "usage": {"prompt_tokens": 210, "completion_tokens": 7, "total_tokens": 217, "token_count_source": "tokenizer"}, "decoding": {"temperature": 0.2, "top_p": null, "top_k": null, "max_tokens": 256, "seed": 42}, "prompt_tokens": 210, "completion_tokens": 7, "total_tokens": 217, "token_count_source": "tokenizer", "diffusion_steps": null, "flops_estimate": null, "flops_arch": null, "flops_model_params": null, "flops_active_params": null, "tokens_non_final": 3, "tokens_reasoning": 0, "tokens_response": 3, "elapsed_seconds": 0.5710580348968506, "judgement": "Mildly off"}
{"id": "discounts_000323", "topic": "discounts", "subtopic": "stacked", "prompt": "Stacked deal: 20% off, then $5 coupon if you spend $50 or more. Cart: $37.30, $35.35, $7.26, $28.69, $36.32, $11.49. About how much do you pay?", "exact_value": 120.13, "model": "tiiuae/Falcon-H1-7B-Instruct", "provider": "transformers", "response": "Final answer: 95", "numeric_answer": 95.0, "relative_error": 0.20919004411887118, "thinking_text": null, "has_tool_call": false, "tool_call": null, "usage": {"prompt_tokens": 242, "completion_tokens": 7, "total_tokens": 249, "token_count_source": "tokenizer"}, "decoding": {"temperature": 0.2, "top_p": null, "top_k": null, "max_tokens": 256, "seed": 42}, "prompt_tokens": 242, "completion_tokens": 7, "total_tokens": 249, "token_count_source": "tokenizer", "diffusion_steps": null, "flops_estimate": null, "flops_arch": null, "flops_model_params": null, "flops_active_params": null, "tokens_non_final": 3, "tokens_reasoning": 0, "tokens_response": 3, "elapsed_seconds": 0.5790407657623291, "judgement": "Mildly off"}
{"id": "discounts_000343", "topic": "discounts", "subtopic": "threshold", "prompt": "Threshold coupon applies: $5 off $30+ spend. Cart: $26.24, $32.30, $4.60, $26.47, $26.89. About how much do you pay?", "exact_value": 111.5, "model": "tiiuae/Falcon-H1-7B-Instruct", "provider": "transformers", "response": "Final answer: 85", "numeric_answer": 85.0, "relative_error": 0.23766816143497757, "thinking_text": null, "has_tool_call": false, "tool_call": null, "usage": {"prompt_tokens": 224, "completion_tokens": 7, "total_tokens": 231, "token_count_source": "tokenizer"}, "decoding": {"temperature": 0.2, "top_p": null, "top_k": null, "max_tokens": 256, "seed": 42}, "prompt_tokens": 224, "completion_tokens": 7, "total_tokens": 231, "token_count_source": "tokenizer", "diffusion_steps": null, "flops_estimate": null, "flops_arch": null, "flops_model_params": null, "flops_active_params": null, "tokens_non_final": 3, "tokens_reasoning": 0, "tokens_response": 3, "elapsed_seconds": 0.5660200119018555, "judgement": "Mildly off"}
{"id": "discounts_000363", "topic": "discounts", "subtopic": "threshold", "prompt": "Threshold coupon applies: $10 off $25+ spend. Cart: $8.84, $27.18, $39.97. About how much do you pay?", "exact_value": 65.99, "model": "tiiuae/Falcon-H1-7B-Instruct", "provider": "transformers", "response": "Final answer: 72", "numeric_answer": 72.0, "relative_error": 0.09107440521291113, "thinking_text": null, "has_tool_call": false, "tool_call": null, "usage": {"prompt_tokens": 209, "completion_tokens": 7, "total_tokens": 216, "token_count_source": "tokenizer"}, "decoding": {"temperature": 0.2, "top_p": null, "top_k": null, "max_tokens": 256, "seed": 42}, "prompt_tokens": 209, "completion_tokens": 7, "total_tokens": 216, "token_count_source": "tokenizer", "diffusion_steps": null, "flops_estimate": null, "flops_arch": null, "flops_model_params": null, "flops_active_params": null, "tokens_non_final": 3, "tokens_reasoning": 0, "tokens_response": 3, "elapsed_seconds": 0.5549314022064209, "judgement": "Good approximation"}
{"id": "discounts_000383", "topic": "discounts", "subtopic": "stacked", "prompt": "Stacked deal: 15% off, then $5 coupon if you spend $40 or more. Cart: $32.36, $39.44, $31.86. About how much do you pay?", "exact_value": 83.11, "model": "tiiuae/Falcon-H1-7B-Instruct", "provider": "transformers", "response": "Final answer: 70", "numeric_answer": 70.0, "relative_error": 0.1577427505715317, "thinking_text": null, "has_tool_call": false, "tool_call": null, "usage": {"prompt_tokens": 219, "completion_tokens": 7, "total_tokens": 226, "token_count_source": "tokenizer"}, "decoding": {"temperature": 0.2, "top_p": null, "top_k": null, "max_tokens": 256, "seed": 42}, "prompt_tokens": 219, "completion_tokens": 7, "total_tokens": 226, "token_count_source": "tokenizer", "diffusion_steps": null, "flops_estimate": null, "flops_arch": null, "flops_model_params": null, "flops_active_params": null, "tokens_non_final": 3, "tokens_reasoning": 0, "tokens_response": 3, "elapsed_seconds": 0.5718426704406738, "judgement": "Good approximation"}
{"id": "discounts_000403", "topic": "discounts", "subtopic": "buy_n_get_m", "prompt": "Buy 4 get 3 free on items priced $7.01 each. You take 7 total. About how much do you pay?", "exact_value": 28.04, "model": "tiiuae/Falcon-H1-7B-Instruct", "provider": "transformers", "response": "Final answer: 28", "numeric_answer": 28.0, "relative_error": 0.0014265335235377728, "thinking_text": null, "has_tool_call": false, "tool_call": null, "usage": {"prompt_tokens": 192, "completion_tokens": 7, "total_tokens": 199, "token_count_source": "tokenizer"}, "decoding": {"temperature": 0.2, "top_p": null, "top_k": null, "max_tokens": 256, "seed": 42}, "prompt_tokens": 192, "completion_tokens": 7, "total_tokens": 199, "token_count_source": "tokenizer", "diffusion_steps": null, "flops_estimate": null, "flops_arch": null, "flops_model_params": null, "flops_active_params": null, "tokens_non_final": 3, "tokens_reasoning": 0, "tokens_response": 3, "elapsed_seconds": 0.5678555965423584, "judgement": "Good approximation"}
{"id": "discounts_000423", "topic": "discounts", "subtopic": "threshold", "prompt": "Threshold coupon applies: $15 off $50+ spend. Cart: $37.39, $36.57. About how much do you pay?", "exact_value": 58.96, "model": "tiiuae/Falcon-H1-7B-Instruct", "provider": "transformers", "response": "Final answer: 60", "numeric_answer": 60.0, "relative_error": 0.017639077340569864, "thinking_text": null, "has_tool_call": false, "tool_call": null, "usage": {"prompt_tokens": 202, "completion_tokens": 7, "total_tokens": 209, "token_count_source": "tokenizer"}, "decoding": {"temperature": 0.2, "top_p": null, "top_k": null, "max_tokens": 256, "seed": 42}, "prompt_tokens": 202, "completion_tokens": 7, "total_tokens": 209, "token_count_source": "tokenizer", "diffusion_steps": null, "flops_estimate": null, "flops_arch": null, "flops_model_params": null, "flops_active_params": null, "tokens_non_final": 3, "tokens_reasoning": 0, "tokens_response": 3, "elapsed_seconds": 0.5472424030303955, "judgement": "Good approximation"}
{"id": "discounts_000443", "topic": "discounts", "subtopic": "threshold", "prompt": "Threshold coupon applies: $10 off $40+ spend. Cart: $11.05, $31.68, $27.63, $4.93, $26.15. About how much do you pay?", "exact_value": 91.44, "model": "tiiuae/Falcon-H1-7B-Instruct", "provider": "transformers", "response": "Final answer: 70", "numeric_answer": 70.0, "relative_error": 0.23447069116360453, "thinking_text": null, "has_tool_call": false, "tool_call": null, "usage": {"prompt_tokens": 225, "completion_tokens": 7, "total_tokens": 232, "token_count_source": "tokenizer"}, "decoding": {"temperature": 0.2, "top_p": null, "top_k": null, "max_tokens": 256, "seed": 42}, "prompt_tokens": 225, "completion_tokens": 7, "total_tokens": 232, "token_count_source": "tokenizer", "diffusion_steps": null, "flops_estimate": null, "flops_arch": null, "flops_model_params": null, "flops_active_params": null, "tokens_non_final": 3, "tokens_reasoning": 0, "tokens_response": 3, "elapsed_seconds": 0.5665891170501709, "judgement": "Mildly off"}
{"id": "discounts_000463", "topic": "discounts", "subtopic": "threshold", "prompt": "Threshold coupon applies: $5 off $30+ spend. Cart: $7.17, $14.56, $7.86, $33.78. About how much do you pay?", "exact_value": 58.37, "model": "tiiuae/Falcon-H1-7B-Instruct", "provider": "transformers", "response": "Final answer: 50", "numeric_answer": 50.0, "relative_error": 0.14339557992119237, "thinking_text": null, "has_tool_call": false, "tool_call": null, "usage": {"prompt_tokens": 215, "completion_tokens": 7, "total_tokens": 222, "token_count_source": "tokenizer"}, "decoding": {"temperature": 0.2, "top_p": null, "top_k": null, "max_tokens": 256, "seed": 42}, "prompt_tokens": 215, "completion_tokens": 7, "total_tokens": 222, "token_count_source": "tokenizer", "diffusion_steps": null, "flops_estimate": null, "flops_arch": null, "flops_model_params": null, "flops_active_params": null, "tokens_non_final": 3, "tokens_reasoning": 0, "tokens_response": 3, "elapsed_seconds": 0.5791261196136475, "judgement": "Good approximation"}
{"id": "discounts_000483", "topic": "discounts", "subtopic": "buy_n_get_m", "prompt": "Buy 3 get 3 free on items priced $2.85 each. You take 7 total. About how much do you pay?", "exact_value": 11.4, "model": "tiiuae/Falcon-H1-7B-Instruct", "provider": "transformers", "response": "Final answer: 8.55", "numeric_answer": 8.55, "relative_error": 0.24999999999999997, "thinking_text": null, "has_tool_call": false, "tool_call": null, "usage": {"prompt_tokens": 192, "completion_tokens": 9, "total_tokens": 201, "token_count_source": "tokenizer"}, "decoding": {"temperature": 0.2, "top_p": null, "top_k": null, "max_tokens": 256, "seed": 42}, "prompt_tokens": 192, "completion_tokens": 9, "total_tokens": 201, "token_count_source": "tokenizer", "diffusion_steps": null, "flops_estimate": null, "flops_arch": null, "flops_model_params": null, "flops_active_params": null, "tokens_non_final": 3, "tokens_reasoning": 0, "tokens_response": 3, "elapsed_seconds": 0.7261550426483154, "judgement": "Mildly off"}
{"id": "discounts_000503", "topic": "discounts", "subtopic": "stacked", "prompt": "Stacked deal: 20% off, then $5 coupon if you spend $30 or more. Cart: $29.58, $10.92, $29.18, $33.24, $8.11, $38.19. About how much do you pay?", "exact_value": 114.38, "model": "tiiuae/Falcon-H1-7B-Instruct", "provider": "transformers", "response": "Final answer: 75", "numeric_answer": 75.0, "relative_error": 0.3442909599580346, "thinking_text": null, "has_tool_call": false, "tool_call": null, "usage": {"prompt_tokens": 242, "completion_tokens": 7, "total_tokens": 249, "token_count_source": "tokenizer"}, "decoding": {"temperature": 0.2, "top_p": null, "top_k": null, "max_tokens": 256, "seed": 42}, "prompt_tokens": 242, "completion_tokens": 7, "total_tokens": 249, "token_count_source": "tokenizer", "diffusion_steps": null, "flops_estimate": null, "flops_arch": null, "flops_model_params": null, "flops_active_params": null, "tokens_non_final": 3, "tokens_reasoning": 0, "tokens_response": 3, "elapsed_seconds": 0.5643696784973145, "judgement": "Mildly off"}
{"id": "discounts_000523", "topic": "discounts", "subtopic": "bogo", "prompt": "BOGO sale (buy one, get one free; free item is the cheaper one in each pair). Items: $21.23, $17.95, $15.39, $10.11, $8.23, $4.52. About how much do you pay?", "exact_value": 44.85, "model": "tiiuae/Falcon-H1-7B-Instruct", "provider": "transformers", "response": "Final answer: 50", "numeric_answer": 50.0, "relative_error": 0.11482720178372349, "thinking_text": null, "has_tool_call": false, "tool_call": null, "usage": {"prompt_tokens": 238, "completion_tokens": 7, "total_tokens": 245, "token_count_source": "tokenizer"}, "decoding": {"temperature": 0.2, "top_p": null, "top_k": null, "max_tokens": 256, "seed": 42}, "prompt_tokens": 238, "completion_tokens": 7, "total_tokens": 245, "token_count_source": "tokenizer", "diffusion_steps": null, "flops_estimate": null, "flops_arch": null, "flops_model_params": null, "flops_active_params": null, "tokens_non_final": 3, "tokens_reasoning": 0, "tokens_response": 3, "elapsed_seconds": 0.5543966293334961, "judgement": "Good approximation"}
{"id": "discounts_000543", "topic": "discounts", "subtopic": "percent", "prompt": "Cart: $30.85, $43.81, $8.07. A 20% discount applies to everything. About how much do you pay?", "exact_value": 66.18, "model": "tiiuae/Falcon-H1-7B-Instruct", "provider": "transformers", "response": "Final answer: 55", "numeric_answer": 55.0, "relative_error": 0.1689332124508916, "thinking_text": null, "has_tool_call": false, "tool_call": null, "usage": {"prompt_tokens": 203, "completion_tokens": 7, "total_tokens": 210, "token_count_source": "tokenizer"}, "decoding": {"temperature": 0.2, "top_p": null, "top_k": null, "max_tokens": 256, "seed": 42}, "prompt_tokens": 203, "completion_tokens": 7, "total_tokens": 210, "token_count_source": "tokenizer", "diffusion_steps": null, "flops_estimate": null, "flops_arch": null, "flops_model_params": null, "flops_active_params": null, "tokens_non_final": 3, "tokens_reasoning": 0, "tokens_response": 3, "elapsed_seconds": 0.5503778457641602, "judgement": "Good approximation"}
{"id": "discounts_000563", "topic": "discounts", "subtopic": "threshold", "prompt": "Threshold coupon applies: $5 off $30+ spend. Cart: $4.94, $20.81, $22.55. About how much do you pay?", "exact_value": 43.3, "model": "tiiuae/Falcon-H1-7B-Instruct", "provider": "transformers", "response": "Final answer: 45", "numeric_answer": 45.0, "relative_error": 0.03926096997690538, "thinking_text": null, "has_tool_call": false, "tool_call": null, "usage": {"prompt_tokens": 208, "completion_tokens": 7, "total_tokens": 215, "token_count_source": "tokenizer"}, "decoding": {"temperature": 0.2, "top_p": null, "top_k": null, "max_tokens": 256, "seed": 42}, "prompt_tokens": 208, "completion_tokens": 7, "total_tokens": 215, "token_count_source": "tokenizer", "diffusion_steps": null, "flops_estimate": null, "flops_arch": null, "flops_model_params": null, "flops_active_params": null, "tokens_non_final": 3, "tokens_reasoning": 0, "tokens_response": 3, "elapsed_seconds": 0.5580253601074219, "judgement": "Good approximation"}
{"id": "discounts_000583", "topic": "discounts", "subtopic": "buy_n_get_m", "prompt": "Buy 5 get 3 free on items priced $4.97 each. You take 16 total. About how much do you pay?", "exact_value": 49.7, "model": "tiiuae/Falcon-H1-7B-Instruct", "provider": "transformers", "response": "Final answer: 35", "numeric_answer": 35.0, "relative_error": 0.295774647887324, "thinking_text": null, "has_tool_call": false, "tool_call": null, "usage": {"prompt_tokens": 193, "completion_tokens": 7, "total_tokens": 200, "token_count_source": "tokenizer"}, "decoding": {"temperature": 0.2, "top_p": null, "top_k": null, "max_tokens": 256, "seed": 42}, "prompt_tokens": 193, "completion_tokens": 7, "total_tokens": 200, "token_count_source": "tokenizer", "diffusion_steps": null, "flops_estimate": null, "flops_arch": null, "flops_model_params": null, "flops_active_params": null, "tokens_non_final": 3, "tokens_reasoning": 0, "tokens_response": 3, "elapsed_seconds": 0.5606825351715088, "judgement": "Mildly off"}
{"id": "discounts_000603", "topic": "discounts", "subtopic": "bogo", "prompt": "BOGO sale (buy one, get one free; free item is the cheaper one in each pair). Items: $18.16, $13.58, $11.14, $8.88, $4.45. About how much do you pay?", "exact_value": 33.75, "model": "tiiuae/Falcon-H1-7B-Instruct", "provider": "transformers", "response": "Final answer: 35", "numeric_answer": 35.0, "relative_error": 0.037037037037037035, "thinking_text": null, "has_tool_call": false, "tool_call": null, "usage": {"prompt_tokens": 230, "completion_tokens": 7, "total_tokens": 237, "token_count_source": "tokenizer"}, "decoding": {"temperature": 0.2, "top_p": null, "top_k": null, "max_tokens": 256, "seed": 42}, "prompt_tokens": 230, "completion_tokens": 7, "total_tokens": 237, "token_count_source": "tokenizer", "diffusion_steps": null, "flops_estimate": null, "flops_arch": null, "flops_model_params": null, "flops_active_params": null, "tokens_non_final": 3, "tokens_reasoning": 0, "tokens_response": 3, "elapsed_seconds": 0.5830051898956299, "judgement": "Good approximation"}
{"id": "discounts_000623", "topic": "discounts", "subtopic": "bogo", "prompt": "BOGO sale (buy one, get one free; free item is the cheaper one in each pair). Items: $21.85, $18.63, $17.86, $11.60, $9.53. About how much do you pay?", "exact_value": 49.24, "model": "tiiuae/Falcon-H1-7B-Instruct", "provider": "transformers", "response": "Final answer: 50", "numeric_answer": 50.0, "relative_error": 0.015434606011372826, "thinking_text": null, "has_tool_call": false, "tool_call": null, "usage": {"prompt_tokens": 231, "completion_tokens": 7, "total_tokens": 238, "token_count_source": "tokenizer"}, "decoding": {"temperature": 0.2, "top_p": null, "top_k": null, "max_tokens": 256, "seed": 42}, "prompt_tokens": 231, "completion_tokens": 7, "total_tokens": 238, "token_count_source": "tokenizer", "diffusion_steps": null, "flops_estimate": null, "flops_arch": null, "flops_model_params": null, "flops_active_params": null, "tokens_non_final": 3, "tokens_reasoning": 0, "tokens_response": 3, "elapsed_seconds": 0.5783300399780273, "judgement": "Good approximation"}
{"id": "discounts_000643", "topic": "discounts", "subtopic": "buy_n_get_m", "prompt": "Buy 5 get 1 free on items priced $4.62 each. You take 12 total. About how much do you pay?", "exact_value": 46.2, "model": "tiiuae/Falcon-H1-7B-Instruct", "provider": "transformers", "response": "Final answer: 42", "numeric_answer": 42.0, "relative_error": 0.09090909090909097, "thinking_text": null, "has_tool_call": false, "tool_call": null, "usage": {"prompt_tokens": 193, "completion_tokens": 7, "total_tokens": 200, "token_count_source": "tokenizer"}, "decoding": {"temperature": 0.2, "top_p": null, "top_k": null, "max_tokens": 256, "seed": 42}, "prompt_tokens": 193, "completion_tokens": 7, "total_tokens": 200, "token_count_source": "tokenizer", "diffusion_steps": null, "flops_estimate": null, "flops_arch": null, "flops_model_params": null, "flops_active_params": null, "tokens_non_final": 3, "tokens_reasoning": 0, "tokens_response": 3, "elapsed_seconds": 0.5487995147705078, "judgement": "Good approximation"}
{"id": "discounts_000663", "topic": "discounts", "subtopic": "stacked", "prompt": "Stacked deal: 15% off, then $5 coupon if you spend $50 or more. Cart: $16.58, $23.77, $10.19. About how much do you pay?", "exact_value": 42.96, "model": "tiiuae/Falcon-H1-7B-Instruct", "provider": "transformers", "response": "Final answer: 30", "numeric_answer": 30.0, "relative_error": 0.3016759776536313, "thinking_text": null, "has_tool_call": false, "tool_call": null, "usage": {"prompt_tokens": 219, "completion_tokens": 7, "total_tokens": 226, "token_count_source": "tokenizer"}, "decoding": {"temperature": 0.2, "top_p": null, "top_k": null, "max_tokens": 256, "seed": 42}, "prompt_tokens": 219, "completion_tokens": 7, "total_tokens": 226, "token_count_source": "tokenizer", "diffusion_steps": null, "flops_estimate": null, "flops_arch": null, "flops_model_params": null, "flops_active_params": null, "tokens_non_final": 3, "tokens_reasoning": 0, "tokens_response": 3, "elapsed_seconds": 0.5716891288757324, "judgement": "Mildly off"}
{"id": "discounts_000683", "topic": "discounts", "subtopic": "percent", "prompt": "Cart: $27.44, $47.42, $41.38, $11.58, $35.37. A 25% discount applies to everything. About how much do you pay?", "exact_value": 122.39, "model": "tiiuae/Falcon-H1-7B-Instruct", "provider": "transformers", "response": "Final answer: 90", "numeric_answer": 90.0, "relative_error": 0.26464580439578395, "thinking_text": null, "has_tool_call": false, "tool_call": null, "usage": {"prompt_tokens": 220, "completion_tokens": 7, "total_tokens": 227, "token_count_source": "tokenizer"}, "decoding": {"temperature": 0.2, "top_p": null, "top_k": null, "max_tokens": 256, "seed": 42}, "prompt_tokens": 220, "completion_tokens": 7, "total_tokens": 227, "token_count_source": "tokenizer", "diffusion_steps": null, "flops_estimate": null, "flops_arch": null, "flops_model_params": null, "flops_active_params": null, "tokens_non_final": 3, "tokens_reasoning": 0, "tokens_response": 3, "elapsed_seconds": 0.5558528900146484, "judgement": "Mildly off"}
{"id": "discounts_000703", "topic": "discounts", "subtopic": "percent", "prompt": "Cart: $19.91, $32.12, $19.55, $20.11, $21.65. A 15% discount applies to everything. About how much do you pay?", "exact_value": 96.34, "model": "tiiuae/Falcon-H1-7B-Instruct", "provider": "transformers", "response": "Final answer: 77", "numeric_answer": 77.0, "relative_error": 0.2007473531243513, "thinking_text": null, "has_tool_call": false, "tool_call": null, "usage": {"prompt_tokens": 220, "completion_tokens": 7, "total_tokens": 227, "token_count_source": "tokenizer"}, "decoding": {"temperature": 0.2, "top_p": null, "top_k": null, "max_tokens": 256, "seed": 42}, "prompt_tokens": 220, "completion_tokens": 7, "total_tokens": 227, "token_count_source": "tokenizer", "diffusion_steps": null, "flops_estimate": null, "flops_arch": null, "flops_model_params": null, "flops_active_params": null, "tokens_non_final": 3, "tokens_reasoning": 0, "tokens_response": 3, "elapsed_seconds": 0.5584988594055176, "judgement": "Mildly off"}
{"id": "discounts_000723", "topic": "discounts", "subtopic": "percent", "prompt": "Cart: $48.29, $29.75, $30.14, $33.26, $21.69. A 25% discount applies to everything. About how much do you pay?", "exact_value": 122.35, "model": "tiiuae/Falcon-H1-7B-Instruct", "provider": "transformers", "response": "Final answer: 100", "numeric_answer": 100.0, "relative_error": 0.18267266040049035, "thinking_text": null, "has_tool_call": false, "tool_call": null, "usage": {"prompt_tokens": 220, "completion_tokens": 8, "total_tokens": 228, "token_count_source": "tokenizer"}, "decoding": {"temperature": 0.2, "top_p": null, "top_k": null, "max_tokens": 256, "seed": 42}, "prompt_tokens": 220, "completion_tokens": 8, "total_tokens": 228, "token_count_source": "tokenizer", "diffusion_steps": null, "flops_estimate": null, "flops_arch": null, "flops_model_params": null, "flops_active_params": null, "tokens_non_final": 3, "tokens_reasoning": 0, "tokens_response": 3, "elapsed_seconds": 0.6516714096069336, "judgement": "Good approximation"}
{"id": "discounts_000743", "topic": "discounts", "subtopic": "bogo", "prompt": "BOGO sale (buy one, get one free; free item is the cheaper one in each pair). Items: $22.88, $9.78. About how much do you pay?", "exact_value": 22.88, "model": "tiiuae/Falcon-H1-7B-Instruct", "provider": "transformers", "response": "Final answer: 23", "numeric_answer": 23.0, "relative_error": 0.005244755244755288, "thinking_text": null, "has_tool_call": false, "tool_call": null, "usage": {"prompt_tokens": 207, "completion_tokens": 7, "total_tokens": 214, "token_count_source": "tokenizer"}, "decoding": {"temperature": 0.2, "top_p": null, "top_k": null, "max_tokens": 256, "seed": 42}, "prompt_tokens": 207, "completion_tokens": 7, "total_tokens": 214, "token_count_source": "tokenizer", "diffusion_steps": null, "flops_estimate": null, "flops_arch": null, "flops_model_params": null, "flops_active_params": null, "tokens_non_final": 3, "tokens_reasoning": 0, "tokens_response": 3, "elapsed_seconds": 0.5670905113220215, "judgement": "Good approximation"}
{"id": "discounts_000763", "topic": "discounts", "subtopic": "bogo", "prompt": "BOGO sale (buy one, get one free; free item is the cheaper one in each pair). Items: $11.36, $1.82. About how much do you pay?", "exact_value": 11.36, "model": "tiiuae/Falcon-H1-7B-Instruct", "provider": "transformers", "response": "Final answer: 11", "numeric_answer": 11.0, "relative_error": 0.03169014084507037, "thinking_text": null, "has_tool_call": false, "tool_call": null, "usage": {"prompt_tokens": 207, "completion_tokens": 7, "total_tokens": 214, "token_count_source": "tokenizer"}, "decoding": {"temperature": 0.2, "top_p": null, "top_k": null, "max_tokens": 256, "seed": 42}, "prompt_tokens": 207, "completion_tokens": 7, "total_tokens": 214, "token_count_source": "tokenizer", "diffusion_steps": null, "flops_estimate": null, "flops_arch": null, "flops_model_params": null, "flops_active_params": null, "tokens_non_final": 3, "tokens_reasoning": 0, "tokens_response": 3, "elapsed_seconds": 0.5467634201049805, "judgement": "Good approximation"}
{"id": "discounts_000783", "topic": "discounts", "subtopic": "stacked", "prompt": "Stacked deal: 15% off, then $10 coupon if you spend $30 or more. Cart: $37.23, $37.65, $36.92, $14.32, $6.23. About how much do you pay?", "exact_value": 102.5, "model": "tiiuae/Falcon-H1-7B-Instruct", "provider": "transformers", "response": "Final answer: 70", "numeric_answer": 70.0, "relative_error": 0.3170731707317073, "thinking_text": null, "has_tool_call": false, "tool_call": null, "usage": {"prompt_tokens": 235, "completion_tokens": 7, "total_tokens": 242, "token_count_source": "tokenizer"}, "decoding": {"temperature": 0.2, "top_p": null, "top_k": null, "max_tokens": 256, "seed": 42}, "prompt_tokens": 235, "completion_tokens": 7, "total_tokens": 242, "token_count_source": "tokenizer", "diffusion_steps": null, "flops_estimate": null, "flops_arch": null, "flops_model_params": null, "flops_active_params": null, "tokens_non_final": 3, "tokens_reasoning": 0, "tokens_response": 3, "elapsed_seconds": 0.5595855712890625, "judgement": "Mildly off"}
{"id": "discounts_000803", "topic": "discounts", "subtopic": "bogo", "prompt": "BOGO sale (buy one, get one free; free item is the cheaper one in each pair). Items: $23.07, $19.42, $17.76, $16.24, $13.92, $4.39. About how much do you pay?", "exact_value": 54.75, "model": "tiiuae/Falcon-H1-7B-Instruct", "provider": "transformers", "response": "Final answer: 60", "numeric_answer": 60.0, "relative_error": 0.0958904109589041, "thinking_text": null, "has_tool_call": false, "tool_call": null, "usage": {"prompt_tokens": 239, "completion_tokens": 7, "total_tokens": 246, "token_count_source": "tokenizer"}, "decoding": {"temperature": 0.2, "top_p": null, "top_k": null, "max_tokens": 256, "seed": 42}, "prompt_tokens": 239, "completion_tokens": 7, "total_tokens": 246, "token_count_source": "tokenizer", "diffusion_steps": null, "flops_estimate": null, "flops_arch": null, "flops_model_params": null, "flops_active_params": null, "tokens_non_final": 3, "tokens_reasoning": 0, "tokens_response": 3, "elapsed_seconds": 0.5480484962463379, "judgement": "Good approximation"}
{"id": "discounts_000823", "topic": "discounts", "subtopic": "stacked", "prompt": "Stacked deal: 20% off, then $10 coupon if you spend $30 or more. Cart: $8.48, $35.86, $5.64, $31.66, $9.45. About how much do you pay?", "exact_value": 62.87, "model": "tiiuae/Falcon-H1-7B-Instruct", "provider": "transformers", "response": "Final answer: 60", "numeric_answer": 60.0, "relative_error": 0.045649753459519604, "thinking_text": null, "has_tool_call": false, "tool_call": null, "usage": {"prompt_tokens": 233, "completion_tokens": 7, "total_tokens": 240, "token_count_source": "tokenizer"}, "decoding": {"temperature": 0.2, "top_p": null, "top_k": null, "max_tokens": 256, "seed": 42}, "prompt_tokens": 233, "completion_tokens": 7, "total_tokens": 240, "token_count_source": "tokenizer", "diffusion_steps": null, "flops_estimate": null, "flops_arch": null, "flops_model_params": null, "flops_active_params": null, "tokens_non_final": 3, "tokens_reasoning": 0, "tokens_response": 3, "elapsed_seconds": 0.5523967742919922, "judgement": "Good approximation"}
{"id": "discounts_000843", "topic": "discounts", "subtopic": "buy_n_get_m", "prompt": "Buy 4 get 2 free on items priced $5.03 each. You take 9 total. About how much do you pay?", "exact_value": 35.21, "model": "tiiuae/Falcon-H1-7B-Instruct", "provider": "transformers", "response": "Final answer: 45", "numeric_answer": 45.0, "relative_error": 0.27804600965634757, "thinking_text": null, "has_tool_call": false, "tool_call": null, "usage": {"prompt_tokens": 192, "completion_tokens": 7, "total_tokens": 199, "token_count_source": "tokenizer"}, "decoding": {"temperature": 0.2, "top_p": null, "top_k": null, "max_tokens": 256, "seed": 42}, "prompt_tokens": 192, "completion_tokens": 7, "total_tokens": 199, "token_count_source": "tokenizer", "diffusion_steps": null, "flops_estimate": null, "flops_arch": null, "flops_model_params": null, "flops_active_params": null, "tokens_non_final": 3, "tokens_reasoning": 0, "tokens_response": 3, "elapsed_seconds": 0.5486695766448975, "judgement": "Mildly off"}
{"id": "discounts_000863", "topic": "discounts", "subtopic": "threshold", "prompt": "Threshold coupon applies: $10 off $25+ spend. Cart: $34.92, $8.51, $12.79. About how much do you pay?", "exact_value": 46.22, "model": "tiiuae/Falcon-H1-7B-Instruct", "provider": "transformers", "response": "Final answer: 35", "numeric_answer": 35.0, "relative_error": 0.2427520553872782, "thinking_text": null, "has_tool_call": false, "tool_call": null, "usage": {"prompt_tokens": 209, "completion_tokens": 7, "total_tokens": 216, "token_count_source": "tokenizer"}, "decoding": {"temperature": 0.2, "top_p": null, "top_k": null, "max_tokens": 256, "seed": 42}, "prompt_tokens": 209, "completion_tokens": 7, "total_tokens": 216, "token_count_source": "tokenizer", "diffusion_steps": null, "flops_estimate": null, "flops_arch": null, "flops_model_params": null, "flops_active_params": null, "tokens_non_final": 3, "tokens_reasoning": 0, "tokens_response": 3, "elapsed_seconds": 0.566770076751709, "judgement": "Mildly off"}
{"id": "discounts_000883", "topic": "discounts", "subtopic": "percent", "prompt": "Cart: $39.81, $20.15, $41.33, $23.55, $23.05. A 25% discount applies to everything. About how much do you pay?", "exact_value": 110.92, "model": "tiiuae/Falcon-H1-7B-Instruct", "provider": "transformers", "response": "Final answer: 75", "numeric_answer": 75.0, "relative_error": 0.32383699963937973, "thinking_text": null, "has_tool_call": false, "tool_call": null, "usage": {"prompt_tokens": 220, "completion_tokens": 7, "total_tokens": 227, "token_count_source": "tokenizer"}, "decoding": {"temperature": 0.2, "top_p": null, "top_k": null, "max_tokens": 256, "seed": 42}, "prompt_tokens": 220, "completion_tokens": 7, "total_tokens": 227, "token_count_source": "tokenizer", "diffusion_steps": null, "flops_estimate": null, "flops_arch": null, "flops_model_params": null, "flops_active_params": null, "tokens_non_final": 3, "tokens_reasoning": 0, "tokens_response": 3, "elapsed_seconds": 0.5628507137298584, "judgement": "Mildly off"}
{"id": "discounts_000903", "topic": "discounts", "subtopic": "percent", "prompt": "Cart: $12.50, $16.62, $17.19. A 10% discount applies to everything. About how much do you pay?", "exact_value": 41.68, "model": "tiiuae/Falcon-H1-7B-Instruct", "provider": "transformers", "response": "Final answer: 40", "numeric_answer": 40.0, "relative_error": 0.04030710172744721, "thinking_text": null, "has_tool_call": false, "tool_call": null, "usage": {"prompt_tokens": 204, "completion_tokens": 7, "total_tokens": 211, "token_count_source": "tokenizer"}, "decoding": {"temperature": 0.2, "top_p": null, "top_k": null, "max_tokens": 256, "seed": 42}, "prompt_tokens": 204, "completion_tokens": 7, "total_tokens": 211, "token_count_source": "tokenizer", "diffusion_steps": null, "flops_estimate": null, "flops_arch": null, "flops_model_params": null, "flops_active_params": null, "tokens_non_final": 3, "tokens_reasoning": 0, "tokens_response": 3, "elapsed_seconds": 0.5603299140930176, "judgement": "Good approximation"}
{"id": "discounts_000923", "topic": "discounts", "subtopic": "bogo", "prompt": "BOGO sale (buy one, get one free; free item is the cheaper one in each pair). Items: $10.61, $2.49. About how much do you pay?", "exact_value": 10.61, "model": "tiiuae/Falcon-H1-7B-Instruct", "provider": "transformers", "response": "Final answer: 10", "numeric_answer": 10.0, "relative_error": 0.057492931196983926, "thinking_text": null, "has_tool_call": false, "tool_call": null, "usage": {"prompt_tokens": 207, "completion_tokens": 7, "total_tokens": 214, "token_count_source": "tokenizer"}, "decoding": {"temperature": 0.2, "top_p": null, "top_k": null, "max_tokens": 256, "seed": 42}, "prompt_tokens": 207, "completion_tokens": 7, "total_tokens": 214, "token_count_source": "tokenizer", "diffusion_steps": null, "flops_estimate": null, "flops_arch": null, "flops_model_params": null, "flops_active_params": null, "tokens_non_final": 3, "tokens_reasoning": 0, "tokens_response": 3, "elapsed_seconds": 0.5478382110595703, "judgement": "Good approximation"}
{"id": "discounts_000943", "topic": "discounts", "subtopic": "stacked", "prompt": "Stacked deal: 20% off, then $5 coupon if you spend $50 or more. Cart: $22.54, $15.03, $37.69. About how much do you pay?", "exact_value": 55.21, "model": "tiiuae/Falcon-H1-7B-Instruct", "provider": "transformers", "response": "Final answer: 55", "numeric_answer": 55.0, "relative_error": 0.003803658757471488, "thinking_text": null, "has_tool_call": false, "tool_call": null, "usage": {"prompt_tokens": 219, "completion_tokens": 7, "total_tokens": 226, "token_count_source": "tokenizer"}, "decoding": {"temperature": 0.2, "top_p": null, "top_k": null, "max_tokens": 256, "seed": 42}, "prompt_tokens": 219, "completion_tokens": 7, "total_tokens": 226, "token_count_source": "tokenizer", "diffusion_steps": null, "flops_estimate": null, "flops_arch": null, "flops_model_params": null, "flops_active_params": null, "tokens_non_final": 3, "tokens_reasoning": 0, "tokens_response": 3, "elapsed_seconds": 0.5661904811859131, "judgement": "Good approximation"}
{"id": "discounts_000963", "topic": "discounts", "subtopic": "bogo", "prompt": "BOGO sale (buy one, get one free; free item is the cheaper one in each pair). Items: $23.00, $20.02, $17.46, $6.49, $2.60. About how much do you pay?", "exact_value": 43.06, "model": "tiiuae/Falcon-H1-7B-Instruct", "provider": "transformers", "response": "Final answer: 45", "numeric_answer": 45.0, "relative_error": 0.04505341384115183, "thinking_text": null, "has_tool_call": false, "tool_call": null, "usage": {"prompt_tokens": 230, "completion_tokens": 7, "total_tokens": 237, "token_count_source": "tokenizer"}, "decoding": {"temperature": 0.2, "top_p": null, "top_k": null, "max_tokens": 256, "seed": 42}, "prompt_tokens": 230, "completion_tokens": 7, "total_tokens": 237, "token_count_source": "tokenizer", "diffusion_steps": null, "flops_estimate": null, "flops_arch": null, "flops_model_params": null, "flops_active_params": null, "tokens_non_final": 3, "tokens_reasoning": 0, "tokens_response": 3, "elapsed_seconds": 0.5590600967407227, "judgement": "Good approximation"}
{"id": "discounts_000983", "topic": "discounts", "subtopic": "bogo", "prompt": "BOGO sale (buy one, get one free; free item is the cheaper one in each pair). Items: $17.50, $15.22, $8.66. About how much do you pay?", "exact_value": 26.16, "model": "tiiuae/Falcon-H1-7B-Instruct", "provider": "transformers", "response": "Final answer: 25", "numeric_answer": 25.0, "relative_error": 0.044342507645259946, "thinking_text": null, "has_tool_call": false, "tool_call": null, "usage": {"prompt_tokens": 215, "completion_tokens": 7, "total_tokens": 222, "token_count_source": "tokenizer"}, "decoding": {"temperature": 0.2, "top_p": null, "top_k": null, "max_tokens": 256, "seed": 42}, "prompt_tokens": 215, "completion_tokens": 7, "total_tokens": 222, "token_count_source": "tokenizer", "diffusion_steps": null, "flops_estimate": null, "flops_arch": null, "flops_model_params": null, "flops_active_params": null, "tokens_non_final": 3, "tokens_reasoning": 0, "tokens_response": 3, "elapsed_seconds": 0.563997745513916, "judgement": "Good approximation"}
{"id": "discounts_001003", "topic": "discounts", "subtopic": "bogo", "prompt": "BOGO sale (buy one, get one free; free item is the cheaper one in each pair). Items: $22.78, $21.06, $17.56, $9.49, $3.73, $1.89. About how much do you pay?", "exact_value": 44.07, "model": "tiiuae/Falcon-H1-7B-Instruct", "provider": "transformers", "response": "Final answer: 50", "numeric_answer": 50.0, "relative_error": 0.1345586566825505, "thinking_text": null, "has_tool_call": false, "tool_call": null, "usage": {"prompt_tokens": 237, "completion_tokens": 7, "total_tokens": 244, "token_count_source": "tokenizer"}, "decoding": {"temperature": 0.2, "top_p": null, "top_k": null, "max_tokens": 256, "seed": 42}, "prompt_tokens": 237, "completion_tokens": 7, "total_tokens": 244, "token_count_source": "tokenizer", "diffusion_steps": null, "flops_estimate": null, "flops_arch": null, "flops_model_params": null, "flops_active_params": null, "tokens_non_final": 3, "tokens_reasoning": 0, "tokens_response": 3, "elapsed_seconds": 0.5548181533813477, "judgement": "Good approximation"}
{"id": "discounts_001023", "topic": "discounts", "subtopic": "buy_n_get_m", "prompt": "Buy 4 get 1 free on items priced $2.87 each. You take 8 total. About how much do you pay?", "exact_value": 20.09, "model": "tiiuae/Falcon-H1-7B-Instruct", "provider": "transformers", "response": "Final answer: 14", "numeric_answer": 14.0, "relative_error": 0.30313588850174217, "thinking_text": null, "has_tool_call": false, "tool_call": null, "usage": {"prompt_tokens": 192, "completion_tokens": 7, "total_tokens": 199, "token_count_source": "tokenizer"}, "decoding": {"temperature": 0.2, "top_p": null, "top_k": null, "max_tokens": 256, "seed": 42}, "prompt_tokens": 192, "completion_tokens": 7, "total_tokens": 199, "token_count_source": "tokenizer", "diffusion_steps": null, "flops_estimate": null, "flops_arch": null, "flops_model_params": null, "flops_active_params": null, "tokens_non_final": 3, "tokens_reasoning": 0, "tokens_response": 3, "elapsed_seconds": 0.5645315647125244, "judgement": "Mildly off"}
{"id": "discounts_001043", "topic": "discounts", "subtopic": "threshold", "prompt": "Threshold coupon applies: $5 off $25+ spend. Cart: $35.97, $4.76, $38.83, $33.01. About how much do you pay?", "exact_value": 107.57, "model": "tiiuae/Falcon-H1-7B-Instruct", "provider": "transformers", "response": "Final answer: 75", "numeric_answer": 75.0, "relative_error": 0.30277958538626004, "thinking_text": null, "has_tool_call": false, "tool_call": null, "usage": {"prompt_tokens": 216, "completion_tokens": 7, "total_tokens": 223, "token_count_source": "tokenizer"}, "decoding": {"temperature": 0.2, "top_p": null, "top_k": null, "max_tokens": 256, "seed": 42}, "prompt_tokens": 216, "completion_tokens": 7, "total_tokens": 223, "token_count_source": "tokenizer", "diffusion_steps": null, "flops_estimate": null, "flops_arch": null, "flops_model_params": null, "flops_active_params": null, "tokens_non_final": 3, "tokens_reasoning": 0, "tokens_response": 3, "elapsed_seconds": 0.561722993850708, "judgement": "Mildly off"}
{"id": "discounts_001063", "topic": "discounts", "subtopic": "stacked", "prompt": "Stacked deal: 10% off, then $5 coupon if you spend $30 or more. Cart: $3.36, $20.19, $25.37. About how much do you pay?", "exact_value": 39.03, "model": "tiiuae/Falcon-H1-7B-Instruct", "provider": "transformers", "response": "Final answer: 33", "numeric_answer": 33.0, "relative_error": 0.1544965411222137, "thinking_text": null, "has_tool_call": false, "tool_call": null, "usage": {"prompt_tokens": 218, "completion_tokens": 7, "total_tokens": 225, "token_count_source": "tokenizer"}, "decoding": {"temperature": 0.2, "top_p": null, "top_k": null, "max_tokens": 256, "seed": 42}, "prompt_tokens": 218, "completion_tokens": 7, "total_tokens": 225, "token_count_source": "tokenizer", "diffusion_steps": null, "flops_estimate": null, "flops_arch": null, "flops_model_params": null, "flops_active_params": null, "tokens_non_final": 3, "tokens_reasoning": 0, "tokens_response": 3, "elapsed_seconds": 0.5724654197692871, "judgement": "Good approximation"}
{"id": "discounts_001083", "topic": "discounts", "subtopic": "stacked", "prompt": "Stacked deal: 10% off, then $10 coupon if you spend $40 or more. Cart: $21.15, $25.92, $23.98. About how much do you pay?", "exact_value": 53.95, "model": "tiiuae/Falcon-H1-7B-Instruct", "provider": "transformers", "response": "Final answer: 45", "numeric_answer": 45.0, "relative_error": 0.16589434661723823, "thinking_text": null, "has_tool_call": false, "tool_call": null, "usage": {"prompt_tokens": 220, "completion_tokens": 7, "total_tokens": 227, "token_count_source": "tokenizer"}, "decoding": {"temperature": 0.2, "top_p": null, "top_k": null, "max_tokens": 256, "seed": 42}, "prompt_tokens": 220, "completion_tokens": 7, "total_tokens": 227, "token_count_source": "tokenizer", "diffusion_steps": null, "flops_estimate": null, "flops_arch": null, "flops_model_params": null, "flops_active_params": null, "tokens_non_final": 3, "tokens_reasoning": 0, "tokens_response": 3, "elapsed_seconds": 0.5471920967102051, "judgement": "Good approximation"}
{"id": "discounts_001103", "topic": "discounts", "subtopic": "threshold", "prompt": "Threshold coupon applies: $10 off $40+ spend. Cart: $20.06, $17.49. About how much do you pay?", "exact_value": 37.55, "model": "tiiuae/Falcon-H1-7B-Instruct", "provider": "transformers", "response": "Final answer: 35", "numeric_answer": 35.0, "relative_error": 0.0679094540612516, "thinking_text": null, "has_tool_call": false, "tool_call": null, "usage": {"prompt_tokens": 202, "completion_tokens": 7, "total_tokens": 209, "token_count_source": "tokenizer"}, "decoding": {"temperature": 0.2, "top_p": null, "top_k": null, "max_tokens": 256, "seed": 42}, "prompt_tokens": 202, "completion_tokens": 7, "total_tokens": 209, "token_count_source": "tokenizer", "diffusion_steps": null, "flops_estimate": null, "flops_arch": null, "flops_model_params": null, "flops_active_params": null, "tokens_non_final": 3, "tokens_reasoning": 0, "tokens_response": 3, "elapsed_seconds": 0.5730617046356201, "judgement": "Good approximation"}
{"id": "discounts_001123", "topic": "discounts", "subtopic": "threshold", "prompt": "Threshold coupon applies: $15 off $50+ spend. Cart: $18.18, $39.52, $22.33. About how much do you pay?", "exact_value": 65.03, "model": "tiiuae/Falcon-H1-7B-Instruct", "provider": "transformers", "response": "Final answer: 70", "numeric_answer": 70.0, "relative_error": 0.07642626480086112, "thinking_text": null, "has_tool_call": false, "tool_call": null, "usage": {"prompt_tokens": 210, "completion_tokens": 7, "total_tokens": 217, "token_count_source": "tokenizer"}, "decoding": {"temperature": 0.2, "top_p": null, "top_k": null, "max_tokens": 256, "seed": 42}, "prompt_tokens": 210, "completion_tokens": 7, "total_tokens": 217, "token_count_source": "tokenizer", "diffusion_steps": null, "flops_estimate": null, "flops_arch": null, "flops_model_params": null, "flops_active_params": null, "tokens_non_final": 3, "tokens_reasoning": 0, "tokens_response": 3, "elapsed_seconds": 0.5471396446228027, "judgement": "Good approximation"}
{"id": "discounts_001143", "topic": "discounts", "subtopic": "threshold", "prompt": "Threshold coupon applies: $5 off $25+ spend. Cart: $6.88, $33.06. About how much do you pay?", "exact_value": 34.94, "model": "tiiuae/Falcon-H1-7B-Instruct", "provider": "transformers", "response": "Final answer: 35", "numeric_answer": 35.0, "relative_error": 0.0017172295363480903, "thinking_text": null, "has_tool_call": false, "tool_call": null, "usage": {"prompt_tokens": 200, "completion_tokens": 7, "total_tokens": 207, "token_count_source": "tokenizer"}, "decoding": {"temperature": 0.2, "top_p": null, "top_k": null, "max_tokens": 256, "seed": 42}, "prompt_tokens": 200, "completion_tokens": 7, "total_tokens": 207, "token_count_source": "tokenizer", "diffusion_steps": null, "flops_estimate": null, "flops_arch": null, "flops_model_params": null, "flops_active_params": null, "tokens_non_final": 3, "tokens_reasoning": 0, "tokens_response": 3, "elapsed_seconds": 0.5473389625549316, "judgement": "Good approximation"}
{"id": "discounts_001163", "topic": "discounts", "subtopic": "buy_n_get_m", "prompt": "Buy 5 get 3 free on items priced $1.79 each. You take 12 total. About how much do you pay?", "exact_value": 16.11, "model": "tiiuae/Falcon-H1-7B-Instruct", "provider": "transformers", "response": "Final answer: 10", "numeric_answer": 10.0, "relative_error": 0.3792675356921167, "thinking_text": null, "has_tool_call": false, "tool_call": null, "usage": {"prompt_tokens": 193, "completion_tokens": 7, "total_tokens": 200, "token_count_source": "tokenizer"}, "decoding": {"temperature": 0.2, "top_p": null, "top_k": null, "max_tokens": 256, "seed": 42}, "prompt_tokens": 193, "completion_tokens": 7, "total_tokens": 200, "token_count_source": "tokenizer", "diffusion_steps": null, "flops_estimate": null, "flops_arch": null, "flops_model_params": null, "flops_active_params": null, "tokens_non_final": 3, "tokens_reasoning": 0, "tokens_response": 3, "elapsed_seconds": 0.554229736328125, "judgement": "Mildly off"}
{"id": "discounts_001183", "topic": "discounts", "subtopic": "threshold", "prompt": "Threshold coupon applies: $10 off $40+ spend. Cart: $17.79, $9.82, $10.21. About how much do you pay?", "exact_value": 37.82, "model": "tiiuae/Falcon-H1-7B-Instruct", "provider": "transformers", "response": "Final answer: 25", "numeric_answer": 25.0, "relative_error": 0.33897408778424115, "thinking_text": null, "has_tool_call": false, "tool_call": null, "usage": {"prompt_tokens": 209, "completion_tokens": 7, "total_tokens": 216, "token_count_source": "tokenizer"}, "decoding": {"temperature": 0.2, "top_p": null, "top_k": null, "max_tokens": 256, "seed": 42}, "prompt_tokens": 209, "completion_tokens": 7, "total_tokens": 216, "token_count_source": "tokenizer", "diffusion_steps": null, "flops_estimate": null, "flops_arch": null, "flops_model_params": null, "flops_active_params": null, "tokens_non_final": 3, "tokens_reasoning": 0, "tokens_response": 3, "elapsed_seconds": 0.5800797939300537, "judgement": "Mildly off"}
{"id": "discounts_001203", "topic": "discounts", "subtopic": "threshold", "prompt": "Threshold coupon applies: $10 off $25+ spend. Cart: $21.83, $6.78, $19.19, $4.90. About how much do you pay?", "exact_value": 42.7, "model": "tiiuae/Falcon-H1-7B-Instruct", "provider": "transformers", "response": "Final answer: 40", "numeric_answer": 40.0, "relative_error": 0.06323185011709608, "thinking_text": null, "has_tool_call": false, "tool_call": null, "usage": {"prompt_tokens": 216, "completion_tokens": 7, "total_tokens": 223, "token_count_source": "tokenizer"}, "decoding": {"temperature": 0.2, "top_p": null, "top_k": null, "max_tokens": 256, "seed": 42}, "prompt_tokens": 216, "completion_tokens": 7, "total_tokens": 223, "token_count_source": "tokenizer", "diffusion_steps": null, "flops_estimate": null, "flops_arch": null, "flops_model_params": null, "flops_active_params": null, "tokens_non_final": 3, "tokens_reasoning": 0, "tokens_response": 3, "elapsed_seconds": 0.567955493927002, "judgement": "Good approximation"}
{"id": "discounts_001223", "topic": "discounts", "subtopic": "bogo", "prompt": "BOGO sale (buy one, get one free; free item is the cheaper one in each pair). Items: $9.89, $5.43, $1.64. About how much do you pay?", "exact_value": 11.53, "model": "tiiuae/Falcon-H1-7B-Instruct", "provider": "transformers", "response": "Final answer: 15", "numeric_answer": 15.0, "relative_error": 0.3009540329575022, "thinking_text": null, "has_tool_call": false, "tool_call": null, "usage": {"prompt_tokens": 213, "completion_tokens": 7, "total_tokens": 220, "token_count_source": "tokenizer"}, "decoding": {"temperature": 0.2, "top_p": null, "top_k": null, "max_tokens": 256, "seed": 42}, "prompt_tokens": 213, "completion_tokens": 7, "total_tokens": 220, "token_count_source": "tokenizer", "diffusion_steps": null, "flops_estimate": null, "flops_arch": null, "flops_model_params": null, "flops_active_params": null, "tokens_non_final": 3, "tokens_reasoning": 0, "tokens_response": 3, "elapsed_seconds": 0.5462343692779541, "judgement": "Mildly off"}
{"id": "discounts_001243", "topic": "discounts", "subtopic": "bogo", "prompt": "BOGO sale (buy one, get one free; free item is the cheaper one in each pair). Items: $13.65, $11.87. About how much do you pay?", "exact_value": 13.65, "model": "tiiuae/Falcon-H1-7B-Instruct", "provider": "transformers", "response": "Final answer: 13", "numeric_answer": 13.0, "relative_error": 0.047619047619047644, "thinking_text": null, "has_tool_call": false, "tool_call": null, "usage": {"prompt_tokens": 208, "completion_tokens": 7, "total_tokens": 215, "token_count_source": "tokenizer"}, "decoding": {"temperature": 0.2, "top_p": null, "top_k": null, "max_tokens": 256, "seed": 42}, "prompt_tokens": 208, "completion_tokens": 7, "total_tokens": 215, "token_count_source": "tokenizer", "diffusion_steps": null, "flops_estimate": null, "flops_arch": null, "flops_model_params": null, "flops_active_params": null, "tokens_non_final": 3, "tokens_reasoning": 0, "tokens_response": 3, "elapsed_seconds": 0.5637335777282715, "judgement": "Good approximation"}
{"id": "discounts_001263", "topic": "discounts", "subtopic": "stacked", "prompt": "Stacked deal: 20% off, then $10 coupon if you spend $30 or more. Cart: $7.97, $14.01, $20.15, $6.20. About how much do you pay?", "exact_value": 28.66, "model": "tiiuae/Falcon-H1-7B-Instruct", "provider": "transformers", "response": "Final answer: 30", "numeric_answer": 30.0, "relative_error": 0.04675505931612002, "thinking_text": null, "has_tool_call": false, "tool_call": null, "usage": {"prompt_tokens": 226, "completion_tokens": 7, "total_tokens": 233, "token_count_source": "tokenizer"}, "decoding": {"temperature": 0.2, "top_p": null, "top_k": null, "max_tokens": 256, "seed": 42}, "prompt_tokens": 226, "completion_tokens": 7, "total_tokens": 233, "token_count_source": "tokenizer", "diffusion_steps": null, "flops_estimate": null, "flops_arch": null, "flops_model_params": null, "flops_active_params": null, "tokens_non_final": 3, "tokens_reasoning": 0, "tokens_response": 3, "elapsed_seconds": 0.5736451148986816, "judgement": "Good approximation"}
{"id": "discounts_001283", "topic": "discounts", "subtopic": "bogo", "prompt": "BOGO sale (buy one, get one free; free item is the cheaper one in each pair). Items: $23.99, $18.08, $15.49, $11.69, $2.98, $1.77. About how much do you pay?", "exact_value": 42.46, "model": "tiiuae/Falcon-H1-7B-Instruct", "provider": "transformers", "response": "Final answer: 50", "numeric_answer": 50.0, "relative_error": 0.17757889778615166, "thinking_text": null, "has_tool_call": false, "tool_call": null, "usage": {"prompt_tokens": 238, "completion_tokens": 7, "total_tokens": 245, "token_count_source": "tokenizer"}, "decoding": {"temperature": 0.2, "top_p": null, "top_k": null, "max_tokens": 256, "seed": 42}, "prompt_tokens": 238, "completion_tokens": 7, "total_tokens": 245, "token_count_source": "tokenizer", "diffusion_steps": null, "flops_estimate": null, "flops_arch": null, "flops_model_params": null, "flops_active_params": null, "tokens_non_final": 3, "tokens_reasoning": 0, "tokens_response": 3, "elapsed_seconds": 0.5820784568786621, "judgement": "Good approximation"}
{"id": "discounts_001303", "topic": "discounts", "subtopic": "buy_n_get_m", "prompt": "Buy 3 get 1 free on items priced $5.20 each. You take 7 total. About how much do you pay?", "exact_value": 31.2, "model": "tiiuae/Falcon-H1-7B-Instruct", "provider": "transformers", "response": "Final answer: 35", "numeric_answer": 35.0, "relative_error": 0.12179487179487182, "thinking_text": null, "has_tool_call": false, "tool_call": null, "usage": {"prompt_tokens": 192, "completion_tokens": 7, "total_tokens": 199, "token_count_source": "tokenizer"}, "decoding": {"temperature": 0.2, "top_p": null, "top_k": null, "max_tokens": 256, "seed": 42}, "prompt_tokens": 192, "completion_tokens": 7, "total_tokens": 199, "token_count_source": "tokenizer", "diffusion_steps": null, "flops_estimate": null, "flops_arch": null, "flops_model_params": null, "flops_active_params": null, "tokens_non_final": 3, "tokens_reasoning": 0, "tokens_response": 3, "elapsed_seconds": 0.5624377727508545, "judgement": "Good approximation"}
{"id": "discounts_001323", "topic": "discounts", "subtopic": "buy_n_get_m", "prompt": "Buy 5 get 2 free on items priced $6.90 each. You take 7 total. About how much do you pay?", "exact_value": 34.5, "model": "tiiuae/Falcon-H1-7B-Instruct", "provider": "transformers", "response": "Final answer: 42", "numeric_answer": 42.0, "relative_error": 0.21739130434782608, "thinking_text": null, "has_tool_call": false, "tool_call": null, "usage": {"prompt_tokens": 192, "completion_tokens": 7, "total_tokens": 199, "token_count_source": "tokenizer"}, "decoding": {"temperature": 0.2, "top_p": null, "top_k": null, "max_tokens": 256, "seed": 42}, "prompt_tokens": 192, "completion_tokens": 7, "total_tokens": 199, "token_count_source": "tokenizer", "diffusion_steps": null, "flops_estimate": null, "flops_arch": null, "flops_model_params": null, "flops_active_params": null, "tokens_non_final": 3, "tokens_reasoning": 0, "tokens_response": 3, "elapsed_seconds": 0.540809154510498, "judgement": "Mildly off"}
{"id": "discounts_001343", "topic": "discounts", "subtopic": "threshold", "prompt": "Threshold coupon applies: $5 off $30+ spend. Cart: $14.20, $6.64, $17.41, $15.16, $33.39. About how much do you pay?", "exact_value": 81.8, "model": "tiiuae/Falcon-H1-7B-Instruct", "provider": "transformers", "response": "Final answer: 75", "numeric_answer": 75.0, "relative_error": 0.0831295843520782, "thinking_text": null, "has_tool_call": false, "tool_call": null, "usage": {"prompt_tokens": 224, "completion_tokens": 7, "total_tokens": 231, "token_count_source": "tokenizer"}, "decoding": {"temperature": 0.2, "top_p": null, "top_k": null, "max_tokens": 256, "seed": 42}, "prompt_tokens": 224, "completion_tokens": 7, "total_tokens": 231, "token_count_source": "tokenizer", "diffusion_steps": null, "flops_estimate": null, "flops_arch": null, "flops_model_params": null, "flops_active_params": null, "tokens_non_final": 3, "tokens_reasoning": 0, "tokens_response": 3, "elapsed_seconds": 0.5618679523468018, "judgement": "Good approximation"}
{"id": "discounts_001363", "topic": "discounts", "subtopic": "percent", "prompt": "Cart: $17.94, $48.32, $33.85. A 25% discount applies to everything. About how much do you pay?", "exact_value": 75.08, "model": "tiiuae/Falcon-H1-7B-Instruct", "provider": "transformers", "response": "Final answer: 60", "numeric_answer": 60.0, "relative_error": 0.20085242408098028, "thinking_text": null, "has_tool_call": false, "tool_call": null, "usage": {"prompt_tokens": 204, "completion_tokens": 7, "total_tokens": 211, "token_count_source": "tokenizer"}, "decoding": {"temperature": 0.2, "top_p": null, "top_k": null, "max_tokens": 256, "seed": 42}, "prompt_tokens": 204, "completion_tokens": 7, "total_tokens": 211, "token_count_source": "tokenizer", "diffusion_steps": null, "flops_estimate": null, "flops_arch": null, "flops_model_params": null, "flops_active_params": null, "tokens_non_final": 3, "tokens_reasoning": 0, "tokens_response": 3, "elapsed_seconds": 0.5414557456970215, "judgement": "Mildly off"}
{"id": "discounts_001383", "topic": "discounts", "subtopic": "buy_n_get_m", "prompt": "Buy 5 get 2 free on items priced $2.51 each. You take 8 total. About how much do you pay?", "exact_value": 15.06, "model": "tiiuae/Falcon-H1-7B-Instruct", "provider": "transformers", "response": "Final answer: 20", "numeric_answer": 20.0, "relative_error": 0.32802124833997337, "thinking_text": null, "has_tool_call": false, "tool_call": null, "usage": {"prompt_tokens": 192, "completion_tokens": 7, "total_tokens": 199, "token_count_source": "tokenizer"}, "decoding": {"temperature": 0.2, "top_p": null, "top_k": null, "max_tokens": 256, "seed": 42}, "prompt_tokens": 192, "completion_tokens": 7, "total_tokens": 199, "token_count_source": "tokenizer", "diffusion_steps": null, "flops_estimate": null, "flops_arch": null, "flops_model_params": null, "flops_active_params": null, "tokens_non_final": 3, "tokens_reasoning": 0, "tokens_response": 3, "elapsed_seconds": 0.5554728507995605, "judgement": "Mildly off"}
{"id": "discounts_001403", "topic": "discounts", "subtopic": "percent", "prompt": "Cart: $49.45, $5.75. A 15% discount applies to everything. About how much do you pay?", "exact_value": 46.92, "model": "tiiuae/Falcon-H1-7B-Instruct", "provider": "transformers", "response": "Final answer: 50", "numeric_answer": 50.0, "relative_error": 0.06564364876385333, "thinking_text": null, "has_tool_call": false, "tool_call": null, "usage": {"prompt_tokens": 195, "completion_tokens": 7, "total_tokens": 202, "token_count_source": "tokenizer"}, "decoding": {"temperature": 0.2, "top_p": null, "top_k": null, "max_tokens": 256, "seed": 42}, "prompt_tokens": 195, "completion_tokens": 7, "total_tokens": 202, "token_count_source": "tokenizer", "diffusion_steps": null, "flops_estimate": null, "flops_arch": null, "flops_model_params": null, "flops_active_params": null, "tokens_non_final": 3, "tokens_reasoning": 0, "tokens_response": 3, "elapsed_seconds": 0.5365009307861328, "judgement": "Good approximation"}
{"id": "discounts_001423", "topic": "discounts", "subtopic": "stacked", "prompt": "Stacked deal: 15% off, then $5 coupon if you spend $30 or more. Cart: $19.07, $30.50, $14.10, $29.57, $24.48, $18.89. About how much do you pay?", "exact_value": 111.12, "model": "tiiuae/Falcon-H1-7B-Instruct", "provider": "transformers", "response": "Final answer: 85", "numeric_answer": 85.0, "relative_error": 0.2350611951043917, "thinking_text": null, "has_tool_call": false, "tool_call": null, "usage": {"prompt_tokens": 243, "completion_tokens": 7, "total_tokens": 250, "token_count_source": "tokenizer"}, "decoding": {"temperature": 0.2, "top_p": null, "top_k": null, "max_tokens": 256, "seed": 42}, "prompt_tokens": 243, "completion_tokens": 7, "total_tokens": 250, "token_count_source": "tokenizer", "diffusion_steps": null, "flops_estimate": null, "flops_arch": null, "flops_model_params": null, "flops_active_params": null, "tokens_non_final": 3, "tokens_reasoning": 0, "tokens_response": 3, "elapsed_seconds": 0.5635890960693359, "judgement": "Mildly off"}
{"id": "discounts_001443", "topic": "discounts", "subtopic": "threshold", "prompt": "Threshold coupon applies: $5 off $40+ spend. Cart: $30.27, $5.01, $32.89, $4.11. About how much do you pay?", "exact_value": 67.28, "model": "tiiuae/Falcon-H1-7B-Instruct", "provider": "transformers", "response": "Final answer: 70", "numeric_answer": 70.0, "relative_error": 0.04042806183115337, "thinking_text": null, "has_tool_call": false, "tool_call": null, "usage": {"prompt_tokens": 215, "completion_tokens": 7, "total_tokens": 222, "token_count_source": "tokenizer"}, "decoding": {"temperature": 0.2, "top_p": null, "top_k": null, "max_tokens": 256, "seed": 42}, "prompt_tokens": 215, "completion_tokens": 7, "total_tokens": 222, "token_count_source": "tokenizer", "diffusion_steps": null, "flops_estimate": null, "flops_arch": null, "flops_model_params": null, "flops_active_params": null, "tokens_non_final": 3, "tokens_reasoning": 0, "tokens_response": 3, "elapsed_seconds": 0.5478672981262207, "judgement": "Good approximation"}
{"id": "discounts_001463", "topic": "discounts", "subtopic": "stacked", "prompt": "Stacked deal: 20% off, then $10 coupon if you spend $50 or more. Cart: $17.21, $5.84, $30.05. About how much do you pay?", "exact_value": 42.48, "model": "tiiuae/Falcon-H1-7B-Instruct", "provider": "transformers", "response": "Final answer: 35", "numeric_answer": 35.0, "relative_error": 0.17608286252354044, "thinking_text": null, "has_tool_call": false, "tool_call": null, "usage": {"prompt_tokens": 219, "completion_tokens": 7, "total_tokens": 226, "token_count_source": "tokenizer"}, "decoding": {"temperature": 0.2, "top_p": null, "top_k": null, "max_tokens": 256, "seed": 42}, "prompt_tokens": 219, "completion_tokens": 7, "total_tokens": 226, "token_count_source": "tokenizer", "diffusion_steps": null, "flops_estimate": null, "flops_arch": null, "flops_model_params": null, "flops_active_params": null, "tokens_non_final": 3, "tokens_reasoning": 0, "tokens_response": 3, "elapsed_seconds": 0.558272123336792, "judgement": "Good approximation"}
{"id": "discounts_001483", "topic": "discounts", "subtopic": "stacked", "prompt": "Stacked deal: 20% off, then $5 coupon if you spend $40 or more. Cart: $7.98, $13.08, $39.62, $23.53, $7.04, $16.41. About how much do you pay?", "exact_value": 81.13, "model": "tiiuae/Falcon-H1-7B-Instruct", "provider": "transformers", "response": "Final answer: 55", "numeric_answer": 55.0, "relative_error": 0.32207568100579315, "thinking_text": null, "has_tool_call": false, "tool_call": null, "usage": {"prompt_tokens": 241, "completion_tokens": 7, "total_tokens": 248, "token_count_source": "tokenizer"}, "decoding": {"temperature": 0.2, "top_p": null, "top_k": null, "max_tokens": 256, "seed": 42}, "prompt_tokens": 241, "completion_tokens": 7, "total_tokens": 248, "token_count_source": "tokenizer", "diffusion_steps": null, "flops_estimate": null, "flops_arch": null, "flops_model_params": null, "flops_active_params": null, "tokens_non_final": 3, "tokens_reasoning": 0, "tokens_response": 3, "elapsed_seconds": 0.5379526615142822, "judgement": "Mildly off"}
{"id": "discounts_001503", "topic": "discounts", "subtopic": "stacked", "prompt": "Stacked deal: 15% off, then $10 coupon if you spend $30 or more. Cart: $5.05, $35.87, $13.37, $20.23, $19.52, $14.94. About how much do you pay?", "exact_value": 82.63, "model": "tiiuae/Falcon-H1-7B-Instruct", "provider": "transformers", "response": "Final answer: 75", "numeric_answer": 75.0, "relative_error": 0.09233934406389926, "thinking_text": null, "has_tool_call": false, "tool_call": null, "usage": {"prompt_tokens": 243, "completion_tokens": 7, "total_tokens": 250, "token_count_source": "tokenizer"}, "decoding": {"temperature": 0.2, "top_p": null, "top_k": null, "max_tokens": 256, "seed": 42}, "prompt_tokens": 243, "completion_tokens": 7, "total_tokens": 250, "token_count_source": "tokenizer", "diffusion_steps": null, "flops_estimate": null, "flops_arch": null, "flops_model_params": null, "flops_active_params": null, "tokens_non_final": 3, "tokens_reasoning": 0, "tokens_response": 3, "elapsed_seconds": 0.5658490657806396, "judgement": "Good approximation"}
{"id": "discounts_001523", "topic": "discounts", "subtopic": "percent", "prompt": "Cart: $17.62, $17.49. A 25% discount applies to everything. About how much do you pay?", "exact_value": 26.33, "model": "tiiuae/Falcon-H1-7B-Instruct", "provider": "transformers", "response": "Final answer: 25", "numeric_answer": 25.0, "relative_error": 0.05051272312951, "thinking_text": null, "has_tool_call": false, "tool_call": null, "usage": {"prompt_tokens": 196, "completion_tokens": 7, "total_tokens": 203, "token_count_source": "tokenizer"}, "decoding": {"temperature": 0.2, "top_p": null, "top_k": null, "max_tokens": 256, "seed": 42}, "prompt_tokens": 196, "completion_tokens": 7, "total_tokens": 203, "token_count_source": "tokenizer", "diffusion_steps": null, "flops_estimate": null, "flops_arch": null, "flops_model_params": null, "flops_active_params": null, "tokens_non_final": 3, "tokens_reasoning": 0, "tokens_response": 3, "elapsed_seconds": 0.5581579208374023, "judgement": "Good approximation"}
{"id": "discounts_001543", "topic": "discounts", "subtopic": "percent", "prompt": "Cart: $41.40, $12.55, $25.87, $24.13. A 10% discount applies to everything. About how much do you pay?", "exact_value": 93.56, "model": "tiiuae/Falcon-H1-7B-Instruct", "provider": "transformers", "response": "Final answer: 77", "numeric_answer": 77.0, "relative_error": 0.17699871740059855, "thinking_text": null, "has_tool_call": false, "tool_call": null, "usage": {"prompt_tokens": 212, "completion_tokens": 7, "total_tokens": 219, "token_count_source": "tokenizer"}, "decoding": {"temperature": 0.2, "top_p": null, "top_k": null, "max_tokens": 256, "seed": 42}, "prompt_tokens": 212, "completion_tokens": 7, "total_tokens": 219, "token_count_source": "tokenizer", "diffusion_steps": null, "flops_estimate": null, "flops_arch": null, "flops_model_params": null, "flops_active_params": null, "tokens_non_final": 3, "tokens_reasoning": 0, "tokens_response": 3, "elapsed_seconds": 0.5467190742492676, "judgement": "Good approximation"}
{"id": "discounts_001563", "topic": "discounts", "subtopic": "buy_n_get_m", "prompt": "Buy 5 get 2 free on items priced $6.56 each. You take 13 total. About how much do you pay?", "exact_value": 65.6, "model": "tiiuae/Falcon-H1-7B-Instruct", "provider": "transformers", "response": "Final answer: 52", "numeric_answer": 52.0, "relative_error": 0.20731707317073164, "thinking_text": null, "has_tool_call": false, "tool_call": null, "usage": {"prompt_tokens": 193, "completion_tokens": 7, "total_tokens": 200, "token_count_source": "tokenizer"}, "decoding": {"temperature": 0.2, "top_p": null, "top_k": null, "max_tokens": 256, "seed": 42}, "prompt_tokens": 193, "completion_tokens": 7, "total_tokens": 200, "token_count_source": "tokenizer", "diffusion_steps": null, "flops_estimate": null, "flops_arch": null, "flops_model_params": null, "flops_active_params": null, "tokens_non_final": 3, "tokens_reasoning": 0, "tokens_response": 3, "elapsed_seconds": 0.5356988906860352, "judgement": "Mildly off"}
{"id": "discounts_001583", "topic": "discounts", "subtopic": "percent", "prompt": "Cart: $16.59, $10.20. A 25% discount applies to everything. About how much do you pay?", "exact_value": 20.09, "model": "tiiuae/Falcon-H1-7B-Instruct", "provider": "transformers", "response": "Final answer: 20", "numeric_answer": 20.0, "relative_error": 0.0044798407167745075, "thinking_text": null, "has_tool_call": false, "tool_call": null, "usage": {"prompt_tokens": 196, "completion_tokens": 7, "total_tokens": 203, "token_count_source": "tokenizer"}, "decoding": {"temperature": 0.2, "top_p": null, "top_k": null, "max_tokens": 256, "seed": 42}, "prompt_tokens": 196, "completion_tokens": 7, "total_tokens": 203, "token_count_source": "tokenizer", "diffusion_steps": null, "flops_estimate": null, "flops_arch": null, "flops_model_params": null, "flops_active_params": null, "tokens_non_final": 3, "tokens_reasoning": 0, "tokens_response": 3, "elapsed_seconds": 0.5514848232269287, "judgement": "Good approximation"}
{"id": "discounts_001603", "topic": "discounts", "subtopic": "stacked", "prompt": "Stacked deal: 15% off, then $5 coupon if you spend $40 or more. Cart: $30.66, $8.69, $10.48, $36.69, $30.92. About how much do you pay?", "exact_value": 94.82, "model": "tiiuae/Falcon-H1-7B-Instruct", "provider": "transformers", "response": "Final answer: 70", "numeric_answer": 70.0, "relative_error": 0.2617591225479856, "thinking_text": null, "has_tool_call": false, "tool_call": null, "usage": {"prompt_tokens": 234, "completion_tokens": 7, "total_tokens": 241, "token_count_source": "tokenizer"}, "decoding": {"temperature": 0.2, "top_p": null, "top_k": null, "max_tokens": 256, "seed": 42}, "prompt_tokens": 234, "completion_tokens": 7, "total_tokens": 241, "token_count_source": "tokenizer", "diffusion_steps": null, "flops_estimate": null, "flops_arch": null, "flops_model_params": null, "flops_active_params": null, "tokens_non_final": 3, "tokens_reasoning": 0, "tokens_response": 3, "elapsed_seconds": 0.556555986404419, "judgement": "Mildly off"}
{"id": "discounts_001623", "topic": "discounts", "subtopic": "threshold", "prompt": "Threshold coupon applies: $15 off $25+ spend. Cart: $27.63, $11.37, $28.67, $23.20, $7.60. About how much do you pay?", "exact_value": 83.47, "model": "tiiuae/Falcon-H1-7B-Instruct", "provider": "transformers", "response": "Final answer: 70", "numeric_answer": 70.0, "relative_error": 0.16137534443512638, "thinking_text": null, "has_tool_call": false, "tool_call": null, "usage": {"prompt_tokens": 225, "completion_tokens": 7, "total_tokens": 232, "token_count_source": "tokenizer"}, "decoding": {"temperature": 0.2, "top_p": null, "top_k": null, "max_tokens": 256, "seed": 42}, "prompt_tokens": 225, "completion_tokens": 7, "total_tokens": 232, "token_count_source": "tokenizer", "diffusion_steps": null, "flops_estimate": null, "flops_arch": null, "flops_model_params": null, "flops_active_params": null, "tokens_non_final": 3, "tokens_reasoning": 0, "tokens_response": 3, "elapsed_seconds": 0.5647213459014893, "judgement": "Good approximation"}
{"id": "discounts_001643", "topic": "discounts", "subtopic": "percent", "prompt": "Cart: $6.86, $18.76, $18.57. A 25% discount applies to everything. About how much do you pay?", "exact_value": 33.14, "model": "tiiuae/Falcon-H1-7B-Instruct", "provider": "transformers", "response": "Final answer: 30", "numeric_answer": 30.0, "relative_error": 0.0947495473747737, "thinking_text": null, "has_tool_call": false, "tool_call": null, "usage": {"prompt_tokens": 203, "completion_tokens": 7, "total_tokens": 210, "token_count_source": "tokenizer"}, "decoding": {"temperature": 0.2, "top_p": null, "top_k": null, "max_tokens": 256, "seed": 42}, "prompt_tokens": 203, "completion_tokens": 7, "total_tokens": 210, "token_count_source": "tokenizer", "diffusion_steps": null, "flops_estimate": null, "flops_arch": null, "flops_model_params": null, "flops_active_params": null, "tokens_non_final": 3, "tokens_reasoning": 0, "tokens_response": 3, "elapsed_seconds": 0.5415365695953369, "judgement": "Good approximation"}
{"id": "discounts_001663", "topic": "discounts", "subtopic": "percent", "prompt": "Cart: $12.12, $48.45, $47.34, $46.59. A 15% discount applies to everything. About how much do you pay?", "exact_value": 131.33, "model": "tiiuae/Falcon-H1-7B-Instruct", "provider": "transformers", "response": "Final answer: 95", "numeric_answer": 95.0, "relative_error": 0.2766313865834159, "thinking_text": null, "has_tool_call": false, "tool_call": null, "usage": {"prompt_tokens": 212, "completion_tokens": 7, "total_tokens": 219, "token_count_source": "tokenizer"}, "decoding": {"temperature": 0.2, "top_p": null, "top_k": null, "max_tokens": 256, "seed": 42}, "prompt_tokens": 212, "completion_tokens": 7, "total_tokens": 219, "token_count_source": "tokenizer", "diffusion_steps": null, "flops_estimate": null, "flops_arch": null, "flops_model_params": null, "flops_active_params": null, "tokens_non_final": 3, "tokens_reasoning": 0, "tokens_response": 3, "elapsed_seconds": 0.5542957782745361, "judgement": "Mildly off"}
{"id": "discounts_001683", "topic": "discounts", "subtopic": "threshold", "prompt": "Threshold coupon applies: $10 off $50+ spend. Cart: $26.16, $9.78, $26.05, $18.31, $13.69. About how much do you pay?", "exact_value": 83.99, "model": "tiiuae/Falcon-H1-7B-Instruct", "provider": "transformers", "response": "Final answer: 70", "numeric_answer": 70.0, "relative_error": 0.16656744850577446, "thinking_text": null, "has_tool_call": false, "tool_call": null, "usage": {"prompt_tokens": 225, "completion_tokens": 7, "total_tokens": 232, "token_count_source": "tokenizer"}, "decoding": {"temperature": 0.2, "top_p": null, "top_k": null, "max_tokens": 256, "seed": 42}, "prompt_tokens": 225, "completion_tokens": 7, "total_tokens": 232, "token_count_source": "tokenizer", "diffusion_steps": null, "flops_estimate": null, "flops_arch": null, "flops_model_params": null, "flops_active_params": null, "tokens_non_final": 3, "tokens_reasoning": 0, "tokens_response": 3, "elapsed_seconds": 0.5642135143280029, "judgement": "Good approximation"}
{"id": "discounts_001703", "topic": "discounts", "subtopic": "percent", "prompt": "Cart: $19.62, $31.18, $3.11, $24.12. A 30% discount applies to everything. About how much do you pay?", "exact_value": 54.62, "model": "tiiuae/Falcon-H1-7B-Instruct", "provider": "transformers", "response": "Final answer: 42", "numeric_answer": 42.0, "relative_error": 0.23105089710728668, "thinking_text": null, "has_tool_call": false, "tool_call": null, "usage": {"prompt_tokens": 211, "completion_tokens": 7, "total_tokens": 218, "token_count_source": "tokenizer"}, "decoding": {"temperature": 0.2, "top_p": null, "top_k": null, "max_tokens": 256, "seed": 42}, "prompt_tokens": 211, "completion_tokens": 7, "total_tokens": 218, "token_count_source": "tokenizer", "diffusion_steps": null, "flops_estimate": null, "flops_arch": null, "flops_model_params": null, "flops_active_params": null, "tokens_non_final": 3, "tokens_reasoning": 0, "tokens_response": 3, "elapsed_seconds": 0.5625793933868408, "judgement": "Mildly off"}
{"id": "discounts_001723", "topic": "discounts", "subtopic": "buy_n_get_m", "prompt": "Buy 4 get 2 free on items priced $2.55 each. You take 8 total. About how much do you pay?", "exact_value": 15.3, "model": "tiiuae/Falcon-H1-7B-Instruct", "provider": "transformers", "response": "Final answer: 10", "numeric_answer": 10.0, "relative_error": 0.34640522875817, "thinking_text": null, "has_tool_call": false, "tool_call": null, "usage": {"prompt_tokens": 192, "completion_tokens": 7, "total_tokens": 199, "token_count_source": "tokenizer"}, "decoding": {"temperature": 0.2, "top_p": null, "top_k": null, "max_tokens": 256, "seed": 42}, "prompt_tokens": 192, "completion_tokens": 7, "total_tokens": 199, "token_count_source": "tokenizer", "diffusion_steps": null, "flops_estimate": null, "flops_arch": null, "flops_model_params": null, "flops_active_params": null, "tokens_non_final": 3, "tokens_reasoning": 0, "tokens_response": 3, "elapsed_seconds": 0.5627608299255371, "judgement": "Mildly off"}
{"id": "discounts_001743", "topic": "discounts", "subtopic": "threshold", "prompt": "Threshold coupon applies: $5 off $30+ spend. Cart: $4.15, $6.42, $8.97. About how much do you pay?", "exact_value": 19.54, "model": "tiiuae/Falcon-H1-7B-Instruct", "provider": "transformers", "response": "Final answer: 15", "numeric_answer": 15.0, "relative_error": 0.23234390992835208, "thinking_text": null, "has_tool_call": false, "tool_call": null, "usage": {"prompt_tokens": 206, "completion_tokens": 7, "total_tokens": 213, "token_count_source": "tokenizer"}, "decoding": {"temperature": 0.2, "top_p": null, "top_k": null, "max_tokens": 256, "seed": 42}, "prompt_tokens": 206, "completion_tokens": 7, "total_tokens": 213, "token_count_source": "tokenizer", "diffusion_steps": null, "flops_estimate": null, "flops_arch": null, "flops_model_params": null, "flops_active_params": null, "tokens_non_final": 3, "tokens_reasoning": 0, "tokens_response": 3, "elapsed_seconds": 0.5512378215789795, "judgement": "Mildly off"}
{"id": "discounts_001763", "topic": "discounts", "subtopic": "bogo", "prompt": "BOGO sale (buy one, get one free; free item is the cheaper one in each pair). Items: $12.69, $11.21, $2.47. About how much do you pay?", "exact_value": 15.16, "model": "tiiuae/Falcon-H1-7B-Instruct", "provider": "transformers", "response": "Final answer: 25", "numeric_answer": 25.0, "relative_error": 0.6490765171503957, "thinking_text": null, "has_tool_call": false, "tool_call": null, "usage": {"prompt_tokens": 215, "completion_tokens": 7, "total_tokens": 222, "token_count_source": "tokenizer"}, "decoding": {"temperature": 0.2, "top_p": null, "top_k": null, "max_tokens": 256, "seed": 42}, "prompt_tokens": 215, "completion_tokens": 7, "total_tokens": 222, "token_count_source": "tokenizer", "diffusion_steps": null, "flops_estimate": null, "flops_arch": null, "flops_model_params": null, "flops_active_params": null, "tokens_non_final": 3, "tokens_reasoning": 0, "tokens_response": 3, "elapsed_seconds": 0.5622961521148682, "judgement": "Way off"}
{"id": "discounts_001783", "topic": "discounts", "subtopic": "stacked", "prompt": "Stacked deal: 15% off, then $5 coupon if you spend $40 or more. Cart: $7.00, $16.49, $25.56, $15.94, $17.74, $31.47. About how much do you pay?", "exact_value": 92.07, "model": "tiiuae/Falcon-H1-7B-Instruct", "provider": "transformers", "response": "Final answer: 75", "numeric_answer": 75.0, "relative_error": 0.18540241120886275, "thinking_text": null, "has_tool_call": false, "tool_call": null, "usage": {"prompt_tokens": 242, "completion_tokens": 7, "total_tokens": 249, "token_count_source": "tokenizer"}, "decoding": {"temperature": 0.2, "top_p": null, "top_k": null, "max_tokens": 256, "seed": 42}, "prompt_tokens": 242, "completion_tokens": 7, "total_tokens": 249, "token_count_source": "tokenizer", "diffusion_steps": null, "flops_estimate": null, "flops_arch": null, "flops_model_params": null, "flops_active_params": null, "tokens_non_final": 3, "tokens_reasoning": 0, "tokens_response": 3, "elapsed_seconds": 0.5565118789672852, "judgement": "Good approximation"}
{"id": "discounts_001803", "topic": "discounts", "subtopic": "stacked", "prompt": "Stacked deal: 20% off, then $5 coupon if you spend $30 or more. Cart: $33.03, $6.30, $5.14, $29.72. About how much do you pay?", "exact_value": 54.35, "model": "tiiuae/Falcon-H1-7B-Instruct", "provider": "transformers", "response": "Final answer: 35", "numeric_answer": 35.0, "relative_error": 0.3560257589696412, "thinking_text": null, "has_tool_call": false, "tool_call": null, "usage": {"prompt_tokens": 225, "completion_tokens": 7, "total_tokens": 232, "token_count_source": "tokenizer"}, "decoding": {"temperature": 0.2, "top_p": null, "top_k": null, "max_tokens": 256, "seed": 42}, "prompt_tokens": 225, "completion_tokens": 7, "total_tokens": 232, "token_count_source": "tokenizer", "diffusion_steps": null, "flops_estimate": null, "flops_arch": null, "flops_model_params": null, "flops_active_params": null, "tokens_non_final": 3, "tokens_reasoning": 0, "tokens_response": 3, "elapsed_seconds": 0.557309627532959, "judgement": "Mildly off"}
{"id": "discounts_001823", "topic": "discounts", "subtopic": "bogo", "prompt": "BOGO sale (buy one, get one free; free item is the cheaper one in each pair). Items: $12.69, $12.41, $11.69, $9.51. About how much do you pay?", "exact_value": 24.38, "model": "tiiuae/Falcon-H1-7B-Instruct", "provider": "transformers", "response": "Final answer: 35", "numeric_answer": 35.0, "relative_error": 0.435602953240361, "thinking_text": null, "has_tool_call": false, "tool_call": null, "usage": {"prompt_tokens": 223, "completion_tokens": 7, "total_tokens": 230, "token_count_source": "tokenizer"}, "decoding": {"temperature": 0.2, "top_p": null, "top_k": null, "max_tokens": 256, "seed": 42}, "prompt_tokens": 223, "completion_tokens": 7, "total_tokens": 230, "token_count_source": "tokenizer", "diffusion_steps": null, "flops_estimate": null, "flops_arch": null, "flops_model_params": null, "flops_active_params": null, "tokens_non_final": 3, "tokens_reasoning": 0, "tokens_response": 3, "elapsed_seconds": 0.5619263648986816, "judgement": "Mildly off"}
{"id": "discounts_001843", "topic": "discounts", "subtopic": "buy_n_get_m", "prompt": "Buy 4 get 2 free on items priced $5.69 each. You take 7 total. About how much do you pay?", "exact_value": 28.45, "model": "tiiuae/Falcon-H1-7B-Instruct", "provider": "transformers", "response": "Final answer: 35", "numeric_answer": 35.0, "relative_error": 0.2302284710017575, "thinking_text": null, "has_tool_call": false, "tool_call": null, "usage": {"prompt_tokens": 192, "completion_tokens": 7, "total_tokens": 199, "token_count_source": "tokenizer"}, "decoding": {"temperature": 0.2, "top_p": null, "top_k": null, "max_tokens": 256, "seed": 42}, "prompt_tokens": 192, "completion_tokens": 7, "total_tokens": 199, "token_count_source": "tokenizer", "diffusion_steps": null, "flops_estimate": null, "flops_arch": null, "flops_model_params": null, "flops_active_params": null, "tokens_non_final": 3, "tokens_reasoning": 0, "tokens_response": 3, "elapsed_seconds": 0.5608594417572021, "judgement": "Mildly off"}
{"id": "discounts_001863", "topic": "discounts", "subtopic": "percent", "prompt": "Cart: $49.70, $10.83, $19.81, $44.58. A 20% discount applies to everything. About how much do you pay?", "exact_value": 99.94, "model": "tiiuae/Falcon-H1-7B-Instruct", "provider": "transformers", "response": "Final answer: 80", "numeric_answer": 80.0, "relative_error": 0.19951971182709624, "thinking_text": null, "has_tool_call": false, "tool_call": null, "usage": {"prompt_tokens": 212, "completion_tokens": 7, "total_tokens": 219, "token_count_source": "tokenizer"}, "decoding": {"temperature": 0.2, "top_p": null, "top_k": null, "max_tokens": 256, "seed": 42}, "prompt_tokens": 212, "completion_tokens": 7, "total_tokens": 219, "token_count_source": "tokenizer", "diffusion_steps": null, "flops_estimate": null, "flops_arch": null, "flops_model_params": null, "flops_active_params": null, "tokens_non_final": 3, "tokens_reasoning": 0, "tokens_response": 3, "elapsed_seconds": 0.5620110034942627, "judgement": "Good approximation"}
{"id": "taxes_000125", "topic": "taxes", "subtopic": "pre_discount_tax", "prompt": "Cart: $17.54, $53.38, $24.54, $55.21. Local sales tax is 6.0% (tax calculated before discount). About how much is the total?", "exact_value": 159.71, "model": "tiiuae/Falcon-H1-7B-Instruct", "provider": "transformers", "response": "Final answer: 160", "numeric_answer": 160.0, "relative_error": 0.0018157911214075012, "thinking_text": null, "has_tool_call": false, "tool_call": null, "usage": {"prompt_tokens": 218, "completion_tokens": 8, "total_tokens": 226, "token_count_source": "tokenizer"}, "decoding": {"temperature": 0.2, "top_p": null, "top_k": null, "max_tokens": 256, "seed": 42}, "prompt_tokens": 218, "completion_tokens": 8, "total_tokens": 226, "token_count_source": "tokenizer", "diffusion_steps": null, "flops_estimate": null, "flops_arch": null, "flops_model_params": null, "flops_active_params": null, "tokens_non_final": 3, "tokens_reasoning": 0, "tokens_response": 3, "elapsed_seconds": 0.6242825984954834, "judgement": "Good approximation"}
{"id": "taxes_000145", "topic": "taxes", "subtopic": "post_discount_tax", "prompt": "Cart: $18.69, $24.12, $48.37 with a 15% store discount. Local sales tax is 8.5% (tax after discount). About how much is the total?", "exact_value": 84.09, "model": "tiiuae/Falcon-H1-7B-Instruct", "provider": "transformers", "response": "Final answer: 75", "numeric_answer": 75.0, "relative_error": 0.10809846592936144, "thinking_text": null, "has_tool_call": false, "tool_call": null, "usage": {"prompt_tokens": 217, "completion_tokens": 7, "total_tokens": 224, "token_count_source": "tokenizer"}, "decoding": {"temperature": 0.2, "top_p": null, "top_k": null, "max_tokens": 256, "seed": 42}, "prompt_tokens": 217, "completion_tokens": 7, "total_tokens": 224, "token_count_source": "tokenizer", "diffusion_steps": null, "flops_estimate": null, "flops_arch": null, "flops_model_params": null, "flops_active_params": null, "tokens_non_final": 3, "tokens_reasoning": 0, "tokens_response": 3, "elapsed_seconds": 0.5577752590179443, "judgement": "Good approximation"}
{"id": "taxes_000165", "topic": "taxes", "subtopic": "post_discount_tax", "prompt": "Cart: $36.35, $28.85, $37.41, $21.33. Local sales tax is 7.0% (tax after discount). About how much is the total?", "exact_value": 132.62, "model": "tiiuae/Falcon-H1-7B-Instruct", "provider": "transformers", "response": "Final answer: 110", "numeric_answer": 110.0, "relative_error": 0.17056250942542606, "thinking_text": null, "has_tool_call": false, "tool_call": null, "usage": {"prompt_tokens": 217, "completion_tokens": 8, "total_tokens": 225, "token_count_source": "tokenizer"}, "decoding": {"temperature": 0.2, "top_p": null, "top_k": null, "max_tokens": 256, "seed": 42}, "prompt_tokens": 217, "completion_tokens": 8, "total_tokens": 225, "token_count_source": "tokenizer", "diffusion_steps": null, "flops_estimate": null, "flops_arch": null, "flops_model_params": null, "flops_active_params": null, "tokens_non_final": 3, "tokens_reasoning": 0, "tokens_response": 3, "elapsed_seconds": 0.6328277587890625, "judgement": "Good approximation"}
{"id": "taxes_000185", "topic": "taxes", "subtopic": "post_discount_tax", "prompt": "Cart: $39.06, $55.17, $5.30 with a 10% store discount. Local sales tax is 8.5% (tax after discount). About how much is the total?", "exact_value": 97.19, "model": "tiiuae/Falcon-H1-7B-Instruct", "provider": "transformers", "response": "Final answer: 85", "numeric_answer": 85.0, "relative_error": 0.12542442638131493, "thinking_text": null, "has_tool_call": false, "tool_call": null, "usage": {"prompt_tokens": 216, "completion_tokens": 7, "total_tokens": 223, "token_count_source": "tokenizer"}, "decoding": {"temperature": 0.2, "top_p": null, "top_k": null, "max_tokens": 256, "seed": 42}, "prompt_tokens": 216, "completion_tokens": 7, "total_tokens": 223, "token_count_source": "tokenizer", "diffusion_steps": null, "flops_estimate": null, "flops_arch": null, "flops_model_params": null, "flops_active_params": null, "tokens_non_final": 3, "tokens_reasoning": 0, "tokens_response": 3, "elapsed_seconds": 0.5634520053863525, "judgement": "Good approximation"}
{"id": "taxes_000205", "topic": "taxes", "subtopic": "post_discount_tax", "prompt": "Cart: $32.18, $47.34 with a 15% store discount. Local sales tax is 7.5% (tax after discount). About how much is the total?", "exact_value": 72.66, "model": "tiiuae/Falcon-H1-7B-Instruct", "provider": "transformers", "response": "Final answer: 70", "numeric_answer": 70.0, "relative_error": 0.036608863198458526, "thinking_text": null, "has_tool_call": false, "tool_call": null, "usage": {"prompt_tokens": 209, "completion_tokens": 7, "total_tokens": 216, "token_count_source": "tokenizer"}, "decoding": {"temperature": 0.2, "top_p": null, "top_k": null, "max_tokens": 256, "seed": 42}, "prompt_tokens": 209, "completion_tokens": 7, "total_tokens": 216, "token_count_source": "tokenizer", "diffusion_steps": null, "flops_estimate": null, "flops_arch": null, "flops_model_params": null, "flops_active_params": null, "tokens_non_final": 3, "tokens_reasoning": 0, "tokens_response": 3, "elapsed_seconds": 0.5355212688446045, "judgement": "Good approximation"}
{"id": "taxes_000225", "topic": "taxes", "subtopic": "pre_discount_tax", "prompt": "Cart: $46.98, $51.52 with a 20% store discount. Local sales tax is 7.0% (tax calculated before discount). About how much is the total?", "exact_value": 85.7, "model": "tiiuae/Falcon-H1-7B-Instruct", "provider": "transformers", "response": "Final answer: 80", "numeric_answer": 80.0, "relative_error": 0.0665110851808635, "thinking_text": null, "has_tool_call": false, "tool_call": null, "usage": {"prompt_tokens": 210, "completion_tokens": 7, "total_tokens": 217, "token_count_source": "tokenizer"}, "decoding": {"temperature": 0.2, "top_p": null, "top_k": null, "max_tokens": 256, "seed": 42}, "prompt_tokens": 210, "completion_tokens": 7, "total_tokens": 217, "token_count_source": "tokenizer", "diffusion_steps": null, "flops_estimate": null, "flops_arch": null, "flops_model_params": null, "flops_active_params": null, "tokens_non_final": 3, "tokens_reasoning": 0, "tokens_response": 3, "elapsed_seconds": 0.5533201694488525, "judgement": "Good approximation"}
{"id": "taxes_000245", "topic": "taxes", "subtopic": "post_discount_tax", "prompt": "Cart: $7.93, $42.44 with a 20% store discount. Local sales tax is 8.5% (tax after discount). About how much is the total?", "exact_value": 43.72, "model": "tiiuae/Falcon-H1-7B-Instruct", "provider": "transformers", "response": "Final answer: 40", "numeric_answer": 40.0, "relative_error": 0.0850869167429094, "thinking_text": null, "has_tool_call": false, "tool_call": null, "usage": {"prompt_tokens": 208, "completion_tokens": 7, "total_tokens": 215, "token_count_source": "tokenizer"}, "decoding": {"temperature": 0.2, "top_p": null, "top_k": null, "max_tokens": 256, "seed": 42}, "prompt_tokens": 208, "completion_tokens": 7, "total_tokens": 215, "token_count_source": "tokenizer", "diffusion_steps": null, "flops_estimate": null, "flops_arch": null, "flops_model_params": null, "flops_active_params": null, "tokens_non_final": 3, "tokens_reasoning": 0, "tokens_response": 3, "elapsed_seconds": 0.5462210178375244, "judgement": "Good approximation"}
{"id": "taxes_000265", "topic": "taxes", "subtopic": "pre_discount_tax", "prompt": "Cart: $49.77, $52.43 with a 15% store discount. Local sales tax is 7.0% (tax calculated before discount). About how much is the total?", "exact_value": 94.02, "model": "tiiuae/Falcon-H1-7B-Instruct", "provider": "transformers", "response": "Final answer: 90", "numeric_answer": 90.0, "relative_error": 0.042756860242501554, "thinking_text": null, "has_tool_call": false, "tool_call": null, "usage": {"prompt_tokens": 210, "completion_tokens": 7, "total_tokens": 217, "token_count_source": "tokenizer"}, "decoding": {"temperature": 0.2, "top_p": null, "top_k": null, "max_tokens": 256, "seed": 42}, "prompt_tokens": 210, "completion_tokens": 7, "total_tokens": 217, "token_count_source": "tokenizer", "diffusion_steps": null, "flops_estimate": null, "flops_arch": null, "flops_model_params": null, "flops_active_params": null, "tokens_non_final": 3, "tokens_reasoning": 0, "tokens_response": 3, "elapsed_seconds": 0.5609705448150635, "judgement": "Good approximation"}
{"id": "taxes_000285", "topic": "taxes", "subtopic": "pre_discount_tax", "prompt": "Cart: $55.10, $57.04, $26.06. Local sales tax is 8.0% (tax calculated before discount). About how much is the total?", "exact_value": 149.26, "model": "tiiuae/Falcon-H1-7B-Instruct", "provider": "transformers", "response": "Final answer: 150", "numeric_answer": 150.0, "relative_error": 0.004957791772745606, "thinking_text": null, "has_tool_call": false, "tool_call": null, "usage": {"prompt_tokens": 210, "completion_tokens": 8, "total_tokens": 218, "token_count_source": "tokenizer"}, "decoding": {"temperature": 0.2, "top_p": null, "top_k": null, "max_tokens": 256, "seed": 42}, "prompt_tokens": 210, "completion_tokens": 8, "total_tokens": 218, "token_count_source": "tokenizer", "diffusion_steps": null, "flops_estimate": null, "flops_arch": null, "flops_model_params": null, "flops_active_params": null, "tokens_non_final": 3, "tokens_reasoning": 0, "tokens_response": 3, "elapsed_seconds": 0.6075623035430908, "judgement": "Good approximation"}
{"id": "taxes_000305", "topic": "taxes", "subtopic": "post_discount_tax", "prompt": "Cart: $11.77, $16.54, $39.43, $8.08 with a 15% store discount. Local sales tax is 8.0% (tax after discount). About how much is the total?", "exact_value": 69.6, "model": "tiiuae/Falcon-H1-7B-Instruct", "provider": "transformers", "response": "Final answer: 58", "numeric_answer": 58.0, "relative_error": 0.1666666666666666, "thinking_text": null, "has_tool_call": false, "tool_call": null, "usage": {"prompt_tokens": 224, "completion_tokens": 7, "total_tokens": 231, "token_count_source": "tokenizer"}, "decoding": {"temperature": 0.2, "top_p": null, "top_k": null, "max_tokens": 256, "seed": 42}, "prompt_tokens": 224, "completion_tokens": 7, "total_tokens": 231, "token_count_source": "tokenizer", "diffusion_steps": null, "flops_estimate": null, "flops_arch": null, "flops_model_params": null, "flops_active_params": null, "tokens_non_final": 3, "tokens_reasoning": 0, "tokens_response": 3, "elapsed_seconds": 0.5630879402160645, "judgement": "Good approximation"}
{"id": "taxes_000325", "topic": "taxes", "subtopic": "post_discount_tax", "prompt": "Cart: $39.73, $18.58, $45.77, $3.63, $35.20 with a 20% store discount. Local sales tax is 6.0% (tax after discount). About how much is the total?", "exact_value": 121.19, "model": "tiiuae/Falcon-H1-7B-Instruct", "provider": "transformers", "response": "Final answer: 90", "numeric_answer": 90.0, "relative_error": 0.25736446901559534, "thinking_text": null, "has_tool_call": false, "tool_call": null, "usage": {"prompt_tokens": 232, "completion_tokens": 7, "total_tokens": 239, "token_count_source": "tokenizer"}, "decoding": {"temperature": 0.2, "top_p": null, "top_k": null, "max_tokens": 256, "seed": 42}, "prompt_tokens": 232, "completion_tokens": 7, "total_tokens": 239, "token_count_source": "tokenizer", "diffusion_steps": null, "flops_estimate": null, "flops_arch": null, "flops_model_params": null, "flops_active_params": null, "tokens_non_final": 3, "tokens_reasoning": 0, "tokens_response": 3, "elapsed_seconds": 0.5701110363006592, "judgement": "Mildly off"}
{"id": "taxes_000345", "topic": "taxes", "subtopic": "post_discount_tax", "prompt": "Cart: $24.56, $46.80, $5.58, $29.56 with a 20% store discount. Local sales tax is 7.0% (tax after discount). About how much is the total?", "exact_value": 91.16, "model": "tiiuae/Falcon-H1-7B-Instruct", "provider": "transformers", "response": "Final answer: 80", "numeric_answer": 80.0, "relative_error": 0.1224221149627029, "thinking_text": null, "has_tool_call": false, "tool_call": null, "usage": {"prompt_tokens": 224, "completion_tokens": 7, "total_tokens": 231, "token_count_source": "tokenizer"}, "decoding": {"temperature": 0.2, "top_p": null, "top_k": null, "max_tokens": 256, "seed": 42}, "prompt_tokens": 224, "completion_tokens": 7, "total_tokens": 231, "token_count_source": "tokenizer", "diffusion_steps": null, "flops_estimate": null, "flops_arch": null, "flops_model_params": null, "flops_active_params": null, "tokens_non_final": 3, "tokens_reasoning": 0, "tokens_response": 3, "elapsed_seconds": 0.5637850761413574, "judgement": "Good approximation"}
{"id": "taxes_000365", "topic": "taxes", "subtopic": "pre_discount_tax", "prompt": "Cart: $25.08, $28.92, $32.37 with a 15% store discount. Local sales tax is 6.0% (tax calculated before discount). About how much is the total?", "exact_value": 78.6, "model": "tiiuae/Falcon-H1-7B-Instruct", "provider": "transformers", "response": "Final answer: 70", "numeric_answer": 70.0, "relative_error": 0.10941475826972004, "thinking_text": null, "has_tool_call": false, "tool_call": null, "usage": {"prompt_tokens": 218, "completion_tokens": 7, "total_tokens": 225, "token_count_source": "tokenizer"}, "decoding": {"temperature": 0.2, "top_p": null, "top_k": null, "max_tokens": 256, "seed": 42}, "prompt_tokens": 218, "completion_tokens": 7, "total_tokens": 225, "token_count_source": "tokenizer", "diffusion_steps": null, "flops_estimate": null, "flops_arch": null, "flops_model_params": null, "flops_active_params": null, "tokens_non_final": 3, "tokens_reasoning": 0, "tokens_response": 3, "elapsed_seconds": 0.5361628532409668, "judgement": "Good approximation"}
{"id": "taxes_000385", "topic": "taxes", "subtopic": "pre_discount_tax", "prompt": "Cart: $51.59, $30.61, $22.59, $17.83 with a 10% store discount. Local sales tax is 8.5% (tax calculated before discount). About how much is the total?", "exact_value": 120.78, "model": "tiiuae/Falcon-H1-7B-Instruct", "provider": "transformers", "response": "Final answer: 95", "numeric_answer": 95.0, "relative_error": 0.21344593475741017, "thinking_text": null, "has_tool_call": false, "tool_call": null, "usage": {"prompt_tokens": 226, "completion_tokens": 7, "total_tokens": 233, "token_count_source": "tokenizer"}, "decoding": {"temperature": 0.2, "top_p": null, "top_k": null, "max_tokens": 256, "seed": 42}, "prompt_tokens": 226, "completion_tokens": 7, "total_tokens": 233, "token_count_source": "tokenizer", "diffusion_steps": null, "flops_estimate": null, "flops_arch": null, "flops_model_params": null, "flops_active_params": null, "tokens_non_final": 3, "tokens_reasoning": 0, "tokens_response": 3, "elapsed_seconds": 0.5584461688995361, "judgement": "Mildly off"}
{"id": "taxes_000405", "topic": "taxes", "subtopic": "pre_discount_tax", "prompt": "Cart: $53.39, $53.80, $28.30, $24.65, $5.80 with a 20% store discount. Local sales tax is 7.0% (tax calculated before discount). About how much is the total?", "exact_value": 144.37, "model": "tiiuae/Falcon-H1-7B-Instruct", "provider": "transformers", "response": "Final answer: 120", "numeric_answer": 120.0, "relative_error": 0.16880238276650275, "thinking_text": null, "has_tool_call": false, "tool_call": null, "usage": {"prompt_tokens": 233, "completion_tokens": 8, "total_tokens": 241, "token_count_source": "tokenizer"}, "decoding": {"temperature": 0.2, "top_p": null, "top_k": null, "max_tokens": 256, "seed": 42}, "prompt_tokens": 233, "completion_tokens": 8, "total_tokens": 241, "token_count_source": "tokenizer", "diffusion_steps": null, "flops_estimate": null, "flops_arch": null, "flops_model_params": null, "flops_active_params": null, "tokens_non_final": 3, "tokens_reasoning": 0, "tokens_response": 3, "elapsed_seconds": 0.6313502788543701, "judgement": "Good approximation"}
{"id": "taxes_000425", "topic": "taxes", "subtopic": "post_discount_tax", "prompt": "Cart: $22.61, $7.97, $56.54, $11.80. Local sales tax is 7.0% (tax after discount). About how much is the total?", "exact_value": 105.84, "model": "tiiuae/Falcon-H1-7B-Instruct", "provider": "transformers", "response": "Final answer: 105", "numeric_answer": 105.0, "relative_error": 0.007936507936507969, "thinking_text": null, "has_tool_call": false, "tool_call": null, "usage": {"prompt_tokens": 216, "completion_tokens": 8, "total_tokens": 224, "token_count_source": "tokenizer"}, "decoding": {"temperature": 0.2, "top_p": null, "top_k": null, "max_tokens": 256, "seed": 42}, "prompt_tokens": 216, "completion_tokens": 8, "total_tokens": 224, "token_count_source": "tokenizer", "diffusion_steps": null, "flops_estimate": null, "flops_arch": null, "flops_model_params": null, "flops_active_params": null, "tokens_non_final": 3, "tokens_reasoning": 0, "tokens_response": 3, "elapsed_seconds": 0.6253340244293213, "judgement": "Good approximation"}
{"id": "taxes_000445", "topic": "taxes", "subtopic": "pre_discount_tax", "prompt": "Cart: $46.59, $16.28. Local sales tax is 8.5% (tax calculated before discount). About how much is the total?", "exact_value": 68.21, "model": "tiiuae/Falcon-H1-7B-Instruct", "provider": "transformers", "response": "Final answer: 70", "numeric_answer": 70.0, "relative_error": 0.026242486438938666, "thinking_text": null, "has_tool_call": false, "tool_call": null, "usage": {"prompt_tokens": 202, "completion_tokens": 7, "total_tokens": 209, "token_count_source": "tokenizer"}, "decoding": {"temperature": 0.2, "top_p": null, "top_k": null, "max_tokens": 256, "seed": 42}, "prompt_tokens": 202, "completion_tokens": 7, "total_tokens": 209, "token_count_source": "tokenizer", "diffusion_steps": null, "flops_estimate": null, "flops_arch": null, "flops_model_params": null, "flops_active_params": null, "tokens_non_final": 3, "tokens_reasoning": 0, "tokens_response": 3, "elapsed_seconds": 0.5618317127227783, "judgement": "Good approximation"}
{"id": "taxes_000465", "topic": "taxes", "subtopic": "pre_discount_tax", "prompt": "Cart: $4.60, $30.69, $19.15 with a 10% store discount. Local sales tax is 7.0% (tax calculated before discount). About how much is the total?", "exact_value": 52.81, "model": "tiiuae/Falcon-H1-7B-Instruct", "provider": "transformers", "response": "Final answer: 50", "numeric_answer": 50.0, "relative_error": 0.053209619390267034, "thinking_text": null, "has_tool_call": false, "tool_call": null, "usage": {"prompt_tokens": 217, "completion_tokens": 7, "total_tokens": 224, "token_count_source": "tokenizer"}, "decoding": {"temperature": 0.2, "top_p": null, "top_k": null, "max_tokens": 256, "seed": 42}, "prompt_tokens": 217, "completion_tokens": 7, "total_tokens": 224, "token_count_source": "tokenizer", "diffusion_steps": null, "flops_estimate": null, "flops_arch": null, "flops_model_params": null, "flops_active_params": null, "tokens_non_final": 3, "tokens_reasoning": 0, "tokens_response": 3, "elapsed_seconds": 0.5641114711761475, "judgement": "Good approximation"}
{"id": "taxes_000485", "topic": "taxes", "subtopic": "post_discount_tax", "prompt": "Cart: $34.84, $9.92, $58.12 with a 15% store discount. Local sales tax is 8.0% (tax after discount). About how much is the total?", "exact_value": 94.44, "model": "tiiuae/Falcon-H1-7B-Instruct", "provider": "transformers", "response": "Final answer: 70", "numeric_answer": 70.0, "relative_error": 0.25878864887759423, "thinking_text": null, "has_tool_call": false, "tool_call": null, "usage": {"prompt_tokens": 216, "completion_tokens": 7, "total_tokens": 223, "token_count_source": "tokenizer"}, "decoding": {"temperature": 0.2, "top_p": null, "top_k": null, "max_tokens": 256, "seed": 42}, "prompt_tokens": 216, "completion_tokens": 7, "total_tokens": 223, "token_count_source": "tokenizer", "diffusion_steps": null, "flops_estimate": null, "flops_arch": null, "flops_model_params": null, "flops_active_params": null, "tokens_non_final": 3, "tokens_reasoning": 0, "tokens_response": 3, "elapsed_seconds": 0.5365164279937744, "judgement": "Mildly off"}
{"id": "taxes_000505", "topic": "taxes", "subtopic": "post_discount_tax", "prompt": "Cart: $21.24, $18.83, $46.12, $12.11, $38.47 with a 15% store discount. Local sales tax is 7.0% (tax after discount). About how much is the total?", "exact_value": 124.39, "model": "tiiuae/Falcon-H1-7B-Instruct", "provider": "transformers", "response": "Final answer: 95", "numeric_answer": 95.0, "relative_error": 0.23627301230002412, "thinking_text": null, "has_tool_call": false, "tool_call": null, "usage": {"prompt_tokens": 233, "completion_tokens": 7, "total_tokens": 240, "token_count_source": "tokenizer"}, "decoding": {"temperature": 0.2, "top_p": null, "top_k": null, "max_tokens": 256, "seed": 42}, "prompt_tokens": 233, "completion_tokens": 7, "total_tokens": 240, "token_count_source": "tokenizer", "diffusion_steps": null, "flops_estimate": null, "flops_arch": null, "flops_model_params": null, "flops_active_params": null, "tokens_non_final": 3, "tokens_reasoning": 0, "tokens_response": 3, "elapsed_seconds": 0.5630378723144531, "judgement": "Mildly off"}
{"id": "taxes_000525", "topic": "taxes", "subtopic": "pre_discount_tax", "prompt": "Cart: $40.81, $31.93, $33.24, $7.40. Local sales tax is 7.0% (tax calculated before discount). About how much is the total?", "exact_value": 121.32, "model": "tiiuae/Falcon-H1-7B-Instruct", "provider": "transformers", "response": "Final answer: 120", "numeric_answer": 120.0, "relative_error": 0.010880316518298658, "thinking_text": null, "has_tool_call": false, "tool_call": null, "usage": {"prompt_tokens": 217, "completion_tokens": 8, "total_tokens": 225, "token_count_source": "tokenizer"}, "decoding": {"temperature": 0.2, "top_p": null, "top_k": null, "max_tokens": 256, "seed": 42}, "prompt_tokens": 217, "completion_tokens": 8, "total_tokens": 225, "token_count_source": "tokenizer", "diffusion_steps": null, "flops_estimate": null, "flops_arch": null, "flops_model_params": null, "flops_active_params": null, "tokens_non_final": 3, "tokens_reasoning": 0, "tokens_response": 3, "elapsed_seconds": 0.6354448795318604, "judgement": "Good approximation"}
{"id": "taxes_000545", "topic": "taxes", "subtopic": "pre_discount_tax", "prompt": "Cart: $59.68, $15.72 with a 15% store discount. Local sales tax is 8.5% (tax calculated before discount). About how much is the total?", "exact_value": 70.5, "model": "tiiuae/Falcon-H1-7B-Instruct", "provider": "transformers", "response": "Final answer: 75", "numeric_answer": 75.0, "relative_error": 0.06382978723404255, "thinking_text": null, "has_tool_call": false, "tool_call": null, "usage": {"prompt_tokens": 210, "completion_tokens": 7, "total_tokens": 217, "token_count_source": "tokenizer"}, "decoding": {"temperature": 0.2, "top_p": null, "top_k": null, "max_tokens": 256, "seed": 42}, "prompt_tokens": 210, "completion_tokens": 7, "total_tokens": 217, "token_count_source": "tokenizer", "diffusion_steps": null, "flops_estimate": null, "flops_arch": null, "flops_model_params": null, "flops_active_params": null, "tokens_non_final": 3, "tokens_reasoning": 0, "tokens_response": 3, "elapsed_seconds": 0.5609230995178223, "judgement": "Good approximation"}
{"id": "taxes_000565", "topic": "taxes", "subtopic": "pre_discount_tax", "prompt": "Cart: $26.85, $46.69, $42.49 with a 10% store discount. Local sales tax is 8.0% (tax calculated before discount). About how much is the total?", "exact_value": 113.71, "model": "tiiuae/Falcon-H1-7B-Instruct", "provider": "transformers", "response": "Final answer: 99", "numeric_answer": 99.0, "relative_error": 0.12936417201653325, "thinking_text": null, "has_tool_call": false, "tool_call": null, "usage": {"prompt_tokens": 218, "completion_tokens": 7, "total_tokens": 225, "token_count_source": "tokenizer"}, "decoding": {"temperature": 0.2, "top_p": null, "top_k": null, "max_tokens": 256, "seed": 42}, "prompt_tokens": 218, "completion_tokens": 7, "total_tokens": 225, "token_count_source": "tokenizer", "diffusion_steps": null, "flops_estimate": null, "flops_arch": null, "flops_model_params": null, "flops_active_params": null, "tokens_non_final": 3, "tokens_reasoning": 0, "tokens_response": 3, "elapsed_seconds": 0.5441961288452148, "judgement": "Good approximation"}
{"id": "taxes_000585", "topic": "taxes", "subtopic": "pre_discount_tax", "prompt": "Cart: $39.46, $16.46, $27.60 with a 15% store discount. Local sales tax is 7.5% (tax calculated before discount). About how much is the total?", "exact_value": 77.26, "model": "tiiuae/Falcon-H1-7B-Instruct", "provider": "transformers", "response": "Final answer: 60", "numeric_answer": 60.0, "relative_error": 0.22340150142376397, "thinking_text": null, "has_tool_call": false, "tool_call": null, "usage": {"prompt_tokens": 218, "completion_tokens": 7, "total_tokens": 225, "token_count_source": "tokenizer"}, "decoding": {"temperature": 0.2, "top_p": null, "top_k": null, "max_tokens": 256, "seed": 42}, "prompt_tokens": 218, "completion_tokens": 7, "total_tokens": 225, "token_count_source": "tokenizer", "diffusion_steps": null, "flops_estimate": null, "flops_arch": null, "flops_model_params": null, "flops_active_params": null, "tokens_non_final": 3, "tokens_reasoning": 0, "tokens_response": 3, "elapsed_seconds": 0.5643794536590576, "judgement": "Mildly off"}
{"id": "taxes_000605", "topic": "taxes", "subtopic": "post_discount_tax", "prompt": "Cart: $56.51, $45.65, $41.70 with a 15% store discount. Local sales tax is 8.5% (tax after discount). About how much is the total?", "exact_value": 132.67, "model": "tiiuae/Falcon-H1-7B-Instruct", "provider": "transformers", "response": "Final answer: 95", "numeric_answer": 95.0, "relative_error": 0.28393758950780124, "thinking_text": null, "has_tool_call": false, "tool_call": null, "usage": {"prompt_tokens": 217, "completion_tokens": 7, "total_tokens": 224, "token_count_source": "tokenizer"}, "decoding": {"temperature": 0.2, "top_p": null, "top_k": null, "max_tokens": 256, "seed": 42}, "prompt_tokens": 217, "completion_tokens": 7, "total_tokens": 224, "token_count_source": "tokenizer", "diffusion_steps": null, "flops_estimate": null, "flops_arch": null, "flops_model_params": null, "flops_active_params": null, "tokens_non_final": 3, "tokens_reasoning": 0, "tokens_response": 3, "elapsed_seconds": 0.5633134841918945, "judgement": "Mildly off"}
{"id": "taxes_000625", "topic": "taxes", "subtopic": "post_discount_tax", "prompt": "Cart: $45.52, $11.14, $39.66 with a 15% store discount. Local sales tax is 7.5% (tax after discount). About how much is the total?", "exact_value": 88.01, "model": "tiiuae/Falcon-H1-7B-Instruct", "provider": "transformers", "response": "Final answer: 70", "numeric_answer": 70.0, "relative_error": 0.20463583683672315, "thinking_text": null, "has_tool_call": false, "tool_call": null, "usage": {"prompt_tokens": 217, "completion_tokens": 7, "total_tokens": 224, "token_count_source": "tokenizer"}, "decoding": {"temperature": 0.2, "top_p": null, "top_k": null, "max_tokens": 256, "seed": 42}, "prompt_tokens": 217, "completion_tokens": 7, "total_tokens": 224, "token_count_source": "tokenizer", "diffusion_steps": null, "flops_estimate": null, "flops_arch": null, "flops_model_params": null, "flops_active_params": null, "tokens_non_final": 3, "tokens_reasoning": 0, "tokens_response": 3, "elapsed_seconds": 0.5719640254974365, "judgement": "Mildly off"}
{"id": "taxes_000645", "topic": "taxes", "subtopic": "post_discount_tax", "prompt": "Cart: $49.33, $22.71, $22.30, $10.61 with a 10% store discount. Local sales tax is 8.0% (tax after discount). About how much is the total?", "exact_value": 102.01, "model": "tiiuae/Falcon-H1-7B-Instruct", "provider": "transformers", "response": "Final answer: 75", "numeric_answer": 75.0, "relative_error": 0.2647779629448094, "thinking_text": null, "has_tool_call": false, "tool_call": null, "usage": {"prompt_tokens": 225, "completion_tokens": 7, "total_tokens": 232, "token_count_source": "tokenizer"}, "decoding": {"temperature": 0.2, "top_p": null, "top_k": null, "max_tokens": 256, "seed": 42}, "prompt_tokens": 225, "completion_tokens": 7, "total_tokens": 232, "token_count_source": "tokenizer", "diffusion_steps": null, "flops_estimate": null, "flops_arch": null, "flops_model_params": null, "flops_active_params": null, "tokens_non_final": 3, "tokens_reasoning": 0, "tokens_response": 3, "elapsed_seconds": 0.5732104778289795, "judgement": "Mildly off"}
{"id": "taxes_000665", "topic": "taxes", "subtopic": "post_discount_tax", "prompt": "Cart: $34.33, $12.25, $33.01 with a 10% store discount. Local sales tax is 8.5% (tax after discount). About how much is the total?", "exact_value": 77.72, "model": "tiiuae/Falcon-H1-7B-Instruct", "provider": "transformers", "response": "Final answer: 50", "numeric_answer": 50.0, "relative_error": 0.3566649511065363, "thinking_text": null, "has_tool_call": false, "tool_call": null, "usage": {"prompt_tokens": 217, "completion_tokens": 7, "total_tokens": 224, "token_count_source": "tokenizer"}, "decoding": {"temperature": 0.2, "top_p": null, "top_k": null, "max_tokens": 256, "seed": 42}, "prompt_tokens": 217, "completion_tokens": 7, "total_tokens": 224, "token_count_source": "tokenizer", "diffusion_steps": null, "flops_estimate": null, "flops_arch": null, "flops_model_params": null, "flops_active_params": null, "tokens_non_final": 3, "tokens_reasoning": 0, "tokens_response": 3, "elapsed_seconds": 0.5713865756988525, "judgement": "Mildly off"}
{"id": "taxes_000685", "topic": "taxes", "subtopic": "post_discount_tax", "prompt": "Cart: $45.39, $47.08, $42.29, $28.76, $33.64. Local sales tax is 8.0% (tax after discount). About how much is the total?", "exact_value": 212.93, "model": "tiiuae/Falcon-H1-7B-Instruct", "provider": "transformers", "response": "Final answer: 220", "numeric_answer": 220.0, "relative_error": 0.03320340017846237, "thinking_text": null, "has_tool_call": false, "tool_call": null, "usage": {"prompt_tokens": 225, "completion_tokens": 8, "total_tokens": 233, "token_count_source": "tokenizer"}, "decoding": {"temperature": 0.2, "top_p": null, "top_k": null, "max_tokens": 256, "seed": 42}, "prompt_tokens": 225, "completion_tokens": 8, "total_tokens": 233, "token_count_source": "tokenizer", "diffusion_steps": null, "flops_estimate": null, "flops_arch": null, "flops_model_params": null, "flops_active_params": null, "tokens_non_final": 3, "tokens_reasoning": 0, "tokens_response": 3, "elapsed_seconds": 0.6483759880065918, "judgement": "Good approximation"}
{"id": "taxes_000705", "topic": "taxes", "subtopic": "post_discount_tax", "prompt": "Cart: $40.98, $7.11, $42.94, $15.29 with a 10% store discount. Local sales tax is 8.0% (tax after discount). About how much is the total?", "exact_value": 103.34, "model": "tiiuae/Falcon-H1-7B-Instruct", "provider": "transformers", "response": "Final answer: 65", "numeric_answer": 65.0, "relative_error": 0.3710083220437391, "thinking_text": null, "has_tool_call": false, "tool_call": null, "usage": {"prompt_tokens": 224, "completion_tokens": 7, "total_tokens": 231, "token_count_source": "tokenizer"}, "decoding": {"temperature": 0.2, "top_p": null, "top_k": null, "max_tokens": 256, "seed": 42}, "prompt_tokens": 224, "completion_tokens": 7, "total_tokens": 231, "token_count_source": "tokenizer", "diffusion_steps": null, "flops_estimate": null, "flops_arch": null, "flops_model_params": null, "flops_active_params": null, "tokens_non_final": 3, "tokens_reasoning": 0, "tokens_response": 3, "elapsed_seconds": 0.5668060779571533, "judgement": "Mildly off"}
{"id": "taxes_000725", "topic": "taxes", "subtopic": "post_discount_tax", "prompt": "Cart: $58.29, $57.54, $3.90, $13.77, $33.83 with a 15% store discount. Local sales tax is 7.0% (tax after discount). About how much is the total?", "exact_value": 152.19, "model": "tiiuae/Falcon-H1-7B-Instruct", "provider": "transformers", "response": "Final answer: 120", "numeric_answer": 120.0, "relative_error": 0.21151192588212103, "thinking_text": null, "has_tool_call": false, "tool_call": null, "usage": {"prompt_tokens": 232, "completion_tokens": 8, "total_tokens": 240, "token_count_source": "tokenizer"}, "decoding": {"temperature": 0.2, "top_p": null, "top_k": null, "max_tokens": 256, "seed": 42}, "prompt_tokens": 232, "completion_tokens": 8, "total_tokens": 240, "token_count_source": "tokenizer", "diffusion_steps": null, "flops_estimate": null, "flops_arch": null, "flops_model_params": null, "flops_active_params": null, "tokens_non_final": 3, "tokens_reasoning": 0, "tokens_response": 3, "elapsed_seconds": 0.685490608215332, "judgement": "Mildly off"}
{"id": "taxes_000745", "topic": "taxes", "subtopic": "post_discount_tax", "prompt": "Cart: $54.15, $17.05, $39.04, $11.06 with a 20% store discount. Local sales tax is 6.0% (tax after discount). About how much is the total?", "exact_value": 102.86, "model": "tiiuae/Falcon-H1-7B-Instruct", "provider": "transformers", "response": "Final answer: 75", "numeric_answer": 75.0, "relative_error": 0.27085358740035, "thinking_text": null, "has_tool_call": false, "tool_call": null, "usage": {"prompt_tokens": 225, "completion_tokens": 7, "total_tokens": 232, "token_count_source": "tokenizer"}, "decoding": {"temperature": 0.2, "top_p": null, "top_k": null, "max_tokens": 256, "seed": 42}, "prompt_tokens": 225, "completion_tokens": 7, "total_tokens": 232, "token_count_source": "tokenizer", "diffusion_steps": null, "flops_estimate": null, "flops_arch": null, "flops_model_params": null, "flops_active_params": null, "tokens_non_final": 3, "tokens_reasoning": 0, "tokens_response": 3, "elapsed_seconds": 0.5745275020599365, "judgement": "Mildly off"}
{"id": "taxes_000765", "topic": "taxes", "subtopic": "pre_discount_tax", "prompt": "Cart: $57.68, $16.68, $27.84, $52.23, $26.02 with a 15% store discount. Local sales tax is 6.0% (tax calculated before discount). About how much is the total?", "exact_value": 164.21, "model": "tiiuae/Falcon-H1-7B-Instruct", "provider": "transformers", "response": "Final answer: 110", "numeric_answer": 110.0, "relative_error": 0.3301260580963401, "thinking_text": null, "has_tool_call": false, "tool_call": null, "usage": {"prompt_tokens": 234, "completion_tokens": 8, "total_tokens": 242, "token_count_source": "tokenizer"}, "decoding": {"temperature": 0.2, "top_p": null, "top_k": null, "max_tokens": 256, "seed": 42}, "prompt_tokens": 234, "completion_tokens": 8, "total_tokens": 242, "token_count_source": "tokenizer", "diffusion_steps": null, "flops_estimate": null, "flops_arch": null, "flops_model_params": null, "flops_active_params": null, "tokens_non_final": 3, "tokens_reasoning": 0, "tokens_response": 3, "elapsed_seconds": 0.6423869132995605, "judgement": "Mildly off"}
{"id": "taxes_000785", "topic": "taxes", "subtopic": "post_discount_tax", "prompt": "Cart: $25.69, $31.24 with a 10% store discount. Local sales tax is 6.0% (tax after discount). About how much is the total?", "exact_value": 54.31, "model": "tiiuae/Falcon-H1-7B-Instruct", "provider": "transformers", "response": "Final answer: 50", "numeric_answer": 50.0, "relative_error": 0.07935923402688275, "thinking_text": null, "has_tool_call": false, "tool_call": null, "usage": {"prompt_tokens": 209, "completion_tokens": 7, "total_tokens": 216, "token_count_source": "tokenizer"}, "decoding": {"temperature": 0.2, "top_p": null, "top_k": null, "max_tokens": 256, "seed": 42}, "prompt_tokens": 209, "completion_tokens": 7, "total_tokens": 216, "token_count_source": "tokenizer", "diffusion_steps": null, "flops_estimate": null, "flops_arch": null, "flops_model_params": null, "flops_active_params": null, "tokens_non_final": 3, "tokens_reasoning": 0, "tokens_response": 3, "elapsed_seconds": 0.5894994735717773, "judgement": "Good approximation"}
{"id": "taxes_000805", "topic": "taxes", "subtopic": "post_discount_tax", "prompt": "Cart: $40.12, $28.74 with a 15% store discount. Local sales tax is 7.5% (tax after discount). About how much is the total?", "exact_value": 62.92, "model": "tiiuae/Falcon-H1-7B-Instruct", "provider": "transformers", "response": "Final answer: 55", "numeric_answer": 55.0, "relative_error": 0.1258741258741259, "thinking_text": null, "has_tool_call": false, "tool_call": null, "usage": {"prompt_tokens": 209, "completion_tokens": 7, "total_tokens": 216, "token_count_source": "tokenizer"}, "decoding": {"temperature": 0.2, "top_p": null, "top_k": null, "max_tokens": 256, "seed": 42}, "prompt_tokens": 209, "completion_tokens": 7, "total_tokens": 216, "token_count_source": "tokenizer", "diffusion_steps": null, "flops_estimate": null, "flops_arch": null, "flops_model_params": null, "flops_active_params": null, "tokens_non_final": 3, "tokens_reasoning": 0, "tokens_response": 3, "elapsed_seconds": 0.5827865600585938, "judgement": "Good approximation"}
{"id": "taxes_000825", "topic": "taxes", "subtopic": "pre_discount_tax", "prompt": "Cart: $42.07, $45.58, $4.03. Local sales tax is 8.5% (tax calculated before discount). About how much is the total?", "exact_value": 99.47, "model": "tiiuae/Falcon-H1-7B-Instruct", "provider": "transformers", "response": "Final answer: 100", "numeric_answer": 100.0, "relative_error": 0.005328239670252349, "thinking_text": null, "has_tool_call": false, "tool_call": null, "usage": {"prompt_tokens": 209, "completion_tokens": 8, "total_tokens": 217, "token_count_source": "tokenizer"}, "decoding": {"temperature": 0.2, "top_p": null, "top_k": null, "max_tokens": 256, "seed": 42}, "prompt_tokens": 209, "completion_tokens": 8, "total_tokens": 217, "token_count_source": "tokenizer", "diffusion_steps": null, "flops_estimate": null, "flops_arch": null, "flops_model_params": null, "flops_active_params": null, "tokens_non_final": 3, "tokens_reasoning": 0, "tokens_response": 3, "elapsed_seconds": 0.617372989654541, "judgement": "Good approximation"}
{"id": "taxes_000845", "topic": "taxes", "subtopic": "post_discount_tax", "prompt": "Cart: $15.87, $9.20, $33.08, $43.65, $38.88 with a 20% store discount. Local sales tax is 6.0% (tax after discount). About how much is the total?", "exact_value": 119.3, "model": "tiiuae/Falcon-H1-7B-Instruct", "provider": "transformers", "response": "Final answer: 100", "numeric_answer": 100.0, "relative_error": 0.1617770326906957, "thinking_text": null, "has_tool_call": false, "tool_call": null, "usage": {"prompt_tokens": 232, "completion_tokens": 8, "total_tokens": 240, "token_count_source": "tokenizer"}, "decoding": {"temperature": 0.2, "top_p": null, "top_k": null, "max_tokens": 256, "seed": 42}, "prompt_tokens": 232, "completion_tokens": 8, "total_tokens": 240, "token_count_source": "tokenizer", "diffusion_steps": null, "flops_estimate": null, "flops_arch": null, "flops_model_params": null, "flops_active_params": null, "tokens_non_final": 3, "tokens_reasoning": 0, "tokens_response": 3, "elapsed_seconds": 0.6183128356933594, "judgement": "Good approximation"}
{"id": "taxes_000865", "topic": "taxes", "subtopic": "post_discount_tax", "prompt": "Cart: $58.64, $45.63, $26.84 with a 20% store discount. Local sales tax is 7.5% (tax after discount). About how much is the total?", "exact_value": 112.75, "model": "tiiuae/Falcon-H1-7B-Instruct", "provider": "transformers", "response": "Final answer: 95", "numeric_answer": 95.0, "relative_error": 0.1574279379157428, "thinking_text": null, "has_tool_call": false, "tool_call": null, "usage": {"prompt_tokens": 217, "completion_tokens": 7, "total_tokens": 224, "token_count_source": "tokenizer"}, "decoding": {"temperature": 0.2, "top_p": null, "top_k": null, "max_tokens": 256, "seed": 42}, "prompt_tokens": 217, "completion_tokens": 7, "total_tokens": 224, "token_count_source": "tokenizer", "diffusion_steps": null, "flops_estimate": null, "flops_arch": null, "flops_model_params": null, "flops_active_params": null, "tokens_non_final": 3, "tokens_reasoning": 0, "tokens_response": 3, "elapsed_seconds": 0.5577194690704346, "judgement": "Good approximation"}
{"id": "taxes_000885", "topic": "taxes", "subtopic": "post_discount_tax", "prompt": "Cart: $14.40, $32.79, $9.47, $52.98, $5.25 with a 15% store discount. Local sales tax is 7.0% (tax after discount). About how much is the total?", "exact_value": 104.49, "model": "tiiuae/Falcon-H1-7B-Instruct", "provider": "transformers", "response": "Final answer: 75", "numeric_answer": 75.0, "relative_error": 0.282227964398507, "thinking_text": null, "has_tool_call": false, "tool_call": null, "usage": {"prompt_tokens": 231, "completion_tokens": 7, "total_tokens": 238, "token_count_source": "tokenizer"}, "decoding": {"temperature": 0.2, "top_p": null, "top_k": null, "max_tokens": 256, "seed": 42}, "prompt_tokens": 231, "completion_tokens": 7, "total_tokens": 238, "token_count_source": "tokenizer", "diffusion_steps": null, "flops_estimate": null, "flops_arch": null, "flops_model_params": null, "flops_active_params": null, "tokens_non_final": 3, "tokens_reasoning": 0, "tokens_response": 3, "elapsed_seconds": 0.5458414554595947, "judgement": "Mildly off"}
{"id": "taxes_000905", "topic": "taxes", "subtopic": "pre_discount_tax", "prompt": "Cart: $17.90, $48.48, $26.49, $5.89. Local sales tax is 8.5% (tax calculated before discount). About how much is the total?", "exact_value": 107.15, "model": "tiiuae/Falcon-H1-7B-Instruct", "provider": "transformers", "response": "Final answer: 105", "numeric_answer": 105.0, "relative_error": 0.020065328978068182, "thinking_text": null, "has_tool_call": false, "tool_call": null, "usage": {"prompt_tokens": 217, "completion_tokens": 8, "total_tokens": 225, "token_count_source": "tokenizer"}, "decoding": {"temperature": 0.2, "top_p": null, "top_k": null, "max_tokens": 256, "seed": 42}, "prompt_tokens": 217, "completion_tokens": 8, "total_tokens": 225, "token_count_source": "tokenizer", "diffusion_steps": null, "flops_estimate": null, "flops_arch": null, "flops_model_params": null, "flops_active_params": null, "tokens_non_final": 3, "tokens_reasoning": 0, "tokens_response": 3, "elapsed_seconds": 0.6423487663269043, "judgement": "Good approximation"}
{"id": "taxes_000925", "topic": "taxes", "subtopic": "post_discount_tax", "prompt": "Cart: $22.10, $57.77 with a 10% store discount. Local sales tax is 8.5% (tax after discount). About how much is the total?", "exact_value": 77.99, "model": "tiiuae/Falcon-H1-7B-Instruct", "provider": "transformers", "response": "Final answer: 63", "numeric_answer": 63.0, "relative_error": 0.19220412873445308, "thinking_text": null, "has_tool_call": false, "tool_call": null, "usage": {"prompt_tokens": 209, "completion_tokens": 7, "total_tokens": 216, "token_count_source": "tokenizer"}, "decoding": {"temperature": 0.2, "top_p": null, "top_k": null, "max_tokens": 256, "seed": 42}, "prompt_tokens": 209, "completion_tokens": 7, "total_tokens": 216, "token_count_source": "tokenizer", "diffusion_steps": null, "flops_estimate": null, "flops_arch": null, "flops_model_params": null, "flops_active_params": null, "tokens_non_final": 3, "tokens_reasoning": 0, "tokens_response": 3, "elapsed_seconds": 0.5595314502716064, "judgement": "Good approximation"}
{"id": "taxes_000945", "topic": "taxes", "subtopic": "post_discount_tax", "prompt": "Cart: $23.57, $36.87, $52.49, $25.07 with a 15% store discount. Local sales tax is 7.5% (tax after discount). About how much is the total?", "exact_value": 126.1, "model": "tiiuae/Falcon-H1-7B-Instruct", "provider": "transformers", "response": "Final answer: 95", "numeric_answer": 95.0, "relative_error": 0.24662965900079298, "thinking_text": null, "has_tool_call": false, "tool_call": null, "usage": {"prompt_tokens": 225, "completion_tokens": 7, "total_tokens": 232, "token_count_source": "tokenizer"}, "decoding": {"temperature": 0.2, "top_p": null, "top_k": null, "max_tokens": 256, "seed": 42}, "prompt_tokens": 225, "completion_tokens": 7, "total_tokens": 232, "token_count_source": "tokenizer", "diffusion_steps": null, "flops_estimate": null, "flops_arch": null, "flops_model_params": null, "flops_active_params": null, "tokens_non_final": 3, "tokens_reasoning": 0, "tokens_response": 3, "elapsed_seconds": 0.5609674453735352, "judgement": "Mildly off"}
{"id": "taxes_000965", "topic": "taxes", "subtopic": "post_discount_tax", "prompt": "Cart: $29.91, $42.03, $30.26 with a 15% store discount. Local sales tax is 6.0% (tax after discount). About how much is the total?", "exact_value": 92.08, "model": "tiiuae/Falcon-H1-7B-Instruct", "provider": "transformers", "response": "Final answer: 75", "numeric_answer": 75.0, "relative_error": 0.18549087749782797, "thinking_text": null, "has_tool_call": false, "tool_call": null, "usage": {"prompt_tokens": 217, "completion_tokens": 7, "total_tokens": 224, "token_count_source": "tokenizer"}, "decoding": {"temperature": 0.2, "top_p": null, "top_k": null, "max_tokens": 256, "seed": 42}, "prompt_tokens": 217, "completion_tokens": 7, "total_tokens": 224, "token_count_source": "tokenizer", "diffusion_steps": null, "flops_estimate": null, "flops_arch": null, "flops_model_params": null, "flops_active_params": null, "tokens_non_final": 3, "tokens_reasoning": 0, "tokens_response": 3, "elapsed_seconds": 0.5636825561523438, "judgement": "Good approximation"}
{"id": "taxes_000985", "topic": "taxes", "subtopic": "post_discount_tax", "prompt": "Cart: $14.82, $23.08, $24.88, $58.19, $52.19 with a 15% store discount. Local sales tax is 8.5% (tax after discount). About how much is the total?", "exact_value": 159.7, "model": "tiiuae/Falcon-H1-7B-Instruct", "provider": "transformers", "response": "Final answer: 120", "numeric_answer": 120.0, "relative_error": 0.24859110832811515, "thinking_text": null, "has_tool_call": false, "tool_call": null, "usage": {"prompt_tokens": 233, "completion_tokens": 8, "total_tokens": 241, "token_count_source": "tokenizer"}, "decoding": {"temperature": 0.2, "top_p": null, "top_k": null, "max_tokens": 256, "seed": 42}, "prompt_tokens": 233, "completion_tokens": 8, "total_tokens": 241, "token_count_source": "tokenizer", "diffusion_steps": null, "flops_estimate": null, "flops_arch": null, "flops_model_params": null, "flops_active_params": null, "tokens_non_final": 3, "tokens_reasoning": 0, "tokens_response": 3, "elapsed_seconds": 0.6297421455383301, "judgement": "Mildly off"}
{"id": "taxes_001005", "topic": "taxes", "subtopic": "post_discount_tax", "prompt": "Cart: $35.46, $30.01, $32.78, $59.76, $52.25 with a 20% store discount. Local sales tax is 6.0% (tax after discount). About how much is the total?", "exact_value": 178.3, "model": "tiiuae/Falcon-H1-7B-Instruct", "provider": "transformers", "response": "Final answer: 130", "numeric_answer": 130.0, "relative_error": 0.2708917554683119, "thinking_text": null, "has_tool_call": false, "tool_call": null, "usage": {"prompt_tokens": 233, "completion_tokens": 8, "total_tokens": 241, "token_count_source": "tokenizer"}, "decoding": {"temperature": 0.2, "top_p": null, "top_k": null, "max_tokens": 256, "seed": 42}, "prompt_tokens": 233, "completion_tokens": 8, "total_tokens": 241, "token_count_source": "tokenizer", "diffusion_steps": null, "flops_estimate": null, "flops_arch": null, "flops_model_params": null, "flops_active_params": null, "tokens_non_final": 3, "tokens_reasoning": 0, "tokens_response": 3, "elapsed_seconds": 0.6429343223571777, "judgement": "Mildly off"}
{"id": "taxes_001025", "topic": "taxes", "subtopic": "post_discount_tax", "prompt": "Cart: $48.98, $51.04, $48.93, $42.06 with a 10% store discount. Local sales tax is 7.0% (tax after discount). About how much is the total?", "exact_value": 183.94, "model": "tiiuae/Falcon-H1-7B-Instruct", "provider": "transformers", "response": "Final answer: 140", "numeric_answer": 140.0, "relative_error": 0.23888224421006848, "thinking_text": null, "has_tool_call": false, "tool_call": null, "usage": {"prompt_tokens": 225, "completion_tokens": 8, "total_tokens": 233, "token_count_source": "tokenizer"}, "decoding": {"temperature": 0.2, "top_p": null, "top_k": null, "max_tokens": 256, "seed": 42}, "prompt_tokens": 225, "completion_tokens": 8, "total_tokens": 233, "token_count_source": "tokenizer", "diffusion_steps": null, "flops_estimate": null, "flops_arch": null, "flops_model_params": null, "flops_active_params": null, "tokens_non_final": 3, "tokens_reasoning": 0, "tokens_response": 3, "elapsed_seconds": 0.6367876529693604, "judgement": "Mildly off"}
{"id": "taxes_001045", "topic": "taxes", "subtopic": "pre_discount_tax", "prompt": "Cart: $7.00, $19.59, $22.19, $24.07, $59.04 with a 15% store discount. Local sales tax is 8.5% (tax calculated before discount). About how much is the total?", "exact_value": 123.32, "model": "tiiuae/Falcon-H1-7B-Instruct", "provider": "transformers", "response": "Final answer: 105", "numeric_answer": 105.0, "relative_error": 0.14855660071359061, "thinking_text": null, "has_tool_call": false, "tool_call": null, "usage": {"prompt_tokens": 233, "completion_tokens": 8, "total_tokens": 241, "token_count_source": "tokenizer"}, "decoding": {"temperature": 0.2, "top_p": null, "top_k": null, "max_tokens": 256, "seed": 42}, "prompt_tokens": 233, "completion_tokens": 8, "total_tokens": 241, "token_count_source": "tokenizer", "diffusion_steps": null, "flops_estimate": null, "flops_arch": null, "flops_model_params": null, "flops_active_params": null, "tokens_non_final": 3, "tokens_reasoning": 0, "tokens_response": 3, "elapsed_seconds": 0.6267483234405518, "judgement": "Good approximation"}
{"id": "taxes_001065", "topic": "taxes", "subtopic": "post_discount_tax", "prompt": "Cart: $30.65, $11.90, $49.60, $20.83 with a 15% store discount. Local sales tax is 6.0% (tax after discount). About how much is the total?", "exact_value": 101.79, "model": "tiiuae/Falcon-H1-7B-Instruct", "provider": "transformers", "response": "Final answer: 75", "numeric_answer": 75.0, "relative_error": 0.2631889183613322, "thinking_text": null, "has_tool_call": false, "tool_call": null, "usage": {"prompt_tokens": 225, "completion_tokens": 7, "total_tokens": 232, "token_count_source": "tokenizer"}, "decoding": {"temperature": 0.2, "top_p": null, "top_k": null, "max_tokens": 256, "seed": 42}, "prompt_tokens": 225, "completion_tokens": 7, "total_tokens": 232, "token_count_source": "tokenizer", "diffusion_steps": null, "flops_estimate": null, "flops_arch": null, "flops_model_params": null, "flops_active_params": null, "tokens_non_final": 3, "tokens_reasoning": 0, "tokens_response": 3, "elapsed_seconds": 0.5587213039398193, "judgement": "Mildly off"}
{"id": "taxes_001085", "topic": "taxes", "subtopic": "pre_discount_tax", "prompt": "Cart: $51.75, $41.44, $42.58 with a 15% store discount. Local sales tax is 6.0% (tax calculated before discount). About how much is the total?", "exact_value": 123.55, "model": "tiiuae/Falcon-H1-7B-Instruct", "provider": "transformers", "response": "Final answer: 110", "numeric_answer": 110.0, "relative_error": 0.10967219749089435, "thinking_text": null, "has_tool_call": false, "tool_call": null, "usage": {"prompt_tokens": 218, "completion_tokens": 8, "total_tokens": 226, "token_count_source": "tokenizer"}, "decoding": {"temperature": 0.2, "top_p": null, "top_k": null, "max_tokens": 256, "seed": 42}, "prompt_tokens": 218, "completion_tokens": 8, "total_tokens": 226, "token_count_source": "tokenizer", "diffusion_steps": null, "flops_estimate": null, "flops_arch": null, "flops_model_params": null, "flops_active_params": null, "tokens_non_final": 3, "tokens_reasoning": 0, "tokens_response": 3, "elapsed_seconds": 0.6372087001800537, "judgement": "Good approximation"}
{"id": "taxes_001105", "topic": "taxes", "subtopic": "post_discount_tax", "prompt": "Cart: $35.89, $11.55 with a 15% store discount. Local sales tax is 6.0% (tax after discount). About how much is the total?", "exact_value": 42.74, "model": "tiiuae/Falcon-H1-7B-Instruct", "provider": "transformers", "response": "Final answer: 45", "numeric_answer": 45.0, "relative_error": 0.05287786616752452, "thinking_text": null, "has_tool_call": false, "tool_call": null, "usage": {"prompt_tokens": 209, "completion_tokens": 7, "total_tokens": 216, "token_count_source": "tokenizer"}, "decoding": {"temperature": 0.2, "top_p": null, "top_k": null, "max_tokens": 256, "seed": 42}, "prompt_tokens": 209, "completion_tokens": 7, "total_tokens": 216, "token_count_source": "tokenizer", "diffusion_steps": null, "flops_estimate": null, "flops_arch": null, "flops_model_params": null, "flops_active_params": null, "tokens_non_final": 3, "tokens_reasoning": 0, "tokens_response": 3, "elapsed_seconds": 0.5701351165771484, "judgement": "Good approximation"}
{"id": "taxes_001125", "topic": "taxes", "subtopic": "post_discount_tax", "prompt": "Cart: $33.29, $22.97, $51.18 with a 20% store discount. Local sales tax is 8.5% (tax after discount). About how much is the total?", "exact_value": 93.26, "model": "tiiuae/Falcon-H1-7B-Instruct", "provider": "transformers", "response": "Final answer: 77", "numeric_answer": 77.0, "relative_error": 0.1743512760025735, "thinking_text": null, "has_tool_call": false, "tool_call": null, "usage": {"prompt_tokens": 217, "completion_tokens": 7, "total_tokens": 224, "token_count_source": "tokenizer"}, "decoding": {"temperature": 0.2, "top_p": null, "top_k": null, "max_tokens": 256, "seed": 42}, "prompt_tokens": 217, "completion_tokens": 7, "total_tokens": 224, "token_count_source": "tokenizer", "diffusion_steps": null, "flops_estimate": null, "flops_arch": null, "flops_model_params": null, "flops_active_params": null, "tokens_non_final": 3, "tokens_reasoning": 0, "tokens_response": 3, "elapsed_seconds": 0.5630066394805908, "judgement": "Good approximation"}
{"id": "taxes_001145", "topic": "taxes", "subtopic": "pre_discount_tax", "prompt": "Cart: $20.48, $7.68, $10.58, $20.51, $20.54 with a 10% store discount. Local sales tax is 7.5% (tax calculated before discount). About how much is the total?", "exact_value": 77.8, "model": "tiiuae/Falcon-H1-7B-Instruct", "provider": "transformers", "response": "Final answer: 57", "numeric_answer": 57.0, "relative_error": 0.26735218508997427, "thinking_text": null, "has_tool_call": false, "tool_call": null, "usage": {"prompt_tokens": 233, "completion_tokens": 7, "total_tokens": 240, "token_count_source": "tokenizer"}, "decoding": {"temperature": 0.2, "top_p": null, "top_k": null, "max_tokens": 256, "seed": 42}, "prompt_tokens": 233, "completion_tokens": 7, "total_tokens": 240, "token_count_source": "tokenizer", "diffusion_steps": null, "flops_estimate": null, "flops_arch": null, "flops_model_params": null, "flops_active_params": null, "tokens_non_final": 3, "tokens_reasoning": 0, "tokens_response": 3, "elapsed_seconds": 0.5485227108001709, "judgement": "Mildly off"}
{"id": "taxes_001165", "topic": "taxes", "subtopic": "post_discount_tax", "prompt": "Cart: $14.32, $41.58 with a 20% store discount. Local sales tax is 8.0% (tax after discount). About how much is the total?", "exact_value": 48.3, "model": "tiiuae/Falcon-H1-7B-Instruct", "provider": "transformers", "response": "Final answer: 39", "numeric_answer": 39.0, "relative_error": 0.19254658385093162, "thinking_text": null, "has_tool_call": false, "tool_call": null, "usage": {"prompt_tokens": 209, "completion_tokens": 7, "total_tokens": 216, "token_count_source": "tokenizer"}, "decoding": {"temperature": 0.2, "top_p": null, "top_k": null, "max_tokens": 256, "seed": 42}, "prompt_tokens": 209, "completion_tokens": 7, "total_tokens": 216, "token_count_source": "tokenizer", "diffusion_steps": null, "flops_estimate": null, "flops_arch": null, "flops_model_params": null, "flops_active_params": null, "tokens_non_final": 3, "tokens_reasoning": 0, "tokens_response": 3, "elapsed_seconds": 0.5632843971252441, "judgement": "Good approximation"}
{"id": "taxes_001185", "topic": "taxes", "subtopic": "pre_discount_tax", "prompt": "Cart: $17.11, $15.84 with a 15% store discount. Local sales tax is 6.0% (tax calculated before discount). About how much is the total?", "exact_value": 29.98, "model": "tiiuae/Falcon-H1-7B-Instruct", "provider": "transformers", "response": "Final answer: 30", "numeric_answer": 30.0, "relative_error": 0.0006671114076050558, "thinking_text": null, "has_tool_call": false, "tool_call": null, "usage": {"prompt_tokens": 210, "completion_tokens": 7, "total_tokens": 217, "token_count_source": "tokenizer"}, "decoding": {"temperature": 0.2, "top_p": null, "top_k": null, "max_tokens": 256, "seed": 42}, "prompt_tokens": 210, "completion_tokens": 7, "total_tokens": 217, "token_count_source": "tokenizer", "diffusion_steps": null, "flops_estimate": null, "flops_arch": null, "flops_model_params": null, "flops_active_params": null, "tokens_non_final": 3, "tokens_reasoning": 0, "tokens_response": 3, "elapsed_seconds": 0.5573911666870117, "judgement": "Good approximation"}
{"id": "taxes_001205", "topic": "taxes", "subtopic": "pre_discount_tax", "prompt": "Cart: $16.90, $53.37, $54.66, $11.44, $18.23 with a 20% store discount. Local sales tax is 8.0% (tax calculated before discount). About how much is the total?", "exact_value": 136.05, "model": "tiiuae/Falcon-H1-7B-Instruct", "provider": "transformers", "response": "Final answer: 90", "numeric_answer": 90.0, "relative_error": 0.338478500551268, "thinking_text": null, "has_tool_call": false, "tool_call": null, "usage": {"prompt_tokens": 234, "completion_tokens": 7, "total_tokens": 241, "token_count_source": "tokenizer"}, "decoding": {"temperature": 0.2, "top_p": null, "top_k": null, "max_tokens": 256, "seed": 42}, "prompt_tokens": 234, "completion_tokens": 7, "total_tokens": 241, "token_count_source": "tokenizer", "diffusion_steps": null, "flops_estimate": null, "flops_arch": null, "flops_model_params": null, "flops_active_params": null, "tokens_non_final": 3, "tokens_reasoning": 0, "tokens_response": 3, "elapsed_seconds": 0.5646786689758301, "judgement": "Mildly off"}
{"id": "taxes_001225", "topic": "taxes", "subtopic": "pre_discount_tax", "prompt": "Cart: $48.12, $37.76, $8.24 with a 10% store discount. Local sales tax is 8.5% (tax calculated before discount). About how much is the total?", "exact_value": 92.71, "model": "tiiuae/Falcon-H1-7B-Instruct", "provider": "transformers", "response": "Final answer: 90", "numeric_answer": 90.0, "relative_error": 0.02923093517419905, "thinking_text": null, "has_tool_call": false, "tool_call": null, "usage": {"prompt_tokens": 217, "completion_tokens": 7, "total_tokens": 224, "token_count_source": "tokenizer"}, "decoding": {"temperature": 0.2, "top_p": null, "top_k": null, "max_tokens": 256, "seed": 42}, "prompt_tokens": 217, "completion_tokens": 7, "total_tokens": 224, "token_count_source": "tokenizer", "diffusion_steps": null, "flops_estimate": null, "flops_arch": null, "flops_model_params": null, "flops_active_params": null, "tokens_non_final": 3, "tokens_reasoning": 0, "tokens_response": 3, "elapsed_seconds": 0.5703792572021484, "judgement": "Good approximation"}
{"id": "taxes_001245", "topic": "taxes", "subtopic": "post_discount_tax", "prompt": "Cart: $16.15, $46.13, $29.68, $11.10 with a 20% store discount. Local sales tax is 8.0% (tax after discount). About how much is the total?", "exact_value": 89.04, "model": "tiiuae/Falcon-H1-7B-Instruct", "provider": "transformers", "response": "Final answer: 70", "numeric_answer": 70.0, "relative_error": 0.21383647798742145, "thinking_text": null, "has_tool_call": false, "tool_call": null, "usage": {"prompt_tokens": 225, "completion_tokens": 7, "total_tokens": 232, "token_count_source": "tokenizer"}, "decoding": {"temperature": 0.2, "top_p": null, "top_k": null, "max_tokens": 256, "seed": 42}, "prompt_tokens": 225, "completion_tokens": 7, "total_tokens": 232, "token_count_source": "tokenizer", "diffusion_steps": null, "flops_estimate": null, "flops_arch": null, "flops_model_params": null, "flops_active_params": null, "tokens_non_final": 3, "tokens_reasoning": 0, "tokens_response": 3, "elapsed_seconds": 0.5684952735900879, "judgement": "Mildly off"}
{"id": "taxes_001265", "topic": "taxes", "subtopic": "pre_discount_tax", "prompt": "Cart: $5.07, $49.02, $21.35, $52.81. Local sales tax is 8.5% (tax calculated before discount). About how much is the total?", "exact_value": 139.15, "model": "tiiuae/Falcon-H1-7B-Instruct", "provider": "transformers", "response": "Final answer: 135", "numeric_answer": 135.0, "relative_error": 0.0298239310097018, "thinking_text": null, "has_tool_call": false, "tool_call": null, "usage": {"prompt_tokens": 217, "completion_tokens": 8, "total_tokens": 225, "token_count_source": "tokenizer"}, "decoding": {"temperature": 0.2, "top_p": null, "top_k": null, "max_tokens": 256, "seed": 42}, "prompt_tokens": 217, "completion_tokens": 8, "total_tokens": 225, "token_count_source": "tokenizer", "diffusion_steps": null, "flops_estimate": null, "flops_arch": null, "flops_model_params": null, "flops_active_params": null, "tokens_non_final": 3, "tokens_reasoning": 0, "tokens_response": 3, "elapsed_seconds": 0.6427304744720459, "judgement": "Good approximation"}
{"id": "taxes_001285", "topic": "taxes", "subtopic": "pre_discount_tax", "prompt": "Cart: $23.28, $56.47 with a 10% store discount. Local sales tax is 7.0% (tax calculated before discount). About how much is the total?", "exact_value": 77.36, "model": "tiiuae/Falcon-H1-7B-Instruct", "provider": "transformers", "response": "Final answer: 75", "numeric_answer": 75.0, "relative_error": 0.03050672182006204, "thinking_text": null, "has_tool_call": false, "tool_call": null, "usage": {"prompt_tokens": 210, "completion_tokens": 7, "total_tokens": 217, "token_count_source": "tokenizer"}, "decoding": {"temperature": 0.2, "top_p": null, "top_k": null, "max_tokens": 256, "seed": 42}, "prompt_tokens": 210, "completion_tokens": 7, "total_tokens": 217, "token_count_source": "tokenizer", "diffusion_steps": null, "flops_estimate": null, "flops_arch": null, "flops_model_params": null, "flops_active_params": null, "tokens_non_final": 3, "tokens_reasoning": 0, "tokens_response": 3, "elapsed_seconds": 0.5661671161651611, "judgement": "Good approximation"}
{"id": "taxes_001305", "topic": "taxes", "subtopic": "post_discount_tax", "prompt": "Cart: $32.63, $47.64, $21.83, $42.07. Local sales tax is 7.5% (tax after discount). About how much is the total?", "exact_value": 154.98, "model": "tiiuae/Falcon-H1-7B-Instruct", "provider": "transformers", "response": "Final answer: 140", "numeric_answer": 140.0, "relative_error": 0.09665763324299903, "thinking_text": null, "has_tool_call": false, "tool_call": null, "usage": {"prompt_tokens": 217, "completion_tokens": 8, "total_tokens": 225, "token_count_source": "tokenizer"}, "decoding": {"temperature": 0.2, "top_p": null, "top_k": null, "max_tokens": 256, "seed": 42}, "prompt_tokens": 217, "completion_tokens": 8, "total_tokens": 225, "token_count_source": "tokenizer", "diffusion_steps": null, "flops_estimate": null, "flops_arch": null, "flops_model_params": null, "flops_active_params": null, "tokens_non_final": 3, "tokens_reasoning": 0, "tokens_response": 3, "elapsed_seconds": 0.638869047164917, "judgement": "Good approximation"}
{"id": "taxes_001325", "topic": "taxes", "subtopic": "pre_discount_tax", "prompt": "Cart: $22.61, $14.17, $36.73, $21.75, $44.86 with a 15% store discount. Local sales tax is 8.5% (tax calculated before discount). About how much is the total?", "exact_value": 131.01, "model": "tiiuae/Falcon-H1-7B-Instruct", "provider": "transformers", "response": "Final answer: 100", "numeric_answer": 100.0, "relative_error": 0.2366994885886573, "thinking_text": null, "has_tool_call": false, "tool_call": null, "usage": {"prompt_tokens": 234, "completion_tokens": 8, "total_tokens": 242, "token_count_source": "tokenizer"}, "decoding": {"temperature": 0.2, "top_p": null, "top_k": null, "max_tokens": 256, "seed": 42}, "prompt_tokens": 234, "completion_tokens": 8, "total_tokens": 242, "token_count_source": "tokenizer", "diffusion_steps": null, "flops_estimate": null, "flops_arch": null, "flops_model_params": null, "flops_active_params": null, "tokens_non_final": 3, "tokens_reasoning": 0, "tokens_response": 3, "elapsed_seconds": 0.6374518871307373, "judgement": "Mildly off"}
{"id": "units_000127", "topic": "units", "subtopic": "kg_g", "prompt": "An item costs $13.16 per kg. You take 500 g. About how much is that?", "exact_value": 6.58, "model": "tiiuae/Falcon-H1-7B-Instruct", "provider": "transformers", "response": "Final answer: 7", "numeric_answer": 7.0, "relative_error": 0.06382978723404255, "thinking_text": null, "has_tool_call": false, "tool_call": null, "usage": {"prompt_tokens": 188, "completion_tokens": 6, "total_tokens": 194, "token_count_source": "tokenizer"}, "decoding": {"temperature": 0.2, "top_p": null, "top_k": null, "max_tokens": 256, "seed": 42}, "prompt_tokens": 188, "completion_tokens": 6, "total_tokens": 194, "token_count_source": "tokenizer", "diffusion_steps": null, "flops_estimate": null, "flops_arch": null, "flops_model_params": null, "flops_active_params": null, "tokens_non_final": 3, "tokens_reasoning": 0, "tokens_response": 3, "elapsed_seconds": 0.4947316646575928, "judgement": "Good approximation"}
{"id": "units_000147", "topic": "units", "subtopic": "kg_g", "prompt": "An item costs $9.68 per kg. You take 500 g. About how much is that?", "exact_value": 4.84, "model": "tiiuae/Falcon-H1-7B-Instruct", "provider": "transformers", "response": "Final answer: 5", "numeric_answer": 5.0, "relative_error": 0.03305785123966945, "thinking_text": null, "has_tool_call": false, "tool_call": null, "usage": {"prompt_tokens": 187, "completion_tokens": 6, "total_tokens": 193, "token_count_source": "tokenizer"}, "decoding": {"temperature": 0.2, "top_p": null, "top_k": null, "max_tokens": 256, "seed": 42}, "prompt_tokens": 187, "completion_tokens": 6, "total_tokens": 193, "token_count_source": "tokenizer", "diffusion_steps": null, "flops_estimate": null, "flops_arch": null, "flops_model_params": null, "flops_active_params": null, "tokens_non_final": 3, "tokens_reasoning": 0, "tokens_response": 3, "elapsed_seconds": 0.49446606636047363, "judgement": "Good approximation"}
{"id": "units_000167", "topic": "units", "subtopic": "lb_oz", "prompt": "You buy 5.37 lb at $7.71 per lb. About how much is that total?", "exact_value": 41.4, "model": "tiiuae/Falcon-H1-7B-Instruct", "provider": "transformers", "response": "Final answer: 40", "numeric_answer": 40.0, "relative_error": 0.03381642512077292, "thinking_text": null, "has_tool_call": false, "tool_call": null, "usage": {"prompt_tokens": 186, "completion_tokens": 7, "total_tokens": 193, "token_count_source": "tokenizer"}, "decoding": {"temperature": 0.2, "top_p": null, "top_k": null, "max_tokens": 256, "seed": 42}, "prompt_tokens": 186, "completion_tokens": 7, "total_tokens": 193, "token_count_source": "tokenizer", "diffusion_steps": null, "flops_estimate": null, "flops_arch": null, "flops_model_params": null, "flops_active_params": null, "tokens_non_final": 3, "tokens_reasoning": 0, "tokens_response": 3, "elapsed_seconds": 0.5483520030975342, "judgement": "Good approximation"}
{"id": "units_000187", "topic": "units", "subtopic": "kg_g", "prompt": "An item costs $7.01 per kg. You take 300 g. About how much is that?", "exact_value": 2.1, "model": "tiiuae/Falcon-H1-7B-Instruct", "provider": "transformers", "response": "Final answer: 2", "numeric_answer": 2.0, "relative_error": 0.04761904761904766, "thinking_text": null, "has_tool_call": false, "tool_call": null, "usage": {"prompt_tokens": 187, "completion_tokens": 6, "total_tokens": 193, "token_count_source": "tokenizer"}, "decoding": {"temperature": 0.2, "top_p": null, "top_k": null, "max_tokens": 256, "seed": 42}, "prompt_tokens": 187, "completion_tokens": 6, "total_tokens": 193, "token_count_source": "tokenizer", "diffusion_steps": null, "flops_estimate": null, "flops_arch": null, "flops_model_params": null, "flops_active_params": null, "tokens_non_final": 3, "tokens_reasoning": 0, "tokens_response": 3, "elapsed_seconds": 0.49819254875183105, "judgement": "Good approximation"}
{"id": "units_000207", "topic": "units", "subtopic": "kg_g", "prompt": "An item costs $19.14 per kg. You take 350 g. About how much is that?", "exact_value": 6.7, "model": "tiiuae/Falcon-H1-7B-Instruct", "provider": "transformers", "response": "Final answer: 7", "numeric_answer": 7.0, "relative_error": 0.044776119402985044, "thinking_text": null, "has_tool_call": false, "tool_call": null, "usage": {"prompt_tokens": 188, "completion_tokens": 6, "total_tokens": 194, "token_count_source": "tokenizer"}, "decoding": {"temperature": 0.2, "top_p": null, "top_k": null, "max_tokens": 256, "seed": 42}, "prompt_tokens": 188, "completion_tokens": 6, "total_tokens": 194, "token_count_source": "tokenizer", "diffusion_steps": null, "flops_estimate": null, "flops_arch": null, "flops_model_params": null, "flops_active_params": null, "tokens_non_final": 3, "tokens_reasoning": 0, "tokens_response": 3, "elapsed_seconds": 0.49985575675964355, "judgement": "Good approximation"}
{"id": "units_000227", "topic": "units", "subtopic": "lb_oz", "prompt": "You buy 4.2 lb at $8.05 per lb. About how much is that total?", "exact_value": 33.81, "model": "tiiuae/Falcon-H1-7B-Instruct", "provider": "transformers", "response": "Final answer: 35", "numeric_answer": 35.0, "relative_error": 0.035196687370600346, "thinking_text": null, "has_tool_call": false, "tool_call": null, "usage": {"prompt_tokens": 185, "completion_tokens": 7, "total_tokens": 192, "token_count_source": "tokenizer"}, "decoding": {"temperature": 0.2, "top_p": null, "top_k": null, "max_tokens": 256, "seed": 42}, "prompt_tokens": 185, "completion_tokens": 7, "total_tokens": 192, "token_count_source": "tokenizer", "diffusion_steps": null, "flops_estimate": null, "flops_arch": null, "flops_model_params": null, "flops_active_params": null, "tokens_non_final": 3, "tokens_reasoning": 0, "tokens_response": 3, "elapsed_seconds": 0.5472631454467773, "judgement": "Good approximation"}
{"id": "units_000247", "topic": "units", "subtopic": "lb_oz", "prompt": "You buy 1.27 lb at $10.60 per lb. About how much is that total?", "exact_value": 13.46, "model": "tiiuae/Falcon-H1-7B-Instruct", "provider": "transformers", "response": "Final answer: 15", "numeric_answer": 15.0, "relative_error": 0.11441307578008908, "thinking_text": null, "has_tool_call": false, "tool_call": null, "usage": {"prompt_tokens": 187, "completion_tokens": 7, "total_tokens": 194, "token_count_source": "tokenizer"}, "decoding": {"temperature": 0.2, "top_p": null, "top_k": null, "max_tokens": 256, "seed": 42}, "prompt_tokens": 187, "completion_tokens": 7, "total_tokens": 194, "token_count_source": "tokenizer", "diffusion_steps": null, "flops_estimate": null, "flops_arch": null, "flops_model_params": null, "flops_active_params": null, "tokens_non_final": 3, "tokens_reasoning": 0, "tokens_response": 3, "elapsed_seconds": 0.5830726623535156, "judgement": "Good approximation"}
{"id": "units_000267", "topic": "units", "subtopic": "kg_g", "prompt": "An item costs $16.62 per kg. You take 250 g. About how much is that?", "exact_value": 4.16, "model": "tiiuae/Falcon-H1-7B-Instruct", "provider": "transformers", "response": "Final answer: 4", "numeric_answer": 4.0, "relative_error": 0.03846153846153849, "thinking_text": null, "has_tool_call": false, "tool_call": null, "usage": {"prompt_tokens": 188, "completion_tokens": 6, "total_tokens": 194, "token_count_source": "tokenizer"}, "decoding": {"temperature": 0.2, "top_p": null, "top_k": null, "max_tokens": 256, "seed": 42}, "prompt_tokens": 188, "completion_tokens": 6, "total_tokens": 194, "token_count_source": "tokenizer", "diffusion_steps": null, "flops_estimate": null, "flops_arch": null, "flops_model_params": null, "flops_active_params": null, "tokens_non_final": 3, "tokens_reasoning": 0, "tokens_response": 3, "elapsed_seconds": 0.5010592937469482, "judgement": "Good approximation"}
{"id": "units_000287", "topic": "units", "subtopic": "kg_g", "prompt": "An item costs $4.52 per kg. You take 750 g. About how much is that?", "exact_value": 3.39, "model": "tiiuae/Falcon-H1-7B-Instruct", "provider": "transformers", "response": "Final answer: 3", "numeric_answer": 3.0, "relative_error": 0.11504424778761065, "thinking_text": null, "has_tool_call": false, "tool_call": null, "usage": {"prompt_tokens": 187, "completion_tokens": 6, "total_tokens": 193, "token_count_source": "tokenizer"}, "decoding": {"temperature": 0.2, "top_p": null, "top_k": null, "max_tokens": 256, "seed": 42}, "prompt_tokens": 187, "completion_tokens": 6, "total_tokens": 193, "token_count_source": "tokenizer", "diffusion_steps": null, "flops_estimate": null, "flops_arch": null, "flops_model_params": null, "flops_active_params": null, "tokens_non_final": 3, "tokens_reasoning": 0, "tokens_response": 3, "elapsed_seconds": 0.5028221607208252, "judgement": "Good approximation"}
{"id": "units_000307", "topic": "units", "subtopic": "lb_oz", "prompt": "You buy 4.54 lb at $6.92 per lb. About how much is that total?", "exact_value": 31.42, "model": "tiiuae/Falcon-H1-7B-Instruct", "provider": "transformers", "response": "Final answer: 32", "numeric_answer": 32.0, "relative_error": 0.018459579885423242, "thinking_text": null, "has_tool_call": false, "tool_call": null, "usage": {"prompt_tokens": 186, "completion_tokens": 7, "total_tokens": 193, "token_count_source": "tokenizer"}, "decoding": {"temperature": 0.2, "top_p": null, "top_k": null, "max_tokens": 256, "seed": 42}, "prompt_tokens": 186, "completion_tokens": 7, "total_tokens": 193, "token_count_source": "tokenizer", "diffusion_steps": null, "flops_estimate": null, "flops_arch": null, "flops_model_params": null, "flops_active_params": null, "tokens_non_final": 3, "tokens_reasoning": 0, "tokens_response": 3, "elapsed_seconds": 0.5717933177947998, "judgement": "Good approximation"}
{"id": "units_000327", "topic": "units", "subtopic": "lb_oz", "prompt": "You buy 3.49 lb at $9.52 per lb. About how much is that total?", "exact_value": 33.22, "model": "tiiuae/Falcon-H1-7B-Instruct", "provider": "transformers", "response": "Final answer: 33", "numeric_answer": 33.0, "relative_error": 0.006622516556291357, "thinking_text": null, "has_tool_call": false, "tool_call": null, "usage": {"prompt_tokens": 186, "completion_tokens": 7, "total_tokens": 193, "token_count_source": "tokenizer"}, "decoding": {"temperature": 0.2, "top_p": null, "top_k": null, "max_tokens": 256, "seed": 42}, "prompt_tokens": 186, "completion_tokens": 7, "total_tokens": 193, "token_count_source": "tokenizer", "diffusion_steps": null, "flops_estimate": null, "flops_arch": null, "flops_model_params": null, "flops_active_params": null, "tokens_non_final": 3, "tokens_reasoning": 0, "tokens_response": 3, "elapsed_seconds": 0.5735926628112793, "judgement": "Good approximation"}
{"id": "units_000347", "topic": "units", "subtopic": "lb_oz", "prompt": "You buy 3.01 lb at $10.95 per lb. About how much is that total?", "exact_value": 32.96, "model": "tiiuae/Falcon-H1-7B-Instruct", "provider": "transformers", "response": "Final answer: 33", "numeric_answer": 33.0, "relative_error": 0.0012135922330096828, "thinking_text": null, "has_tool_call": false, "tool_call": null, "usage": {"prompt_tokens": 187, "completion_tokens": 7, "total_tokens": 194, "token_count_source": "tokenizer"}, "decoding": {"temperature": 0.2, "top_p": null, "top_k": null, "max_tokens": 256, "seed": 42}, "prompt_tokens": 187, "completion_tokens": 7, "total_tokens": 194, "token_count_source": "tokenizer", "diffusion_steps": null, "flops_estimate": null, "flops_arch": null, "flops_model_params": null, "flops_active_params": null, "tokens_non_final": 3, "tokens_reasoning": 0, "tokens_response": 3, "elapsed_seconds": 0.5668590068817139, "judgement": "Good approximation"}
{"id": "units_000367", "topic": "units", "subtopic": "lb_oz", "prompt": "You buy 3.8 lb at $7.49 per lb. About how much is that total?", "exact_value": 28.46, "model": "tiiuae/Falcon-H1-7B-Instruct", "provider": "transformers", "response": "Final answer: 30", "numeric_answer": 30.0, "relative_error": 0.05411103302881234, "thinking_text": null, "has_tool_call": false, "tool_call": null, "usage": {"prompt_tokens": 185, "completion_tokens": 7, "total_tokens": 192, "token_count_source": "tokenizer"}, "decoding": {"temperature": 0.2, "top_p": null, "top_k": null, "max_tokens": 256, "seed": 42}, "prompt_tokens": 185, "completion_tokens": 7, "total_tokens": 192, "token_count_source": "tokenizer", "diffusion_steps": null, "flops_estimate": null, "flops_arch": null, "flops_model_params": null, "flops_active_params": null, "tokens_non_final": 3, "tokens_reasoning": 0, "tokens_response": 3, "elapsed_seconds": 0.5602984428405762, "judgement": "Good approximation"}
{"id": "units_000387", "topic": "units", "subtopic": "lb_oz", "prompt": "You buy 4.21 lb at $6.38 per lb. About how much is that total?", "exact_value": 26.86, "model": "tiiuae/Falcon-H1-7B-Instruct", "provider": "transformers", "response": "Final answer: 27", "numeric_answer": 27.0, "relative_error": 0.005212211466865248, "thinking_text": null, "has_tool_call": false, "tool_call": null, "usage": {"prompt_tokens": 186, "completion_tokens": 7, "total_tokens": 193, "token_count_source": "tokenizer"}, "decoding": {"temperature": 0.2, "top_p": null, "top_k": null, "max_tokens": 256, "seed": 42}, "prompt_tokens": 186, "completion_tokens": 7, "total_tokens": 193, "token_count_source": "tokenizer", "diffusion_steps": null, "flops_estimate": null, "flops_arch": null, "flops_model_params": null, "flops_active_params": null, "tokens_non_final": 3, "tokens_reasoning": 0, "tokens_response": 3, "elapsed_seconds": 0.5615489482879639, "judgement": "Good approximation"}
{"id": "units_000407", "topic": "units", "subtopic": "lb_oz", "prompt": "You buy 0.85 lb at $12.01 per lb. About how much is that total?", "exact_value": 10.21, "model": "tiiuae/Falcon-H1-7B-Instruct", "provider": "transformers", "response": "Final answer: 10", "numeric_answer": 10.0, "relative_error": 0.020568070519099004, "thinking_text": null, "has_tool_call": false, "tool_call": null, "usage": {"prompt_tokens": 187, "completion_tokens": 7, "total_tokens": 194, "token_count_source": "tokenizer"}, "decoding": {"temperature": 0.2, "top_p": null, "top_k": null, "max_tokens": 256, "seed": 42}, "prompt_tokens": 187, "completion_tokens": 7, "total_tokens": 194, "token_count_source": "tokenizer", "diffusion_steps": null, "flops_estimate": null, "flops_arch": null, "flops_model_params": null, "flops_active_params": null, "tokens_non_final": 3, "tokens_reasoning": 0, "tokens_response": 3, "elapsed_seconds": 0.5473818778991699, "judgement": "Good approximation"}
{"id": "units_000427", "topic": "units", "subtopic": "kg_g", "prompt": "An item costs $11.43 per kg. You take 400 g. About how much is that?", "exact_value": 4.57, "model": "tiiuae/Falcon-H1-7B-Instruct", "provider": "transformers", "response": "Final answer: 5", "numeric_answer": 5.0, "relative_error": 0.0940919037199124, "thinking_text": null, "has_tool_call": false, "tool_call": null, "usage": {"prompt_tokens": 188, "completion_tokens": 6, "total_tokens": 194, "token_count_source": "tokenizer"}, "decoding": {"temperature": 0.2, "top_p": null, "top_k": null, "max_tokens": 256, "seed": 42}, "prompt_tokens": 188, "completion_tokens": 6, "total_tokens": 194, "token_count_source": "tokenizer", "diffusion_steps": null, "flops_estimate": null, "flops_arch": null, "flops_model_params": null, "flops_active_params": null, "tokens_non_final": 3, "tokens_reasoning": 0, "tokens_response": 3, "elapsed_seconds": 0.4784970283508301, "judgement": "Good approximation"}
{"id": "units_000447", "topic": "units", "subtopic": "lb_oz", "prompt": "You buy 3.87 lb at $13.72 per lb. About how much is that total?", "exact_value": 53.1, "model": "tiiuae/Falcon-H1-7B-Instruct", "provider": "transformers", "response": "Final answer: 53", "numeric_answer": 53.0, "relative_error": 0.0018832391713747914, "thinking_text": null, "has_tool_call": false, "tool_call": null, "usage": {"prompt_tokens": 187, "completion_tokens": 7, "total_tokens": 194, "token_count_source": "tokenizer"}, "decoding": {"temperature": 0.2, "top_p": null, "top_k": null, "max_tokens": 256, "seed": 42}, "prompt_tokens": 187, "completion_tokens": 7, "total_tokens": 194, "token_count_source": "tokenizer", "diffusion_steps": null, "flops_estimate": null, "flops_arch": null, "flops_model_params": null, "flops_active_params": null, "tokens_non_final": 3, "tokens_reasoning": 0, "tokens_response": 3, "elapsed_seconds": 0.539513111114502, "judgement": "Good approximation"}
{"id": "units_000467", "topic": "units", "subtopic": "lb_oz", "prompt": "You buy 0.68 lb at $7.36 per lb. About how much is that total?", "exact_value": 5.0, "model": "tiiuae/Falcon-H1-7B-Instruct", "provider": "transformers", "response": "Final answer: 5", "numeric_answer": 5.0, "relative_error": 0.0, "thinking_text": null, "has_tool_call": false, "tool_call": null, "usage": {"prompt_tokens": 186, "completion_tokens": 6, "total_tokens": 192, "token_count_source": "tokenizer"}, "decoding": {"temperature": 0.2, "top_p": null, "top_k": null, "max_tokens": 256, "seed": 42}, "prompt_tokens": 186, "completion_tokens": 6, "total_tokens": 192, "token_count_source": "tokenizer", "diffusion_steps": null, "flops_estimate": null, "flops_arch": null, "flops_model_params": null, "flops_active_params": null, "tokens_non_final": 3, "tokens_reasoning": 0, "tokens_response": 3, "elapsed_seconds": 0.4967317581176758, "judgement": "Exact math"}
{"id": "units_000487", "topic": "units", "subtopic": "lb_oz", "prompt": "You buy 4.95 lb at $8.57 per lb. About how much is that total?", "exact_value": 42.42, "model": "tiiuae/Falcon-H1-7B-Instruct", "provider": "transformers", "response": "Final answer: 42", "numeric_answer": 42.0, "relative_error": 0.009900990099009941, "thinking_text": null, "has_tool_call": false, "tool_call": null, "usage": {"prompt_tokens": 186, "completion_tokens": 7, "total_tokens": 193, "token_count_source": "tokenizer"}, "decoding": {"temperature": 0.2, "top_p": null, "top_k": null, "max_tokens": 256, "seed": 42}, "prompt_tokens": 186, "completion_tokens": 7, "total_tokens": 193, "token_count_source": "tokenizer", "diffusion_steps": null, "flops_estimate": null, "flops_arch": null, "flops_model_params": null, "flops_active_params": null, "tokens_non_final": 3, "tokens_reasoning": 0, "tokens_response": 3, "elapsed_seconds": 0.5715885162353516, "judgement": "Good approximation"}
{"id": "units_000507", "topic": "units", "subtopic": "lb_oz", "prompt": "You buy 0.55 lb at $7.62 per lb. About how much is that total?", "exact_value": 4.19, "model": "tiiuae/Falcon-H1-7B-Instruct", "provider": "transformers", "response": "Final answer: 4", "numeric_answer": 4.0, "relative_error": 0.045346062052506055, "thinking_text": null, "has_tool_call": false, "tool_call": null, "usage": {"prompt_tokens": 186, "completion_tokens": 6, "total_tokens": 192, "token_count_source": "tokenizer"}, "decoding": {"temperature": 0.2, "top_p": null, "top_k": null, "max_tokens": 256, "seed": 42}, "prompt_tokens": 186, "completion_tokens": 6, "total_tokens": 192, "token_count_source": "tokenizer", "diffusion_steps": null, "flops_estimate": null, "flops_arch": null, "flops_model_params": null, "flops_active_params": null, "tokens_non_final": 3, "tokens_reasoning": 0, "tokens_response": 3, "elapsed_seconds": 0.4976522922515869, "judgement": "Good approximation"}
{"id": "units_000527", "topic": "units", "subtopic": "kg_g", "prompt": "An item costs $6.70 per kg. You take 750 g. About how much is that?", "exact_value": 5.03, "model": "tiiuae/Falcon-H1-7B-Instruct", "provider": "transformers", "response": "Final answer: 5", "numeric_answer": 5.0, "relative_error": 0.0059642147117296715, "thinking_text": null, "has_tool_call": false, "tool_call": null, "usage": {"prompt_tokens": 187, "completion_tokens": 6, "total_tokens": 193, "token_count_source": "tokenizer"}, "decoding": {"temperature": 0.2, "top_p": null, "top_k": null, "max_tokens": 256, "seed": 42}, "prompt_tokens": 187, "completion_tokens": 6, "total_tokens": 193, "token_count_source": "tokenizer", "diffusion_steps": null, "flops_estimate": null, "flops_arch": null, "flops_model_params": null, "flops_active_params": null, "tokens_non_final": 3, "tokens_reasoning": 0, "tokens_response": 3, "elapsed_seconds": 0.48842549324035645, "judgement": "Good approximation"}
{"id": "units_000547", "topic": "units", "subtopic": "kg_g", "prompt": "An item costs $7.37 per kg. You take 350 g. About how much is that?", "exact_value": 2.58, "model": "tiiuae/Falcon-H1-7B-Instruct", "provider": "transformers", "response": "Final answer: 2.6", "numeric_answer": 2.6, "relative_error": 0.007751937984496131, "thinking_text": null, "has_tool_call": false, "tool_call": null, "usage": {"prompt_tokens": 187, "completion_tokens": 8, "total_tokens": 195, "token_count_source": "tokenizer"}, "decoding": {"temperature": 0.2, "top_p": null, "top_k": null, "max_tokens": 256, "seed": 42}, "prompt_tokens": 187, "completion_tokens": 8, "total_tokens": 195, "token_count_source": "tokenizer", "diffusion_steps": null, "flops_estimate": null, "flops_arch": null, "flops_model_params": null, "flops_active_params": null, "tokens_non_final": 3, "tokens_reasoning": 0, "tokens_response": 3, "elapsed_seconds": 0.6410486698150635, "judgement": "Good approximation"}
{"id": "units_000567", "topic": "units", "subtopic": "kg_g", "prompt": "An item costs $10.70 per kg. You take 900 g. About how much is that?", "exact_value": 9.63, "model": "tiiuae/Falcon-H1-7B-Instruct", "provider": "transformers", "response": "Final answer: 10", "numeric_answer": 10.0, "relative_error": 0.03842159916926264, "thinking_text": null, "has_tool_call": false, "tool_call": null, "usage": {"prompt_tokens": 188, "completion_tokens": 7, "total_tokens": 195, "token_count_source": "tokenizer"}, "decoding": {"temperature": 0.2, "top_p": null, "top_k": null, "max_tokens": 256, "seed": 42}, "prompt_tokens": 188, "completion_tokens": 7, "total_tokens": 195, "token_count_source": "tokenizer", "diffusion_steps": null, "flops_estimate": null, "flops_arch": null, "flops_model_params": null, "flops_active_params": null, "tokens_non_final": 3, "tokens_reasoning": 0, "tokens_response": 3, "elapsed_seconds": 0.5700359344482422, "judgement": "Good approximation"}
{"id": "units_000587", "topic": "units", "subtopic": "kg_g", "prompt": "An item costs $4.94 per kg. You take 350 g. About how much is that?", "exact_value": 1.73, "model": "tiiuae/Falcon-H1-7B-Instruct", "provider": "transformers", "response": "Final answer: 2", "numeric_answer": 2.0, "relative_error": 0.15606936416184972, "thinking_text": null, "has_tool_call": false, "tool_call": null, "usage": {"prompt_tokens": 187, "completion_tokens": 6, "total_tokens": 193, "token_count_source": "tokenizer"}, "decoding": {"temperature": 0.2, "top_p": null, "top_k": null, "max_tokens": 256, "seed": 42}, "prompt_tokens": 187, "completion_tokens": 6, "total_tokens": 193, "token_count_source": "tokenizer", "diffusion_steps": null, "flops_estimate": null, "flops_arch": null, "flops_model_params": null, "flops_active_params": null, "tokens_non_final": 3, "tokens_reasoning": 0, "tokens_response": 3, "elapsed_seconds": 0.49399709701538086, "judgement": "Good approximation"}
{"id": "units_000607", "topic": "units", "subtopic": "kg_g", "prompt": "An item costs $11.97 per kg. You take 400 g. About how much is that?", "exact_value": 4.79, "model": "tiiuae/Falcon-H1-7B-Instruct", "provider": "transformers", "response": "Final answer: 5", "numeric_answer": 5.0, "relative_error": 0.04384133611691022, "thinking_text": null, "has_tool_call": false, "tool_call": null, "usage": {"prompt_tokens": 188, "completion_tokens": 6, "total_tokens": 194, "token_count_source": "tokenizer"}, "decoding": {"temperature": 0.2, "top_p": null, "top_k": null, "max_tokens": 256, "seed": 42}, "prompt_tokens": 188, "completion_tokens": 6, "total_tokens": 194, "token_count_source": "tokenizer", "diffusion_steps": null, "flops_estimate": null, "flops_arch": null, "flops_model_params": null, "flops_active_params": null, "tokens_non_final": 3, "tokens_reasoning": 0, "tokens_response": 3, "elapsed_seconds": 0.49669861793518066, "judgement": "Good approximation"}
{"id": "units_000627", "topic": "units", "subtopic": "lb_oz", "prompt": "You buy 2.13 lb at $11.95 per lb. About how much is that total?", "exact_value": 25.45, "model": "tiiuae/Falcon-H1-7B-Instruct", "provider": "transformers", "response": "Final answer: 25", "numeric_answer": 25.0, "relative_error": 0.017681728880157142, "thinking_text": null, "has_tool_call": false, "tool_call": null, "usage": {"prompt_tokens": 187, "completion_tokens": 7, "total_tokens": 194, "token_count_source": "tokenizer"}, "decoding": {"temperature": 0.2, "top_p": null, "top_k": null, "max_tokens": 256, "seed": 42}, "prompt_tokens": 187, "completion_tokens": 7, "total_tokens": 194, "token_count_source": "tokenizer", "diffusion_steps": null, "flops_estimate": null, "flops_arch": null, "flops_model_params": null, "flops_active_params": null, "tokens_non_final": 3, "tokens_reasoning": 0, "tokens_response": 3, "elapsed_seconds": 0.5670092105865479, "judgement": "Good approximation"}
{"id": "units_000647", "topic": "units", "subtopic": "kg_g", "prompt": "An item costs $10.91 per kg. You take 900 g. About how much is that?", "exact_value": 9.82, "model": "tiiuae/Falcon-H1-7B-Instruct", "provider": "transformers", "response": "Final answer: 10", "numeric_answer": 10.0, "relative_error": 0.018329938900203638, "thinking_text": null, "has_tool_call": false, "tool_call": null, "usage": {"prompt_tokens": 188, "completion_tokens": 7, "total_tokens": 195, "token_count_source": "tokenizer"}, "decoding": {"temperature": 0.2, "top_p": null, "top_k": null, "max_tokens": 256, "seed": 42}, "prompt_tokens": 188, "completion_tokens": 7, "total_tokens": 195, "token_count_source": "tokenizer", "diffusion_steps": null, "flops_estimate": null, "flops_arch": null, "flops_model_params": null, "flops_active_params": null, "tokens_non_final": 3, "tokens_reasoning": 0, "tokens_response": 3, "elapsed_seconds": 0.5633587837219238, "judgement": "Good approximation"}
{"id": "units_000667", "topic": "units", "subtopic": "kg_g", "prompt": "An item costs $13.39 per kg. You take 300 g. About how much is that?", "exact_value": 4.02, "model": "tiiuae/Falcon-H1-7B-Instruct", "provider": "transformers", "response": "Final answer: 4", "numeric_answer": 4.0, "relative_error": 0.004975124378109347, "thinking_text": null, "has_tool_call": false, "tool_call": null, "usage": {"prompt_tokens": 188, "completion_tokens": 6, "total_tokens": 194, "token_count_source": "tokenizer"}, "decoding": {"temperature": 0.2, "top_p": null, "top_k": null, "max_tokens": 256, "seed": 42}, "prompt_tokens": 188, "completion_tokens": 6, "total_tokens": 194, "token_count_source": "tokenizer", "diffusion_steps": null, "flops_estimate": null, "flops_arch": null, "flops_model_params": null, "flops_active_params": null, "tokens_non_final": 3, "tokens_reasoning": 0, "tokens_response": 3, "elapsed_seconds": 0.4908578395843506, "judgement": "Good approximation"}
{"id": "units_000687", "topic": "units", "subtopic": "lb_oz", "prompt": "You buy 1.93 lb at $5.24 per lb. About how much is that total?", "exact_value": 10.11, "model": "tiiuae/Falcon-H1-7B-Instruct", "provider": "transformers", "response": "Final answer: 10", "numeric_answer": 10.0, "relative_error": 0.010880316518298658, "thinking_text": null, "has_tool_call": false, "tool_call": null, "usage": {"prompt_tokens": 186, "completion_tokens": 7, "total_tokens": 193, "token_count_source": "tokenizer"}, "decoding": {"temperature": 0.2, "top_p": null, "top_k": null, "max_tokens": 256, "seed": 42}, "prompt_tokens": 186, "completion_tokens": 7, "total_tokens": 193, "token_count_source": "tokenizer", "diffusion_steps": null, "flops_estimate": null, "flops_arch": null, "flops_model_params": null, "flops_active_params": null, "tokens_non_final": 3, "tokens_reasoning": 0, "tokens_response": 3, "elapsed_seconds": 0.5565643310546875, "judgement": "Good approximation"}
{"id": "units_000707", "topic": "units", "subtopic": "kg_g", "prompt": "An item costs $7.61 per kg. You take 400 g. About how much is that?", "exact_value": 3.04, "model": "tiiuae/Falcon-H1-7B-Instruct", "provider": "transformers", "response": "Final answer: 3", "numeric_answer": 3.0, "relative_error": 0.013157894736842117, "thinking_text": null, "has_tool_call": false, "tool_call": null, "usage": {"prompt_tokens": 187, "completion_tokens": 6, "total_tokens": 193, "token_count_source": "tokenizer"}, "decoding": {"temperature": 0.2, "top_p": null, "top_k": null, "max_tokens": 256, "seed": 42}, "prompt_tokens": 187, "completion_tokens": 6, "total_tokens": 193, "token_count_source": "tokenizer", "diffusion_steps": null, "flops_estimate": null, "flops_arch": null, "flops_model_params": null, "flops_active_params": null, "tokens_non_final": 3, "tokens_reasoning": 0, "tokens_response": 3, "elapsed_seconds": 0.47957539558410645, "judgement": "Good approximation"}
{"id": "units_000727", "topic": "units", "subtopic": "lb_oz", "prompt": "You buy 3.59 lb at $10.93 per lb. About how much is that total?", "exact_value": 39.24, "model": "tiiuae/Falcon-H1-7B-Instruct", "provider": "transformers", "response": "Final answer: 40", "numeric_answer": 40.0, "relative_error": 0.019367991845056012, "thinking_text": null, "has_tool_call": false, "tool_call": null, "usage": {"prompt_tokens": 187, "completion_tokens": 7, "total_tokens": 194, "token_count_source": "tokenizer"}, "decoding": {"temperature": 0.2, "top_p": null, "top_k": null, "max_tokens": 256, "seed": 42}, "prompt_tokens": 187, "completion_tokens": 7, "total_tokens": 194, "token_count_source": "tokenizer", "diffusion_steps": null, "flops_estimate": null, "flops_arch": null, "flops_model_params": null, "flops_active_params": null, "tokens_non_final": 3, "tokens_reasoning": 0, "tokens_response": 3, "elapsed_seconds": 0.5595083236694336, "judgement": "Good approximation"}
{"id": "units_000747", "topic": "units", "subtopic": "lb_oz", "prompt": "You buy 2.72 lb at $3.64 per lb. About how much is that total?", "exact_value": 9.9, "model": "tiiuae/Falcon-H1-7B-Instruct", "provider": "transformers", "response": "Final answer: 10", "numeric_answer": 10.0, "relative_error": 0.010101010101010065, "thinking_text": null, "has_tool_call": false, "tool_call": null, "usage": {"prompt_tokens": 186, "completion_tokens": 7, "total_tokens": 193, "token_count_source": "tokenizer"}, "decoding": {"temperature": 0.2, "top_p": null, "top_k": null, "max_tokens": 256, "seed": 42}, "prompt_tokens": 186, "completion_tokens": 7, "total_tokens": 193, "token_count_source": "tokenizer", "diffusion_steps": null, "flops_estimate": null, "flops_arch": null, "flops_model_params": null, "flops_active_params": null, "tokens_non_final": 3, "tokens_reasoning": 0, "tokens_response": 3, "elapsed_seconds": 0.5602016448974609, "judgement": "Good approximation"}
{"id": "units_000767", "topic": "units", "subtopic": "kg_g", "prompt": "An item costs $11.67 per kg. You take 900 g. About how much is that?", "exact_value": 10.5, "model": "tiiuae/Falcon-H1-7B-Instruct", "provider": "transformers", "response": "Final answer: 11", "numeric_answer": 11.0, "relative_error": 0.047619047619047616, "thinking_text": null, "has_tool_call": false, "tool_call": null, "usage": {"prompt_tokens": 188, "completion_tokens": 7, "total_tokens": 195, "token_count_source": "tokenizer"}, "decoding": {"temperature": 0.2, "top_p": null, "top_k": null, "max_tokens": 256, "seed": 42}, "prompt_tokens": 188, "completion_tokens": 7, "total_tokens": 195, "token_count_source": "tokenizer", "diffusion_steps": null, "flops_estimate": null, "flops_arch": null, "flops_model_params": null, "flops_active_params": null, "tokens_non_final": 3, "tokens_reasoning": 0, "tokens_response": 3, "elapsed_seconds": 0.5349056720733643, "judgement": "Good approximation"}
{"id": "units_000787", "topic": "units", "subtopic": "kg_g", "prompt": "An item costs $10.33 per kg. You take 400 g. About how much is that?", "exact_value": 4.13, "model": "tiiuae/Falcon-H1-7B-Instruct", "provider": "transformers", "response": "Final answer: 4", "numeric_answer": 4.0, "relative_error": 0.03147699757869247, "thinking_text": null, "has_tool_call": false, "tool_call": null, "usage": {"prompt_tokens": 188, "completion_tokens": 6, "total_tokens": 194, "token_count_source": "tokenizer"}, "decoding": {"temperature": 0.2, "top_p": null, "top_k": null, "max_tokens": 256, "seed": 42}, "prompt_tokens": 188, "completion_tokens": 6, "total_tokens": 194, "token_count_source": "tokenizer", "diffusion_steps": null, "flops_estimate": null, "flops_arch": null, "flops_model_params": null, "flops_active_params": null, "tokens_non_final": 3, "tokens_reasoning": 0, "tokens_response": 3, "elapsed_seconds": 0.48810386657714844, "judgement": "Good approximation"}
{"id": "units_000807", "topic": "units", "subtopic": "kg_g", "prompt": "An item costs $17.42 per kg. You take 400 g. About how much is that?", "exact_value": 6.97, "model": "tiiuae/Falcon-H1-7B-Instruct", "provider": "transformers", "response": "Final answer: 7", "numeric_answer": 7.0, "relative_error": 0.004304160688665746, "thinking_text": null, "has_tool_call": false, "tool_call": null, "usage": {"prompt_tokens": 188, "completion_tokens": 6, "total_tokens": 194, "token_count_source": "tokenizer"}, "decoding": {"temperature": 0.2, "top_p": null, "top_k": null, "max_tokens": 256, "seed": 42}, "prompt_tokens": 188, "completion_tokens": 6, "total_tokens": 194, "token_count_source": "tokenizer", "diffusion_steps": null, "flops_estimate": null, "flops_arch": null, "flops_model_params": null, "flops_active_params": null, "tokens_non_final": 3, "tokens_reasoning": 0, "tokens_response": 3, "elapsed_seconds": 0.46371006965637207, "judgement": "Good approximation"}
{"id": "units_000827", "topic": "units", "subtopic": "lb_oz", "prompt": "You buy 3.71 lb at $14.59 per lb. About how much is that total?", "exact_value": 54.13, "model": "tiiuae/Falcon-H1-7B-Instruct", "provider": "transformers", "response": "Final answer: 55", "numeric_answer": 55.0, "relative_error": 0.01607241825235539, "thinking_text": null, "has_tool_call": false, "tool_call": null, "usage": {"prompt_tokens": 187, "completion_tokens": 7, "total_tokens": 194, "token_count_source": "tokenizer"}, "decoding": {"temperature": 0.2, "top_p": null, "top_k": null, "max_tokens": 256, "seed": 42}, "prompt_tokens": 187, "completion_tokens": 7, "total_tokens": 194, "token_count_source": "tokenizer", "diffusion_steps": null, "flops_estimate": null, "flops_arch": null, "flops_model_params": null, "flops_active_params": null, "tokens_non_final": 3, "tokens_reasoning": 0, "tokens_response": 3, "elapsed_seconds": 0.5599925518035889, "judgement": "Good approximation"}
{"id": "units_000847", "topic": "units", "subtopic": "kg_g", "prompt": "An item costs $16.02 per kg. You take 300 g. About how much is that?", "exact_value": 4.81, "model": "tiiuae/Falcon-H1-7B-Instruct", "provider": "transformers", "response": "Final answer: 5", "numeric_answer": 5.0, "relative_error": 0.039501039501039586, "thinking_text": null, "has_tool_call": false, "tool_call": null, "usage": {"prompt_tokens": 188, "completion_tokens": 6, "total_tokens": 194, "token_count_source": "tokenizer"}, "decoding": {"temperature": 0.2, "top_p": null, "top_k": null, "max_tokens": 256, "seed": 42}, "prompt_tokens": 188, "completion_tokens": 6, "total_tokens": 194, "token_count_source": "tokenizer", "diffusion_steps": null, "flops_estimate": null, "flops_arch": null, "flops_model_params": null, "flops_active_params": null, "tokens_non_final": 3, "tokens_reasoning": 0, "tokens_response": 3, "elapsed_seconds": 0.47681355476379395, "judgement": "Good approximation"}
{"id": "units_000867", "topic": "units", "subtopic": "kg_g", "prompt": "An item costs $19.16 per kg. You take 750 g. About how much is that?", "exact_value": 14.37, "model": "tiiuae/Falcon-H1-7B-Instruct", "provider": "transformers", "response": "Final answer: 15", "numeric_answer": 15.0, "relative_error": 0.04384133611691029, "thinking_text": null, "has_tool_call": false, "tool_call": null, "usage": {"prompt_tokens": 188, "completion_tokens": 7, "total_tokens": 195, "token_count_source": "tokenizer"}, "decoding": {"temperature": 0.2, "top_p": null, "top_k": null, "max_tokens": 256, "seed": 42}, "prompt_tokens": 188, "completion_tokens": 7, "total_tokens": 195, "token_count_source": "tokenizer", "diffusion_steps": null, "flops_estimate": null, "flops_arch": null, "flops_model_params": null, "flops_active_params": null, "tokens_non_final": 3, "tokens_reasoning": 0, "tokens_response": 3, "elapsed_seconds": 0.5567553043365479, "judgement": "Good approximation"}
{"id": "units_000887", "topic": "units", "subtopic": "kg_g", "prompt": "An item costs $4.82 per kg. You take 750 g. About how much is that?", "exact_value": 3.62, "model": "tiiuae/Falcon-H1-7B-Instruct", "provider": "transformers", "response": "Final answer: 4", "numeric_answer": 4.0, "relative_error": 0.1049723756906077, "thinking_text": null, "has_tool_call": false, "tool_call": null, "usage": {"prompt_tokens": 187, "completion_tokens": 6, "total_tokens": 193, "token_count_source": "tokenizer"}, "decoding": {"temperature": 0.2, "top_p": null, "top_k": null, "max_tokens": 256, "seed": 42}, "prompt_tokens": 187, "completion_tokens": 6, "total_tokens": 193, "token_count_source": "tokenizer", "diffusion_steps": null, "flops_estimate": null, "flops_arch": null, "flops_model_params": null, "flops_active_params": null, "tokens_non_final": 3, "tokens_reasoning": 0, "tokens_response": 3, "elapsed_seconds": 0.489879846572876, "judgement": "Good approximation"}
{"id": "units_000907", "topic": "units", "subtopic": "lb_oz", "prompt": "You buy 1.03 lb at $7.95 per lb. About how much is that total?", "exact_value": 8.19, "model": "tiiuae/Falcon-H1-7B-Instruct", "provider": "transformers", "response": "Final answer: 8", "numeric_answer": 8.0, "relative_error": 0.02319902319902314, "thinking_text": null, "has_tool_call": false, "tool_call": null, "usage": {"prompt_tokens": 186, "completion_tokens": 6, "total_tokens": 192, "token_count_source": "tokenizer"}, "decoding": {"temperature": 0.2, "top_p": null, "top_k": null, "max_tokens": 256, "seed": 42}, "prompt_tokens": 186, "completion_tokens": 6, "total_tokens": 192, "token_count_source": "tokenizer", "diffusion_steps": null, "flops_estimate": null, "flops_arch": null, "flops_model_params": null, "flops_active_params": null, "tokens_non_final": 3, "tokens_reasoning": 0, "tokens_response": 3, "elapsed_seconds": 0.4890146255493164, "judgement": "Good approximation"}
{"id": "units_000927", "topic": "units", "subtopic": "lb_oz", "prompt": "You buy 4.57 lb at $4.76 per lb. About how much is that total?", "exact_value": 21.75, "model": "tiiuae/Falcon-H1-7B-Instruct", "provider": "transformers", "response": "Final answer: 22", "numeric_answer": 22.0, "relative_error": 0.011494252873563218, "thinking_text": null, "has_tool_call": false, "tool_call": null, "usage": {"prompt_tokens": 186, "completion_tokens": 7, "total_tokens": 193, "token_count_source": "tokenizer"}, "decoding": {"temperature": 0.2, "top_p": null, "top_k": null, "max_tokens": 256, "seed": 42}, "prompt_tokens": 186, "completion_tokens": 7, "total_tokens": 193, "token_count_source": "tokenizer", "diffusion_steps": null, "flops_estimate": null, "flops_arch": null, "flops_model_params": null, "flops_active_params": null, "tokens_non_final": 3, "tokens_reasoning": 0, "tokens_response": 3, "elapsed_seconds": 0.5565752983093262, "judgement": "Good approximation"}
{"id": "units_000947", "topic": "units", "subtopic": "lb_oz", "prompt": "You buy 1.79 lb at $7.65 per lb. About how much is that total?", "exact_value": 13.69, "model": "tiiuae/Falcon-H1-7B-Instruct", "provider": "transformers", "response": "Final answer: 15", "numeric_answer": 15.0, "relative_error": 0.0956902848794741, "thinking_text": null, "has_tool_call": false, "tool_call": null, "usage": {"prompt_tokens": 186, "completion_tokens": 7, "total_tokens": 193, "token_count_source": "tokenizer"}, "decoding": {"temperature": 0.2, "top_p": null, "top_k": null, "max_tokens": 256, "seed": 42}, "prompt_tokens": 186, "completion_tokens": 7, "total_tokens": 193, "token_count_source": "tokenizer", "diffusion_steps": null, "flops_estimate": null, "flops_arch": null, "flops_model_params": null, "flops_active_params": null, "tokens_non_final": 3, "tokens_reasoning": 0, "tokens_response": 3, "elapsed_seconds": 0.5795345306396484, "judgement": "Good approximation"}
{"id": "units_000967", "topic": "units", "subtopic": "lb_oz", "prompt": "You buy 2.01 lb at $13.92 per lb. About how much is that total?", "exact_value": 27.98, "model": "tiiuae/Falcon-H1-7B-Instruct", "provider": "transformers", "response": "Final answer: 30", "numeric_answer": 30.0, "relative_error": 0.07219442458899213, "thinking_text": null, "has_tool_call": false, "tool_call": null, "usage": {"prompt_tokens": 187, "completion_tokens": 7, "total_tokens": 194, "token_count_source": "tokenizer"}, "decoding": {"temperature": 0.2, "top_p": null, "top_k": null, "max_tokens": 256, "seed": 42}, "prompt_tokens": 187, "completion_tokens": 7, "total_tokens": 194, "token_count_source": "tokenizer", "diffusion_steps": null, "flops_estimate": null, "flops_arch": null, "flops_model_params": null, "flops_active_params": null, "tokens_non_final": 3, "tokens_reasoning": 0, "tokens_response": 3, "elapsed_seconds": 0.5732665061950684, "judgement": "Good approximation"}
{"id": "units_000987", "topic": "units", "subtopic": "kg_g", "prompt": "An item costs $17.96 per kg. You take 500 g. About how much is that?", "exact_value": 8.98, "model": "tiiuae/Falcon-H1-7B-Instruct", "provider": "transformers", "response": "Final answer: 9", "numeric_answer": 9.0, "relative_error": 0.0022271714922048524, "thinking_text": null, "has_tool_call": false, "tool_call": null, "usage": {"prompt_tokens": 188, "completion_tokens": 6, "total_tokens": 194, "token_count_source": "tokenizer"}, "decoding": {"temperature": 0.2, "top_p": null, "top_k": null, "max_tokens": 256, "seed": 42}, "prompt_tokens": 188, "completion_tokens": 6, "total_tokens": 194, "token_count_source": "tokenizer", "diffusion_steps": null, "flops_estimate": null, "flops_arch": null, "flops_model_params": null, "flops_active_params": null, "tokens_non_final": 3, "tokens_reasoning": 0, "tokens_response": 3, "elapsed_seconds": 0.4828519821166992, "judgement": "Good approximation"}
{"id": "units_001007", "topic": "units", "subtopic": "lb_oz", "prompt": "You buy 3.75 lb at $12.94 per lb. About how much is that total?", "exact_value": 48.53, "model": "tiiuae/Falcon-H1-7B-Instruct", "provider": "transformers", "response": "Final answer: 50", "numeric_answer": 50.0, "relative_error": 0.030290541932825033, "thinking_text": null, "has_tool_call": false, "tool_call": null, "usage": {"prompt_tokens": 187, "completion_tokens": 7, "total_tokens": 194, "token_count_source": "tokenizer"}, "decoding": {"temperature": 0.2, "top_p": null, "top_k": null, "max_tokens": 256, "seed": 42}, "prompt_tokens": 187, "completion_tokens": 7, "total_tokens": 194, "token_count_source": "tokenizer", "diffusion_steps": null, "flops_estimate": null, "flops_arch": null, "flops_model_params": null, "flops_active_params": null, "tokens_non_final": 3, "tokens_reasoning": 0, "tokens_response": 3, "elapsed_seconds": 0.5668559074401855, "judgement": "Good approximation"}
{"id": "units_001027", "topic": "units", "subtopic": "kg_g", "prompt": "An item costs $17.61 per kg. You take 900 g. About how much is that?", "exact_value": 15.85, "model": "tiiuae/Falcon-H1-7B-Instruct", "provider": "transformers", "response": "Final answer: 16", "numeric_answer": 16.0, "relative_error": 0.009463722397476363, "thinking_text": null, "has_tool_call": false, "tool_call": null, "usage": {"prompt_tokens": 188, "completion_tokens": 7, "total_tokens": 195, "token_count_source": "tokenizer"}, "decoding": {"temperature": 0.2, "top_p": null, "top_k": null, "max_tokens": 256, "seed": 42}, "prompt_tokens": 188, "completion_tokens": 7, "total_tokens": 195, "token_count_source": "tokenizer", "diffusion_steps": null, "flops_estimate": null, "flops_arch": null, "flops_model_params": null, "flops_active_params": null, "tokens_non_final": 3, "tokens_reasoning": 0, "tokens_response": 3, "elapsed_seconds": 0.5518519878387451, "judgement": "Good approximation"}
{"id": "units_001047", "topic": "units", "subtopic": "kg_g", "prompt": "An item costs $4.66 per kg. You take 750 g. About how much is that?", "exact_value": 3.5, "model": "tiiuae/Falcon-H1-7B-Instruct", "provider": "transformers", "response": "Final answer: 4", "numeric_answer": 4.0, "relative_error": 0.14285714285714285, "thinking_text": null, "has_tool_call": false, "tool_call": null, "usage": {"prompt_tokens": 187, "completion_tokens": 6, "total_tokens": 193, "token_count_source": "tokenizer"}, "decoding": {"temperature": 0.2, "top_p": null, "top_k": null, "max_tokens": 256, "seed": 42}, "prompt_tokens": 187, "completion_tokens": 6, "total_tokens": 193, "token_count_source": "tokenizer", "diffusion_steps": null, "flops_estimate": null, "flops_arch": null, "flops_model_params": null, "flops_active_params": null, "tokens_non_final": 3, "tokens_reasoning": 0, "tokens_response": 3, "elapsed_seconds": 0.4878861904144287, "judgement": "Good approximation"}
{"id": "units_001067", "topic": "units", "subtopic": "lb_oz", "prompt": "You buy 5.21 lb at $3.37 per lb. About how much is that total?", "exact_value": 17.56, "model": "tiiuae/Falcon-H1-7B-Instruct", "provider": "transformers", "response": "Final answer: 18", "numeric_answer": 18.0, "relative_error": 0.02505694760820053, "thinking_text": null, "has_tool_call": false, "tool_call": null, "usage": {"prompt_tokens": 186, "completion_tokens": 7, "total_tokens": 193, "token_count_source": "tokenizer"}, "decoding": {"temperature": 0.2, "top_p": null, "top_k": null, "max_tokens": 256, "seed": 42}, "prompt_tokens": 186, "completion_tokens": 7, "total_tokens": 193, "token_count_source": "tokenizer", "diffusion_steps": null, "flops_estimate": null, "flops_arch": null, "flops_model_params": null, "flops_active_params": null, "tokens_non_final": 3, "tokens_reasoning": 0, "tokens_response": 3, "elapsed_seconds": 0.5705738067626953, "judgement": "Good approximation"}
{"id": "units_001087", "topic": "units", "subtopic": "kg_g", "prompt": "An item costs $7.42 per kg. You take 400 g. About how much is that?", "exact_value": 2.97, "model": "tiiuae/Falcon-H1-7B-Instruct", "provider": "transformers", "response": "Final answer: 3", "numeric_answer": 3.0, "relative_error": 0.010101010101010034, "thinking_text": null, "has_tool_call": false, "tool_call": null, "usage": {"prompt_tokens": 187, "completion_tokens": 6, "total_tokens": 193, "token_count_source": "tokenizer"}, "decoding": {"temperature": 0.2, "top_p": null, "top_k": null, "max_tokens": 256, "seed": 42}, "prompt_tokens": 187, "completion_tokens": 6, "total_tokens": 193, "token_count_source": "tokenizer", "diffusion_steps": null, "flops_estimate": null, "flops_arch": null, "flops_model_params": null, "flops_active_params": null, "tokens_non_final": 3, "tokens_reasoning": 0, "tokens_response": 3, "elapsed_seconds": 0.4745159149169922, "judgement": "Good approximation"}
{"id": "units_001107", "topic": "units", "subtopic": "kg_g", "prompt": "An item costs $19.86 per kg. You take 400 g. About how much is that?", "exact_value": 7.94, "model": "tiiuae/Falcon-H1-7B-Instruct", "provider": "transformers", "response": "Final answer: 8", "numeric_answer": 8.0, "relative_error": 0.0075566750629722425, "thinking_text": null, "has_tool_call": false, "tool_call": null, "usage": {"prompt_tokens": 188, "completion_tokens": 6, "total_tokens": 194, "token_count_source": "tokenizer"}, "decoding": {"temperature": 0.2, "top_p": null, "top_k": null, "max_tokens": 256, "seed": 42}, "prompt_tokens": 188, "completion_tokens": 6, "total_tokens": 194, "token_count_source": "tokenizer", "diffusion_steps": null, "flops_estimate": null, "flops_arch": null, "flops_model_params": null, "flops_active_params": null, "tokens_non_final": 3, "tokens_reasoning": 0, "tokens_response": 3, "elapsed_seconds": 0.49080538749694824, "judgement": "Good approximation"}
{"id": "units_001127", "topic": "units", "subtopic": "kg_g", "prompt": "An item costs $5.63 per kg. You take 400 g. About how much is that?", "exact_value": 2.25, "model": "tiiuae/Falcon-H1-7B-Instruct", "provider": "transformers", "response": "Final answer: 2", "numeric_answer": 2.0, "relative_error": 0.1111111111111111, "thinking_text": null, "has_tool_call": false, "tool_call": null, "usage": {"prompt_tokens": 187, "completion_tokens": 6, "total_tokens": 193, "token_count_source": "tokenizer"}, "decoding": {"temperature": 0.2, "top_p": null, "top_k": null, "max_tokens": 256, "seed": 42}, "prompt_tokens": 187, "completion_tokens": 6, "total_tokens": 193, "token_count_source": "tokenizer", "diffusion_steps": null, "flops_estimate": null, "flops_arch": null, "flops_model_params": null, "flops_active_params": null, "tokens_non_final": 3, "tokens_reasoning": 0, "tokens_response": 3, "elapsed_seconds": 0.5006706714630127, "judgement": "Good approximation"}
{"id": "units_001147", "topic": "units", "subtopic": "lb_oz", "prompt": "You buy 0.86 lb at $7.70 per lb. About how much is that total?", "exact_value": 6.62, "model": "tiiuae/Falcon-H1-7B-Instruct", "provider": "transformers", "response": "Final answer: 7", "numeric_answer": 7.0, "relative_error": 0.05740181268882173, "thinking_text": null, "has_tool_call": false, "tool_call": null, "usage": {"prompt_tokens": 186, "completion_tokens": 6, "total_tokens": 192, "token_count_source": "tokenizer"}, "decoding": {"temperature": 0.2, "top_p": null, "top_k": null, "max_tokens": 256, "seed": 42}, "prompt_tokens": 186, "completion_tokens": 6, "total_tokens": 192, "token_count_source": "tokenizer", "diffusion_steps": null, "flops_estimate": null, "flops_arch": null, "flops_model_params": null, "flops_active_params": null, "tokens_non_final": 3, "tokens_reasoning": 0, "tokens_response": 3, "elapsed_seconds": 0.4991335868835449, "judgement": "Good approximation"}
{"id": "units_001167", "topic": "units", "subtopic": "kg_g", "prompt": "An item costs $5.90 per kg. You take 400 g. About how much is that?", "exact_value": 2.36, "model": "tiiuae/Falcon-H1-7B-Instruct", "provider": "transformers", "response": "Final answer: 2.40", "numeric_answer": 2.4, "relative_error": 0.0169491525423729, "thinking_text": null, "has_tool_call": false, "tool_call": null, "usage": {"prompt_tokens": 187, "completion_tokens": 9, "total_tokens": 196, "token_count_source": "tokenizer"}, "decoding": {"temperature": 0.2, "top_p": null, "top_k": null, "max_tokens": 256, "seed": 42}, "prompt_tokens": 187, "completion_tokens": 9, "total_tokens": 196, "token_count_source": "tokenizer", "diffusion_steps": null, "flops_estimate": null, "flops_arch": null, "flops_model_params": null, "flops_active_params": null, "tokens_non_final": 3, "tokens_reasoning": 0, "tokens_response": 3, "elapsed_seconds": 0.7440381050109863, "judgement": "Good approximation"}
{"id": "units_001187", "topic": "units", "subtopic": "lb_oz", "prompt": "You buy 3.21 lb at $10.48 per lb. About how much is that total?", "exact_value": 33.64, "model": "tiiuae/Falcon-H1-7B-Instruct", "provider": "transformers", "response": "Final answer: 35", "numeric_answer": 35.0, "relative_error": 0.04042806183115337, "thinking_text": null, "has_tool_call": false, "tool_call": null, "usage": {"prompt_tokens": 187, "completion_tokens": 7, "total_tokens": 194, "token_count_source": "tokenizer"}, "decoding": {"temperature": 0.2, "top_p": null, "top_k": null, "max_tokens": 256, "seed": 42}, "prompt_tokens": 187, "completion_tokens": 7, "total_tokens": 194, "token_count_source": "tokenizer", "diffusion_steps": null, "flops_estimate": null, "flops_arch": null, "flops_model_params": null, "flops_active_params": null, "tokens_non_final": 3, "tokens_reasoning": 0, "tokens_response": 3, "elapsed_seconds": 0.5655577182769775, "judgement": "Good approximation"}
{"id": "units_001207", "topic": "units", "subtopic": "lb_oz", "prompt": "You buy 1.97 lb at $9.55 per lb. About how much is that total?", "exact_value": 18.81, "model": "tiiuae/Falcon-H1-7B-Instruct", "provider": "transformers", "response": "Final answer: 20", "numeric_answer": 20.0, "relative_error": 0.06326422115895808, "thinking_text": null, "has_tool_call": false, "tool_call": null, "usage": {"prompt_tokens": 186, "completion_tokens": 7, "total_tokens": 193, "token_count_source": "tokenizer"}, "decoding": {"temperature": 0.2, "top_p": null, "top_k": null, "max_tokens": 256, "seed": 42}, "prompt_tokens": 186, "completion_tokens": 7, "total_tokens": 193, "token_count_source": "tokenizer", "diffusion_steps": null, "flops_estimate": null, "flops_arch": null, "flops_model_params": null, "flops_active_params": null, "tokens_non_final": 3, "tokens_reasoning": 0, "tokens_response": 3, "elapsed_seconds": 0.5653107166290283, "judgement": "Good approximation"}
{"id": "units_001227", "topic": "units", "subtopic": "lb_oz", "prompt": "You buy 5.24 lb at $7.66 per lb. About how much is that total?", "exact_value": 40.14, "model": "tiiuae/Falcon-H1-7B-Instruct", "provider": "transformers", "response": "Final answer: 40", "numeric_answer": 40.0, "relative_error": 0.003487792725460901, "thinking_text": null, "has_tool_call": false, "tool_call": null, "usage": {"prompt_tokens": 186, "completion_tokens": 7, "total_tokens": 193, "token_count_source": "tokenizer"}, "decoding": {"temperature": 0.2, "top_p": null, "top_k": null, "max_tokens": 256, "seed": 42}, "prompt_tokens": 186, "completion_tokens": 7, "total_tokens": 193, "token_count_source": "tokenizer", "diffusion_steps": null, "flops_estimate": null, "flops_arch": null, "flops_model_params": null, "flops_active_params": null, "tokens_non_final": 3, "tokens_reasoning": 0, "tokens_response": 3, "elapsed_seconds": 0.5896852016448975, "judgement": "Good approximation"}
{"id": "units_001247", "topic": "units", "subtopic": "kg_g", "prompt": "An item costs $5.89 per kg. You take 750 g. About how much is that?", "exact_value": 4.42, "model": "tiiuae/Falcon-H1-7B-Instruct", "provider": "transformers", "response": "Final answer: 4.50", "numeric_answer": 4.5, "relative_error": 0.018099547511312233, "thinking_text": null, "has_tool_call": false, "tool_call": null, "usage": {"prompt_tokens": 187, "completion_tokens": 9, "total_tokens": 196, "token_count_source": "tokenizer"}, "decoding": {"temperature": 0.2, "top_p": null, "top_k": null, "max_tokens": 256, "seed": 42}, "prompt_tokens": 187, "completion_tokens": 9, "total_tokens": 196, "token_count_source": "tokenizer", "diffusion_steps": null, "flops_estimate": null, "flops_arch": null, "flops_model_params": null, "flops_active_params": null, "tokens_non_final": 3, "tokens_reasoning": 0, "tokens_response": 3, "elapsed_seconds": 0.7197999954223633, "judgement": "Good approximation"}
{"id": "units_001267", "topic": "units", "subtopic": "kg_g", "prompt": "An item costs $17.87 per kg. You take 250 g. About how much is that?", "exact_value": 4.47, "model": "tiiuae/Falcon-H1-7B-Instruct", "provider": "transformers", "response": "Final answer: 5", "numeric_answer": 5.0, "relative_error": 0.11856823266219245, "thinking_text": null, "has_tool_call": false, "tool_call": null, "usage": {"prompt_tokens": 188, "completion_tokens": 6, "total_tokens": 194, "token_count_source": "tokenizer"}, "decoding": {"temperature": 0.2, "top_p": null, "top_k": null, "max_tokens": 256, "seed": 42}, "prompt_tokens": 188, "completion_tokens": 6, "total_tokens": 194, "token_count_source": "tokenizer", "diffusion_steps": null, "flops_estimate": null, "flops_arch": null, "flops_model_params": null, "flops_active_params": null, "tokens_non_final": 3, "tokens_reasoning": 0, "tokens_response": 3, "elapsed_seconds": 0.5080654621124268, "judgement": "Good approximation"}
{"id": "units_001287", "topic": "units", "subtopic": "kg_g", "prompt": "An item costs $6.27 per kg. You take 350 g. About how much is that?", "exact_value": 2.19, "model": "tiiuae/Falcon-H1-7B-Instruct", "provider": "transformers", "response": "Final answer: 2", "numeric_answer": 2.0, "relative_error": 0.08675799086757989, "thinking_text": null, "has_tool_call": false, "tool_call": null, "usage": {"prompt_tokens": 187, "completion_tokens": 6, "total_tokens": 193, "token_count_source": "tokenizer"}, "decoding": {"temperature": 0.2, "top_p": null, "top_k": null, "max_tokens": 256, "seed": 42}, "prompt_tokens": 187, "completion_tokens": 6, "total_tokens": 193, "token_count_source": "tokenizer", "diffusion_steps": null, "flops_estimate": null, "flops_arch": null, "flops_model_params": null, "flops_active_params": null, "tokens_non_final": 3, "tokens_reasoning": 0, "tokens_response": 3, "elapsed_seconds": 0.5006799697875977, "judgement": "Good approximation"}
{"id": "units_001307", "topic": "units", "subtopic": "lb_oz", "prompt": "You buy 5.85 lb at $4.79 per lb. About how much is that total?", "exact_value": 28.02, "model": "tiiuae/Falcon-H1-7B-Instruct", "provider": "transformers", "response": "Final answer: 30", "numeric_answer": 30.0, "relative_error": 0.07066381156316918, "thinking_text": null, "has_tool_call": false, "tool_call": null, "usage": {"prompt_tokens": 186, "completion_tokens": 7, "total_tokens": 193, "token_count_source": "tokenizer"}, "decoding": {"temperature": 0.2, "top_p": null, "top_k": null, "max_tokens": 256, "seed": 42}, "prompt_tokens": 186, "completion_tokens": 7, "total_tokens": 193, "token_count_source": "tokenizer", "diffusion_steps": null, "flops_estimate": null, "flops_arch": null, "flops_model_params": null, "flops_active_params": null, "tokens_non_final": 3, "tokens_reasoning": 0, "tokens_response": 3, "elapsed_seconds": 0.5827789306640625, "judgement": "Good approximation"}
{"id": "units_001327", "topic": "units", "subtopic": "lb_oz", "prompt": "You buy 3.55 lb at $11.49 per lb. About how much is that total?", "exact_value": 40.79, "model": "tiiuae/Falcon-H1-7B-Instruct", "provider": "transformers", "response": "Final answer: 40", "numeric_answer": 40.0, "relative_error": 0.019367492032360854, "thinking_text": null, "has_tool_call": false, "tool_call": null, "usage": {"prompt_tokens": 187, "completion_tokens": 7, "total_tokens": 194, "token_count_source": "tokenizer"}, "decoding": {"temperature": 0.2, "top_p": null, "top_k": null, "max_tokens": 256, "seed": 42}, "prompt_tokens": 187, "completion_tokens": 7, "total_tokens": 194, "token_count_source": "tokenizer", "diffusion_steps": null, "flops_estimate": null, "flops_arch": null, "flops_model_params": null, "flops_active_params": null, "tokens_non_final": 3, "tokens_reasoning": 0, "tokens_response": 3, "elapsed_seconds": 0.5526382923126221, "judgement": "Good approximation"}
{"id": "tips_000127", "topic": "tips", "subtopic": "tips_service", "prompt": "Bill is $61.32; service fee 0% and tip 22%. About how much do you pay in total?", "exact_value": 74.81, "model": "tiiuae/Falcon-H1-7B-Instruct", "provider": "transformers", "response": "Final answer: 75", "numeric_answer": 75.0, "relative_error": 0.00253976741077393, "thinking_text": null, "has_tool_call": false, "tool_call": null, "usage": {"prompt_tokens": 191, "completion_tokens": 7, "total_tokens": 198, "token_count_source": "tokenizer"}, "decoding": {"temperature": 0.2, "top_p": null, "top_k": null, "max_tokens": 256, "seed": 42}, "prompt_tokens": 191, "completion_tokens": 7, "total_tokens": 198, "token_count_source": "tokenizer", "diffusion_steps": null, "flops_estimate": null, "flops_arch": null, "flops_model_params": null, "flops_active_params": null, "tokens_non_final": 3, "tokens_reasoning": 0, "tokens_response": 3, "elapsed_seconds": 0.5986409187316895, "judgement": "Good approximation"}
{"id": "tips_000147", "topic": "tips", "subtopic": "tips_service", "prompt": "Bill is $28.37; service fee 3% and tip 15%. About how much do you pay in total?", "exact_value": 33.6, "model": "tiiuae/Falcon-H1-7B-Instruct", "provider": "transformers", "response": "Final answer: 35", "numeric_answer": 35.0, "relative_error": 0.04166666666666662, "thinking_text": null, "has_tool_call": false, "tool_call": null, "usage": {"prompt_tokens": 191, "completion_tokens": 7, "total_tokens": 198, "token_count_source": "tokenizer"}, "decoding": {"temperature": 0.2, "top_p": null, "top_k": null, "max_tokens": 256, "seed": 42}, "prompt_tokens": 191, "completion_tokens": 7, "total_tokens": 198, "token_count_source": "tokenizer", "diffusion_steps": null, "flops_estimate": null, "flops_arch": null, "flops_model_params": null, "flops_active_params": null, "tokens_non_final": 3, "tokens_reasoning": 0, "tokens_response": 3, "elapsed_seconds": 0.5542247295379639, "judgement": "Good approximation"}
{"id": "tips_000167", "topic": "tips", "subtopic": "tips_service", "prompt": "Bill is $104.95; service fee 3% and tip 22%. About how much do you pay in total?", "exact_value": 131.88, "model": "tiiuae/Falcon-H1-7B-Instruct", "provider": "transformers", "response": "Final answer: 135", "numeric_answer": 135.0, "relative_error": 0.023657870791628788, "thinking_text": null, "has_tool_call": false, "tool_call": null, "usage": {"prompt_tokens": 192, "completion_tokens": 8, "total_tokens": 200, "token_count_source": "tokenizer"}, "decoding": {"temperature": 0.2, "top_p": null, "top_k": null, "max_tokens": 256, "seed": 42}, "prompt_tokens": 192, "completion_tokens": 8, "total_tokens": 200, "token_count_source": "tokenizer", "diffusion_steps": null, "flops_estimate": null, "flops_arch": null, "flops_model_params": null, "flops_active_params": null, "tokens_non_final": 3, "tokens_reasoning": 0, "tokens_response": 3, "elapsed_seconds": 0.6513752937316895, "judgement": "Good approximation"}
{"id": "tips_000187", "topic": "tips", "subtopic": "tips_service", "prompt": "Bill is $21.63; service fee 5% and tip 18%. About how much do you pay in total?", "exact_value": 26.8, "model": "tiiuae/Falcon-H1-7B-Instruct", "provider": "transformers", "response": "Final answer: 28", "numeric_answer": 28.0, "relative_error": 0.044776119402985044, "thinking_text": null, "has_tool_call": false, "tool_call": null, "usage": {"prompt_tokens": 191, "completion_tokens": 7, "total_tokens": 198, "token_count_source": "tokenizer"}, "decoding": {"temperature": 0.2, "top_p": null, "top_k": null, "max_tokens": 256, "seed": 42}, "prompt_tokens": 191, "completion_tokens": 7, "total_tokens": 198, "token_count_source": "tokenizer", "diffusion_steps": null, "flops_estimate": null, "flops_arch": null, "flops_model_params": null, "flops_active_params": null, "tokens_non_final": 3, "tokens_reasoning": 0, "tokens_response": 3, "elapsed_seconds": 0.5799198150634766, "judgement": "Good approximation"}
{"id": "tips_000207", "topic": "tips", "subtopic": "tips_service", "prompt": "Bill is $33.06; service fee 0% and tip 18%. About how much do you pay in total?", "exact_value": 39.01, "model": "tiiuae/Falcon-H1-7B-Instruct", "provider": "transformers", "response": "Final answer: 39", "numeric_answer": 39.0, "relative_error": 0.0002563445270442966, "thinking_text": null, "has_tool_call": false, "tool_call": null, "usage": {"prompt_tokens": 191, "completion_tokens": 7, "total_tokens": 198, "token_count_source": "tokenizer"}, "decoding": {"temperature": 0.2, "top_p": null, "top_k": null, "max_tokens": 256, "seed": 42}, "prompt_tokens": 191, "completion_tokens": 7, "total_tokens": 198, "token_count_source": "tokenizer", "diffusion_steps": null, "flops_estimate": null, "flops_arch": null, "flops_model_params": null, "flops_active_params": null, "tokens_non_final": 3, "tokens_reasoning": 0, "tokens_response": 3, "elapsed_seconds": 0.5708160400390625, "judgement": "Good approximation"}
{"id": "tips_000227", "topic": "tips", "subtopic": "tips_service", "prompt": "Bill is $72.70; service fee 3% and tip 22%. About how much do you pay in total?", "exact_value": 91.35, "model": "tiiuae/Falcon-H1-7B-Instruct", "provider": "transformers", "response": "Final answer: 95", "numeric_answer": 95.0, "relative_error": 0.03995621237000554, "thinking_text": null, "has_tool_call": false, "tool_call": null, "usage": {"prompt_tokens": 191, "completion_tokens": 7, "total_tokens": 198, "token_count_source": "tokenizer"}, "decoding": {"temperature": 0.2, "top_p": null, "top_k": null, "max_tokens": 256, "seed": 42}, "prompt_tokens": 191, "completion_tokens": 7, "total_tokens": 198, "token_count_source": "tokenizer", "diffusion_steps": null, "flops_estimate": null, "flops_arch": null, "flops_model_params": null, "flops_active_params": null, "tokens_non_final": 3, "tokens_reasoning": 0, "tokens_response": 3, "elapsed_seconds": 0.5723879337310791, "judgement": "Good approximation"}
{"id": "tips_000247", "topic": "tips", "subtopic": "tips_service", "prompt": "Bill is $79.43; service fee 0% and tip 22%. About how much do you pay in total?", "exact_value": 96.9, "model": "tiiuae/Falcon-H1-7B-Instruct", "provider": "transformers", "response": "Final answer: 97", "numeric_answer": 97.0, "relative_error": 0.0010319917440659888, "thinking_text": null, "has_tool_call": false, "tool_call": null, "usage": {"prompt_tokens": 191, "completion_tokens": 7, "total_tokens": 198, "token_count_source": "tokenizer"}, "decoding": {"temperature": 0.2, "top_p": null, "top_k": null, "max_tokens": 256, "seed": 42}, "prompt_tokens": 191, "completion_tokens": 7, "total_tokens": 198, "token_count_source": "tokenizer", "diffusion_steps": null, "flops_estimate": null, "flops_arch": null, "flops_model_params": null, "flops_active_params": null, "tokens_non_final": 3, "tokens_reasoning": 0, "tokens_response": 3, "elapsed_seconds": 0.5947988033294678, "judgement": "Good approximation"}
{"id": "tips_000267", "topic": "tips", "subtopic": "tips_service", "prompt": "Bill is $66.82; service fee 3% and tip 22%. About how much do you pay in total?", "exact_value": 83.97, "model": "tiiuae/Falcon-H1-7B-Instruct", "provider": "transformers", "response": "Final answer: 90", "numeric_answer": 90.0, "relative_error": 0.07181136120042873, "thinking_text": null, "has_tool_call": false, "tool_call": null, "usage": {"prompt_tokens": 191, "completion_tokens": 7, "total_tokens": 198, "token_count_source": "tokenizer"}, "decoding": {"temperature": 0.2, "top_p": null, "top_k": null, "max_tokens": 256, "seed": 42}, "prompt_tokens": 191, "completion_tokens": 7, "total_tokens": 198, "token_count_source": "tokenizer", "diffusion_steps": null, "flops_estimate": null, "flops_arch": null, "flops_model_params": null, "flops_active_params": null, "tokens_non_final": 3, "tokens_reasoning": 0, "tokens_response": 3, "elapsed_seconds": 0.5853314399719238, "judgement": "Good approximation"}
{"id": "tips_000287", "topic": "tips", "subtopic": "tips_service", "prompt": "Bill is $54.76; service fee 5% and tip 18%. About how much do you pay in total?", "exact_value": 67.85, "model": "tiiuae/Falcon-H1-7B-Instruct", "provider": "transformers", "response": "Final answer: 75", "numeric_answer": 75.0, "relative_error": 0.1053795136330141, "thinking_text": null, "has_tool_call": false, "tool_call": null, "usage": {"prompt_tokens": 191, "completion_tokens": 7, "total_tokens": 198, "token_count_source": "tokenizer"}, "decoding": {"temperature": 0.2, "top_p": null, "top_k": null, "max_tokens": 256, "seed": 42}, "prompt_tokens": 191, "completion_tokens": 7, "total_tokens": 198, "token_count_source": "tokenizer", "diffusion_steps": null, "flops_estimate": null, "flops_arch": null, "flops_model_params": null, "flops_active_params": null, "tokens_non_final": 3, "tokens_reasoning": 0, "tokens_response": 3, "elapsed_seconds": 0.5738186836242676, "judgement": "Good approximation"}
{"id": "tips_000307", "topic": "tips", "subtopic": "tips_service", "prompt": "Bill is $114.55; service fee 3% and tip 22%. About how much do you pay in total?", "exact_value": 143.94, "model": "tiiuae/Falcon-H1-7B-Instruct", "provider": "transformers", "response": "Final answer: 150", "numeric_answer": 150.0, "relative_error": 0.04210087536473532, "thinking_text": null, "has_tool_call": false, "tool_call": null, "usage": {"prompt_tokens": 192, "completion_tokens": 8, "total_tokens": 200, "token_count_source": "tokenizer"}, "decoding": {"temperature": 0.2, "top_p": null, "top_k": null, "max_tokens": 256, "seed": 42}, "prompt_tokens": 192, "completion_tokens": 8, "total_tokens": 200, "token_count_source": "tokenizer", "diffusion_steps": null, "flops_estimate": null, "flops_arch": null, "flops_model_params": null, "flops_active_params": null, "tokens_non_final": 3, "tokens_reasoning": 0, "tokens_response": 3, "elapsed_seconds": 0.6530580520629883, "judgement": "Good approximation"}
{"id": "tips_000327", "topic": "tips", "subtopic": "tips_service", "prompt": "Bill is $31.62; service fee 5% and tip 18%. About how much do you pay in total?", "exact_value": 39.18, "model": "tiiuae/Falcon-H1-7B-Instruct", "provider": "transformers", "response": "Final answer: 45", "numeric_answer": 45.0, "relative_error": 0.14854517611026036, "thinking_text": null, "has_tool_call": false, "tool_call": null, "usage": {"prompt_tokens": 191, "completion_tokens": 7, "total_tokens": 198, "token_count_source": "tokenizer"}, "decoding": {"temperature": 0.2, "top_p": null, "top_k": null, "max_tokens": 256, "seed": 42}, "prompt_tokens": 191, "completion_tokens": 7, "total_tokens": 198, "token_count_source": "tokenizer", "diffusion_steps": null, "flops_estimate": null, "flops_arch": null, "flops_model_params": null, "flops_active_params": null, "tokens_non_final": 3, "tokens_reasoning": 0, "tokens_response": 3, "elapsed_seconds": 0.55708909034729, "judgement": "Good approximation"}
{"id": "tips_000347", "topic": "tips", "subtopic": "tips_service", "prompt": "Bill is $22.85; service fee 3% and tip 15%. About how much do you pay in total?", "exact_value": 27.07, "model": "tiiuae/Falcon-H1-7B-Instruct", "provider": "transformers", "response": "Final answer: 28", "numeric_answer": 28.0, "relative_error": 0.03435537495382341, "thinking_text": null, "has_tool_call": false, "tool_call": null, "usage": {"prompt_tokens": 191, "completion_tokens": 7, "total_tokens": 198, "token_count_source": "tokenizer"}, "decoding": {"temperature": 0.2, "top_p": null, "top_k": null, "max_tokens": 256, "seed": 42}, "prompt_tokens": 191, "completion_tokens": 7, "total_tokens": 198, "token_count_source": "tokenizer", "diffusion_steps": null, "flops_estimate": null, "flops_arch": null, "flops_model_params": null, "flops_active_params": null, "tokens_non_final": 3, "tokens_reasoning": 0, "tokens_response": 3, "elapsed_seconds": 0.5786588191986084, "judgement": "Good approximation"}
{"id": "tips_000367", "topic": "tips", "subtopic": "tips_service", "prompt": "Bill is $82.68; service fee 0% and tip 15%. About how much do you pay in total?", "exact_value": 95.08, "model": "tiiuae/Falcon-H1-7B-Instruct", "provider": "transformers", "response": "Final answer: 95", "numeric_answer": 95.0, "relative_error": 0.0008413967185527797, "thinking_text": null, "has_tool_call": false, "tool_call": null, "usage": {"prompt_tokens": 191, "completion_tokens": 7, "total_tokens": 198, "token_count_source": "tokenizer"}, "decoding": {"temperature": 0.2, "top_p": null, "top_k": null, "max_tokens": 256, "seed": 42}, "prompt_tokens": 191, "completion_tokens": 7, "total_tokens": 198, "token_count_source": "tokenizer", "diffusion_steps": null, "flops_estimate": null, "flops_arch": null, "flops_model_params": null, "flops_active_params": null, "tokens_non_final": 3, "tokens_reasoning": 0, "tokens_response": 3, "elapsed_seconds": 0.579077959060669, "judgement": "Good approximation"}
{"id": "tips_000387", "topic": "tips", "subtopic": "tips_service", "prompt": "Bill is $87.76; service fee 3% and tip 22%. About how much do you pay in total?", "exact_value": 110.28, "model": "tiiuae/Falcon-H1-7B-Instruct", "provider": "transformers", "response": "Final answer: 120", "numeric_answer": 120.0, "relative_error": 0.08813928182807398, "thinking_text": null, "has_tool_call": false, "tool_call": null, "usage": {"prompt_tokens": 191, "completion_tokens": 8, "total_tokens": 199, "token_count_source": "tokenizer"}, "decoding": {"temperature": 0.2, "top_p": null, "top_k": null, "max_tokens": 256, "seed": 42}, "prompt_tokens": 191, "completion_tokens": 8, "total_tokens": 199, "token_count_source": "tokenizer", "diffusion_steps": null, "flops_estimate": null, "flops_arch": null, "flops_model_params": null, "flops_active_params": null, "tokens_non_final": 3, "tokens_reasoning": 0, "tokens_response": 3, "elapsed_seconds": 0.6417312622070312, "judgement": "Good approximation"}
{"id": "tips_000407", "topic": "tips", "subtopic": "tips_service", "prompt": "Bill is $81.00; service fee 3% and tip 20%. About how much do you pay in total?", "exact_value": 100.12, "model": "tiiuae/Falcon-H1-7B-Instruct", "provider": "transformers", "response": "Final answer: 100", "numeric_answer": 100.0, "relative_error": 0.0011985617259289308, "thinking_text": null, "has_tool_call": false, "tool_call": null, "usage": {"prompt_tokens": 191, "completion_tokens": 8, "total_tokens": 199, "token_count_source": "tokenizer"}, "decoding": {"temperature": 0.2, "top_p": null, "top_k": null, "max_tokens": 256, "seed": 42}, "prompt_tokens": 191, "completion_tokens": 8, "total_tokens": 199, "token_count_source": "tokenizer", "diffusion_steps": null, "flops_estimate": null, "flops_arch": null, "flops_model_params": null, "flops_active_params": null, "tokens_non_final": 3, "tokens_reasoning": 0, "tokens_response": 3, "elapsed_seconds": 0.6359641551971436, "judgement": "Good approximation"}
{"id": "tips_000427", "topic": "tips", "subtopic": "tips_service", "prompt": "Bill is $99.26; service fee 0% and tip 22%. About how much do you pay in total?", "exact_value": 121.1, "model": "tiiuae/Falcon-H1-7B-Instruct", "provider": "transformers", "response": "Final answer: 120", "numeric_answer": 120.0, "relative_error": 0.009083402146985916, "thinking_text": null, "has_tool_call": false, "tool_call": null, "usage": {"prompt_tokens": 191, "completion_tokens": 8, "total_tokens": 199, "token_count_source": "tokenizer"}, "decoding": {"temperature": 0.2, "top_p": null, "top_k": null, "max_tokens": 256, "seed": 42}, "prompt_tokens": 191, "completion_tokens": 8, "total_tokens": 199, "token_count_source": "tokenizer", "diffusion_steps": null, "flops_estimate": null, "flops_arch": null, "flops_model_params": null, "flops_active_params": null, "tokens_non_final": 3, "tokens_reasoning": 0, "tokens_response": 3, "elapsed_seconds": 0.6503500938415527, "judgement": "Good approximation"}
{"id": "tips_000447", "topic": "tips", "subtopic": "tips_service", "prompt": "Bill is $13.43; service fee 3% and tip 18%. About how much do you pay in total?", "exact_value": 16.32, "model": "tiiuae/Falcon-H1-7B-Instruct", "provider": "transformers", "response": "Final answer: 17", "numeric_answer": 17.0, "relative_error": 0.04166666666666665, "thinking_text": null, "has_tool_call": false, "tool_call": null, "usage": {"prompt_tokens": 191, "completion_tokens": 7, "total_tokens": 198, "token_count_source": "tokenizer"}, "decoding": {"temperature": 0.2, "top_p": null, "top_k": null, "max_tokens": 256, "seed": 42}, "prompt_tokens": 191, "completion_tokens": 7, "total_tokens": 198, "token_count_source": "tokenizer", "diffusion_steps": null, "flops_estimate": null, "flops_arch": null, "flops_model_params": null, "flops_active_params": null, "tokens_non_final": 3, "tokens_reasoning": 0, "tokens_response": 3, "elapsed_seconds": 0.5828804969787598, "judgement": "Good approximation"}
{"id": "tips_000467", "topic": "tips", "subtopic": "tips_service", "prompt": "Bill is $47.68; service fee 5% and tip 22%. About how much do you pay in total?", "exact_value": 61.08, "model": "tiiuae/Falcon-H1-7B-Instruct", "provider": "transformers", "response": "Final answer: 65", "numeric_answer": 65.0, "relative_error": 0.06417812704649643, "thinking_text": null, "has_tool_call": false, "tool_call": null, "usage": {"prompt_tokens": 191, "completion_tokens": 7, "total_tokens": 198, "token_count_source": "tokenizer"}, "decoding": {"temperature": 0.2, "top_p": null, "top_k": null, "max_tokens": 256, "seed": 42}, "prompt_tokens": 191, "completion_tokens": 7, "total_tokens": 198, "token_count_source": "tokenizer", "diffusion_steps": null, "flops_estimate": null, "flops_arch": null, "flops_model_params": null, "flops_active_params": null, "tokens_non_final": 3, "tokens_reasoning": 0, "tokens_response": 3, "elapsed_seconds": 0.5791559219360352, "judgement": "Good approximation"}
{"id": "tips_000487", "topic": "tips", "subtopic": "tips_service", "prompt": "Bill is $84.77; service fee 0% and tip 22%. About how much do you pay in total?", "exact_value": 103.42, "model": "tiiuae/Falcon-H1-7B-Instruct", "provider": "transformers", "response": "Final answer: 103", "numeric_answer": 103.0, "relative_error": 0.004061110036743393, "thinking_text": null, "has_tool_call": false, "tool_call": null, "usage": {"prompt_tokens": 191, "completion_tokens": 8, "total_tokens": 199, "token_count_source": "tokenizer"}, "decoding": {"temperature": 0.2, "top_p": null, "top_k": null, "max_tokens": 256, "seed": 42}, "prompt_tokens": 191, "completion_tokens": 8, "total_tokens": 199, "token_count_source": "tokenizer", "diffusion_steps": null, "flops_estimate": null, "flops_arch": null, "flops_model_params": null, "flops_active_params": null, "tokens_non_final": 3, "tokens_reasoning": 0, "tokens_response": 3, "elapsed_seconds": 0.6530745029449463, "judgement": "Good approximation"}
{"id": "tips_000507", "topic": "tips", "subtopic": "tips_service", "prompt": "Bill is $71.65; service fee 5% and tip 22%. About how much do you pay in total?", "exact_value": 91.78, "model": "tiiuae/Falcon-H1-7B-Instruct", "provider": "transformers", "response": "Final answer: 90", "numeric_answer": 90.0, "relative_error": 0.01939420353018088, "thinking_text": null, "has_tool_call": false, "tool_call": null, "usage": {"prompt_tokens": 191, "completion_tokens": 7, "total_tokens": 198, "token_count_source": "tokenizer"}, "decoding": {"temperature": 0.2, "top_p": null, "top_k": null, "max_tokens": 256, "seed": 42}, "prompt_tokens": 191, "completion_tokens": 7, "total_tokens": 198, "token_count_source": "tokenizer", "diffusion_steps": null, "flops_estimate": null, "flops_arch": null, "flops_model_params": null, "flops_active_params": null, "tokens_non_final": 3, "tokens_reasoning": 0, "tokens_response": 3, "elapsed_seconds": 0.565770149230957, "judgement": "Good approximation"}
{"id": "tips_000527", "topic": "tips", "subtopic": "tips_service", "prompt": "Bill is $84.44; service fee 5% and tip 18%. About how much do you pay in total?", "exact_value": 104.62, "model": "tiiuae/Falcon-H1-7B-Instruct", "provider": "transformers", "response": "Final answer: 110", "numeric_answer": 110.0, "relative_error": 0.051424201873446714, "thinking_text": null, "has_tool_call": false, "tool_call": null, "usage": {"prompt_tokens": 191, "completion_tokens": 8, "total_tokens": 199, "token_count_source": "tokenizer"}, "decoding": {"temperature": 0.2, "top_p": null, "top_k": null, "max_tokens": 256, "seed": 42}, "prompt_tokens": 191, "completion_tokens": 8, "total_tokens": 199, "token_count_source": "tokenizer", "diffusion_steps": null, "flops_estimate": null, "flops_arch": null, "flops_model_params": null, "flops_active_params": null, "tokens_non_final": 3, "tokens_reasoning": 0, "tokens_response": 3, "elapsed_seconds": 0.6451334953308105, "judgement": "Good approximation"}
{"id": "tips_000547", "topic": "tips", "subtopic": "tips_service", "prompt": "Bill is $32.84; service fee 0% and tip 18%. About how much do you pay in total?", "exact_value": 38.75, "model": "tiiuae/Falcon-H1-7B-Instruct", "provider": "transformers", "response": "Final answer: 38", "numeric_answer": 38.0, "relative_error": 0.01935483870967742, "thinking_text": null, "has_tool_call": false, "tool_call": null, "usage": {"prompt_tokens": 191, "completion_tokens": 7, "total_tokens": 198, "token_count_source": "tokenizer"}, "decoding": {"temperature": 0.2, "top_p": null, "top_k": null, "max_tokens": 256, "seed": 42}, "prompt_tokens": 191, "completion_tokens": 7, "total_tokens": 198, "token_count_source": "tokenizer", "diffusion_steps": null, "flops_estimate": null, "flops_arch": null, "flops_model_params": null, "flops_active_params": null, "tokens_non_final": 3, "tokens_reasoning": 0, "tokens_response": 3, "elapsed_seconds": 0.585573673248291, "judgement": "Good approximation"}
{"id": "tips_000567", "topic": "tips", "subtopic": "tips_service", "prompt": "Bill is $102.88; service fee 3% and tip 20%. About how much do you pay in total?", "exact_value": 127.16, "model": "tiiuae/Falcon-H1-7B-Instruct", "provider": "transformers", "response": "Final answer: 130", "numeric_answer": 130.0, "relative_error": 0.022334067316766307, "thinking_text": null, "has_tool_call": false, "tool_call": null, "usage": {"prompt_tokens": 192, "completion_tokens": 8, "total_tokens": 200, "token_count_source": "tokenizer"}, "decoding": {"temperature": 0.2, "top_p": null, "top_k": null, "max_tokens": 256, "seed": 42}, "prompt_tokens": 192, "completion_tokens": 8, "total_tokens": 200, "token_count_source": "tokenizer", "diffusion_steps": null, "flops_estimate": null, "flops_arch": null, "flops_model_params": null, "flops_active_params": null, "tokens_non_final": 3, "tokens_reasoning": 0, "tokens_response": 3, "elapsed_seconds": 0.6213321685791016, "judgement": "Good approximation"}
{"id": "tips_000587", "topic": "tips", "subtopic": "tips_service", "prompt": "Bill is $100.09; service fee 0% and tip 18%. About how much do you pay in total?", "exact_value": 118.11, "model": "tiiuae/Falcon-H1-7B-Instruct", "provider": "transformers", "response": "Final answer: 119", "numeric_answer": 119.0, "relative_error": 0.007535348404030146, "thinking_text": null, "has_tool_call": false, "tool_call": null, "usage": {"prompt_tokens": 192, "completion_tokens": 8, "total_tokens": 200, "token_count_source": "tokenizer"}, "decoding": {"temperature": 0.2, "top_p": null, "top_k": null, "max_tokens": 256, "seed": 42}, "prompt_tokens": 192, "completion_tokens": 8, "total_tokens": 200, "token_count_source": "tokenizer", "diffusion_steps": null, "flops_estimate": null, "flops_arch": null, "flops_model_params": null, "flops_active_params": null, "tokens_non_final": 3, "tokens_reasoning": 0, "tokens_response": 3, "elapsed_seconds": 0.6414005756378174, "judgement": "Good approximation"}
{"id": "tips_000607", "topic": "tips", "subtopic": "tips_service", "prompt": "Bill is $35.03; service fee 0% and tip 18%. About how much do you pay in total?", "exact_value": 41.34, "model": "tiiuae/Falcon-H1-7B-Instruct", "provider": "transformers", "response": "Final answer: 41", "numeric_answer": 41.0, "relative_error": 0.008224479922593212, "thinking_text": null, "has_tool_call": false, "tool_call": null, "usage": {"prompt_tokens": 191, "completion_tokens": 7, "total_tokens": 198, "token_count_source": "tokenizer"}, "decoding": {"temperature": 0.2, "top_p": null, "top_k": null, "max_tokens": 256, "seed": 42}, "prompt_tokens": 191, "completion_tokens": 7, "total_tokens": 198, "token_count_source": "tokenizer", "diffusion_steps": null, "flops_estimate": null, "flops_arch": null, "flops_model_params": null, "flops_active_params": null, "tokens_non_final": 3, "tokens_reasoning": 0, "tokens_response": 3, "elapsed_seconds": 0.5622344017028809, "judgement": "Good approximation"}
{"id": "tips_000627", "topic": "tips", "subtopic": "tips_service", "prompt": "Bill is $17.92; service fee 0% and tip 20%. About how much do you pay in total?", "exact_value": 21.5, "model": "tiiuae/Falcon-H1-7B-Instruct", "provider": "transformers", "response": "Final answer: 22", "numeric_answer": 22.0, "relative_error": 0.023255813953488372, "thinking_text": null, "has_tool_call": false, "tool_call": null, "usage": {"prompt_tokens": 191, "completion_tokens": 7, "total_tokens": 198, "token_count_source": "tokenizer"}, "decoding": {"temperature": 0.2, "top_p": null, "top_k": null, "max_tokens": 256, "seed": 42}, "prompt_tokens": 191, "completion_tokens": 7, "total_tokens": 198, "token_count_source": "tokenizer", "diffusion_steps": null, "flops_estimate": null, "flops_arch": null, "flops_model_params": null, "flops_active_params": null, "tokens_non_final": 3, "tokens_reasoning": 0, "tokens_response": 3, "elapsed_seconds": 0.5905609130859375, "judgement": "Good approximation"}
{"id": "tips_000647", "topic": "tips", "subtopic": "tips_service", "prompt": "Bill is $72.20; service fee 0% and tip 18%. About how much do you pay in total?", "exact_value": 85.2, "model": "tiiuae/Falcon-H1-7B-Instruct", "provider": "transformers", "response": "Final answer: 85", "numeric_answer": 85.0, "relative_error": 0.0023474178403756203, "thinking_text": null, "has_tool_call": false, "tool_call": null, "usage": {"prompt_tokens": 191, "completion_tokens": 7, "total_tokens": 198, "token_count_source": "tokenizer"}, "decoding": {"temperature": 0.2, "top_p": null, "top_k": null, "max_tokens": 256, "seed": 42}, "prompt_tokens": 191, "completion_tokens": 7, "total_tokens": 198, "token_count_source": "tokenizer", "diffusion_steps": null, "flops_estimate": null, "flops_arch": null, "flops_model_params": null, "flops_active_params": null, "tokens_non_final": 3, "tokens_reasoning": 0, "tokens_response": 3, "elapsed_seconds": 0.5689051151275635, "judgement": "Good approximation"}
{"id": "tips_000667", "topic": "tips", "subtopic": "tips_service", "prompt": "Bill is $28.54; service fee 5% and tip 15%. About how much do you pay in total?", "exact_value": 34.46, "model": "tiiuae/Falcon-H1-7B-Instruct", "provider": "transformers", "response": "Final answer: 35", "numeric_answer": 35.0, "relative_error": 0.015670342426001134, "thinking_text": null, "has_tool_call": false, "tool_call": null, "usage": {"prompt_tokens": 191, "completion_tokens": 7, "total_tokens": 198, "token_count_source": "tokenizer"}, "decoding": {"temperature": 0.2, "top_p": null, "top_k": null, "max_tokens": 256, "seed": 42}, "prompt_tokens": 191, "completion_tokens": 7, "total_tokens": 198, "token_count_source": "tokenizer", "diffusion_steps": null, "flops_estimate": null, "flops_arch": null, "flops_model_params": null, "flops_active_params": null, "tokens_non_final": 3, "tokens_reasoning": 0, "tokens_response": 3, "elapsed_seconds": 0.5670745372772217, "judgement": "Good approximation"}
{"id": "tips_000687", "topic": "tips", "subtopic": "tips_service", "prompt": "Bill is $24.54; service fee 0% and tip 20%. About how much do you pay in total?", "exact_value": 29.45, "model": "tiiuae/Falcon-H1-7B-Instruct", "provider": "transformers", "response": "Final answer: 29.5", "numeric_answer": 29.5, "relative_error": 0.0016977928692699733, "thinking_text": null, "has_tool_call": false, "tool_call": null, "usage": {"prompt_tokens": 191, "completion_tokens": 9, "total_tokens": 200, "token_count_source": "tokenizer"}, "decoding": {"temperature": 0.2, "top_p": null, "top_k": null, "max_tokens": 256, "seed": 42}, "prompt_tokens": 191, "completion_tokens": 9, "total_tokens": 200, "token_count_source": "tokenizer", "diffusion_steps": null, "flops_estimate": null, "flops_arch": null, "flops_model_params": null, "flops_active_params": null, "tokens_non_final": 3, "tokens_reasoning": 0, "tokens_response": 3, "elapsed_seconds": 0.7144379615783691, "judgement": "Good approximation"}
{"id": "tips_000707", "topic": "tips", "subtopic": "tips_service", "prompt": "Bill is $115.78; service fee 0% and tip 15%. About how much do you pay in total?", "exact_value": 133.15, "model": "tiiuae/Falcon-H1-7B-Instruct", "provider": "transformers", "response": "Final answer: 133", "numeric_answer": 133.0, "relative_error": 0.001126549004881755, "thinking_text": null, "has_tool_call": false, "tool_call": null, "usage": {"prompt_tokens": 192, "completion_tokens": 8, "total_tokens": 200, "token_count_source": "tokenizer"}, "decoding": {"temperature": 0.2, "top_p": null, "top_k": null, "max_tokens": 256, "seed": 42}, "prompt_tokens": 192, "completion_tokens": 8, "total_tokens": 200, "token_count_source": "tokenizer", "diffusion_steps": null, "flops_estimate": null, "flops_arch": null, "flops_model_params": null, "flops_active_params": null, "tokens_non_final": 3, "tokens_reasoning": 0, "tokens_response": 3, "elapsed_seconds": 0.6394350528717041, "judgement": "Good approximation"}
{"id": "tips_000727", "topic": "tips", "subtopic": "tips_service", "prompt": "Bill is $100.10; service fee 0% and tip 18%. About how much do you pay in total?", "exact_value": 118.12, "model": "tiiuae/Falcon-H1-7B-Instruct", "provider": "transformers", "response": "Final answer: 118", "numeric_answer": 118.0, "relative_error": 0.0010159160176092495, "thinking_text": null, "has_tool_call": false, "tool_call": null, "usage": {"prompt_tokens": 192, "completion_tokens": 8, "total_tokens": 200, "token_count_source": "tokenizer"}, "decoding": {"temperature": 0.2, "top_p": null, "top_k": null, "max_tokens": 256, "seed": 42}, "prompt_tokens": 192, "completion_tokens": 8, "total_tokens": 200, "token_count_source": "tokenizer", "diffusion_steps": null, "flops_estimate": null, "flops_arch": null, "flops_model_params": null, "flops_active_params": null, "tokens_non_final": 3, "tokens_reasoning": 0, "tokens_response": 3, "elapsed_seconds": 0.640958309173584, "judgement": "Good approximation"}
{"id": "tips_000747", "topic": "tips", "subtopic": "tips_service", "prompt": "Bill is $119.18; service fee 0% and tip 15%. About how much do you pay in total?", "exact_value": 137.06, "model": "tiiuae/Falcon-H1-7B-Instruct", "provider": "transformers", "response": "Final answer: 135", "numeric_answer": 135.0, "relative_error": 0.015029913906318417, "thinking_text": null, "has_tool_call": false, "tool_call": null, "usage": {"prompt_tokens": 192, "completion_tokens": 8, "total_tokens": 200, "token_count_source": "tokenizer"}, "decoding": {"temperature": 0.2, "top_p": null, "top_k": null, "max_tokens": 256, "seed": 42}, "prompt_tokens": 192, "completion_tokens": 8, "total_tokens": 200, "token_count_source": "tokenizer", "diffusion_steps": null, "flops_estimate": null, "flops_arch": null, "flops_model_params": null, "flops_active_params": null, "tokens_non_final": 3, "tokens_reasoning": 0, "tokens_response": 3, "elapsed_seconds": 0.6430127620697021, "judgement": "Good approximation"}
{"id": "tips_000767", "topic": "tips", "subtopic": "tips_service", "prompt": "Bill is $12.91; service fee 3% and tip 18%. About how much do you pay in total?", "exact_value": 15.69, "model": "tiiuae/Falcon-H1-7B-Instruct", "provider": "transformers", "response": "Final answer: 16.50", "numeric_answer": 16.5, "relative_error": 0.05162523900573617, "thinking_text": null, "has_tool_call": false, "tool_call": null, "usage": {"prompt_tokens": 191, "completion_tokens": 10, "total_tokens": 201, "token_count_source": "tokenizer"}, "decoding": {"temperature": 0.2, "top_p": null, "top_k": null, "max_tokens": 256, "seed": 42}, "prompt_tokens": 191, "completion_tokens": 10, "total_tokens": 201, "token_count_source": "tokenizer", "diffusion_steps": null, "flops_estimate": null, "flops_arch": null, "flops_model_params": null, "flops_active_params": null, "tokens_non_final": 3, "tokens_reasoning": 0, "tokens_response": 3, "elapsed_seconds": 0.7629740238189697, "judgement": "Good approximation"}
{"id": "tips_000787", "topic": "tips", "subtopic": "tips_service", "prompt": "Bill is $77.28; service fee 5% and tip 22%. About how much do you pay in total?", "exact_value": 99.0, "model": "tiiuae/Falcon-H1-7B-Instruct", "provider": "transformers", "response": "Final answer: 100", "numeric_answer": 100.0, "relative_error": 0.010101010101010102, "thinking_text": null, "has_tool_call": false, "tool_call": null, "usage": {"prompt_tokens": 191, "completion_tokens": 8, "total_tokens": 199, "token_count_source": "tokenizer"}, "decoding": {"temperature": 0.2, "top_p": null, "top_k": null, "max_tokens": 256, "seed": 42}, "prompt_tokens": 191, "completion_tokens": 8, "total_tokens": 199, "token_count_source": "tokenizer", "diffusion_steps": null, "flops_estimate": null, "flops_arch": null, "flops_model_params": null, "flops_active_params": null, "tokens_non_final": 3, "tokens_reasoning": 0, "tokens_response": 3, "elapsed_seconds": 0.6389989852905273, "judgement": "Good approximation"}
{"id": "tips_000807", "topic": "tips", "subtopic": "tips_service", "prompt": "Bill is $114.97; service fee 3% and tip 20%. About how much do you pay in total?", "exact_value": 142.1, "model": "tiiuae/Falcon-H1-7B-Instruct", "provider": "transformers", "response": "Final answer: 145", "numeric_answer": 145.0, "relative_error": 0.020408163265306162, "thinking_text": null, "has_tool_call": false, "tool_call": null, "usage": {"prompt_tokens": 192, "completion_tokens": 8, "total_tokens": 200, "token_count_source": "tokenizer"}, "decoding": {"temperature": 0.2, "top_p": null, "top_k": null, "max_tokens": 256, "seed": 42}, "prompt_tokens": 192, "completion_tokens": 8, "total_tokens": 200, "token_count_source": "tokenizer", "diffusion_steps": null, "flops_estimate": null, "flops_arch": null, "flops_model_params": null, "flops_active_params": null, "tokens_non_final": 3, "tokens_reasoning": 0, "tokens_response": 3, "elapsed_seconds": 0.6363089084625244, "judgement": "Good approximation"}
{"id": "tips_000827", "topic": "tips", "subtopic": "tips_service", "prompt": "Bill is $39.73; service fee 5% and tip 22%. About how much do you pay in total?", "exact_value": 50.89, "model": "tiiuae/Falcon-H1-7B-Instruct", "provider": "transformers", "response": "Final answer: 55", "numeric_answer": 55.0, "relative_error": 0.08076242876793081, "thinking_text": null, "has_tool_call": false, "tool_call": null, "usage": {"prompt_tokens": 191, "completion_tokens": 7, "total_tokens": 198, "token_count_source": "tokenizer"}, "decoding": {"temperature": 0.2, "top_p": null, "top_k": null, "max_tokens": 256, "seed": 42}, "prompt_tokens": 191, "completion_tokens": 7, "total_tokens": 198, "token_count_source": "tokenizer", "diffusion_steps": null, "flops_estimate": null, "flops_arch": null, "flops_model_params": null, "flops_active_params": null, "tokens_non_final": 3, "tokens_reasoning": 0, "tokens_response": 3, "elapsed_seconds": 0.5663759708404541, "judgement": "Good approximation"}
{"id": "tips_000847", "topic": "tips", "subtopic": "tips_service", "prompt": "Bill is $108.02; service fee 3% and tip 20%. About how much do you pay in total?", "exact_value": 133.51, "model": "tiiuae/Falcon-H1-7B-Instruct", "provider": "transformers", "response": "Final answer: 140", "numeric_answer": 140.0, "relative_error": 0.04861059096696884, "thinking_text": null, "has_tool_call": false, "tool_call": null, "usage": {"prompt_tokens": 192, "completion_tokens": 8, "total_tokens": 200, "token_count_source": "tokenizer"}, "decoding": {"temperature": 0.2, "top_p": null, "top_k": null, "max_tokens": 256, "seed": 42}, "prompt_tokens": 192, "completion_tokens": 8, "total_tokens": 200, "token_count_source": "tokenizer", "diffusion_steps": null, "flops_estimate": null, "flops_arch": null, "flops_model_params": null, "flops_active_params": null, "tokens_non_final": 3, "tokens_reasoning": 0, "tokens_response": 3, "elapsed_seconds": 0.637406587600708, "judgement": "Good approximation"}
{"id": "tips_000867", "topic": "tips", "subtopic": "tips_service", "prompt": "Bill is $93.22; service fee 3% and tip 22%. About how much do you pay in total?", "exact_value": 117.14, "model": "tiiuae/Falcon-H1-7B-Instruct", "provider": "transformers", "response": "Final answer: 120", "numeric_answer": 120.0, "relative_error": 0.024415229639747307, "thinking_text": null, "has_tool_call": false, "tool_call": null, "usage": {"prompt_tokens": 191, "completion_tokens": 8, "total_tokens": 199, "token_count_source": "tokenizer"}, "decoding": {"temperature": 0.2, "top_p": null, "top_k": null, "max_tokens": 256, "seed": 42}, "prompt_tokens": 191, "completion_tokens": 8, "total_tokens": 199, "token_count_source": "tokenizer", "diffusion_steps": null, "flops_estimate": null, "flops_arch": null, "flops_model_params": null, "flops_active_params": null, "tokens_non_final": 3, "tokens_reasoning": 0, "tokens_response": 3, "elapsed_seconds": 0.6435360908508301, "judgement": "Good approximation"}
{"id": "tips_000887", "topic": "tips", "subtopic": "tips_service", "prompt": "Bill is $41.32; service fee 0% and tip 18%. About how much do you pay in total?", "exact_value": 48.76, "model": "tiiuae/Falcon-H1-7B-Instruct", "provider": "transformers", "response": "Final answer: 49", "numeric_answer": 49.0, "relative_error": 0.004922067268252707, "thinking_text": null, "has_tool_call": false, "tool_call": null, "usage": {"prompt_tokens": 191, "completion_tokens": 7, "total_tokens": 198, "token_count_source": "tokenizer"}, "decoding": {"temperature": 0.2, "top_p": null, "top_k": null, "max_tokens": 256, "seed": 42}, "prompt_tokens": 191, "completion_tokens": 7, "total_tokens": 198, "token_count_source": "tokenizer", "diffusion_steps": null, "flops_estimate": null, "flops_arch": null, "flops_model_params": null, "flops_active_params": null, "tokens_non_final": 3, "tokens_reasoning": 0, "tokens_response": 3, "elapsed_seconds": 0.5682933330535889, "judgement": "Good approximation"}
{"id": "tips_000907", "topic": "tips", "subtopic": "tips_service", "prompt": "Bill is $65.03; service fee 3% and tip 22%. About how much do you pay in total?", "exact_value": 81.72, "model": "tiiuae/Falcon-H1-7B-Instruct", "provider": "transformers", "response": "Final answer: 85", "numeric_answer": 85.0, "relative_error": 0.0401370533529124, "thinking_text": null, "has_tool_call": false, "tool_call": null, "usage": {"prompt_tokens": 191, "completion_tokens": 7, "total_tokens": 198, "token_count_source": "tokenizer"}, "decoding": {"temperature": 0.2, "top_p": null, "top_k": null, "max_tokens": 256, "seed": 42}, "prompt_tokens": 191, "completion_tokens": 7, "total_tokens": 198, "token_count_source": "tokenizer", "diffusion_steps": null, "flops_estimate": null, "flops_arch": null, "flops_model_params": null, "flops_active_params": null, "tokens_non_final": 3, "tokens_reasoning": 0, "tokens_response": 3, "elapsed_seconds": 0.5706861019134521, "judgement": "Good approximation"}
{"id": "tips_000927", "topic": "tips", "subtopic": "tips_service", "prompt": "Bill is $78.22; service fee 5% and tip 15%. About how much do you pay in total?", "exact_value": 94.45, "model": "tiiuae/Falcon-H1-7B-Instruct", "provider": "transformers", "response": "Final answer: 100", "numeric_answer": 100.0, "relative_error": 0.05876124933827419, "thinking_text": null, "has_tool_call": false, "tool_call": null, "usage": {"prompt_tokens": 191, "completion_tokens": 8, "total_tokens": 199, "token_count_source": "tokenizer"}, "decoding": {"temperature": 0.2, "top_p": null, "top_k": null, "max_tokens": 256, "seed": 42}, "prompt_tokens": 191, "completion_tokens": 8, "total_tokens": 199, "token_count_source": "tokenizer", "diffusion_steps": null, "flops_estimate": null, "flops_arch": null, "flops_model_params": null, "flops_active_params": null, "tokens_non_final": 3, "tokens_reasoning": 0, "tokens_response": 3, "elapsed_seconds": 0.6188733577728271, "judgement": "Good approximation"}
{"id": "tips_000947", "topic": "tips", "subtopic": "tips_service", "prompt": "Bill is $97.36; service fee 3% and tip 15%. About how much do you pay in total?", "exact_value": 115.32, "model": "tiiuae/Falcon-H1-7B-Instruct", "provider": "transformers", "response": "Final answer: 120", "numeric_answer": 120.0, "relative_error": 0.040582726326743035, "thinking_text": null, "has_tool_call": false, "tool_call": null, "usage": {"prompt_tokens": 191, "completion_tokens": 8, "total_tokens": 199, "token_count_source": "tokenizer"}, "decoding": {"temperature": 0.2, "top_p": null, "top_k": null, "max_tokens": 256, "seed": 42}, "prompt_tokens": 191, "completion_tokens": 8, "total_tokens": 199, "token_count_source": "tokenizer", "diffusion_steps": null, "flops_estimate": null, "flops_arch": null, "flops_model_params": null, "flops_active_params": null, "tokens_non_final": 3, "tokens_reasoning": 0, "tokens_response": 3, "elapsed_seconds": 0.648231029510498, "judgement": "Good approximation"}
{"id": "tips_000967", "topic": "tips", "subtopic": "tips_service", "prompt": "Bill is $13.97; service fee 3% and tip 15%. About how much do you pay in total?", "exact_value": 16.55, "model": "tiiuae/Falcon-H1-7B-Instruct", "provider": "transformers", "response": "Final answer: 17", "numeric_answer": 17.0, "relative_error": 0.027190332326283945, "thinking_text": null, "has_tool_call": false, "tool_call": null, "usage": {"prompt_tokens": 191, "completion_tokens": 7, "total_tokens": 198, "token_count_source": "tokenizer"}, "decoding": {"temperature": 0.2, "top_p": null, "top_k": null, "max_tokens": 256, "seed": 42}, "prompt_tokens": 191, "completion_tokens": 7, "total_tokens": 198, "token_count_source": "tokenizer", "diffusion_steps": null, "flops_estimate": null, "flops_arch": null, "flops_model_params": null, "flops_active_params": null, "tokens_non_final": 3, "tokens_reasoning": 0, "tokens_response": 3, "elapsed_seconds": 0.5796542167663574, "judgement": "Good approximation"}
{"id": "tips_000987", "topic": "tips", "subtopic": "tips_service", "prompt": "Bill is $60.94; service fee 5% and tip 18%. About how much do you pay in total?", "exact_value": 75.5, "model": "tiiuae/Falcon-H1-7B-Instruct", "provider": "transformers", "response": "Final answer: 85", "numeric_answer": 85.0, "relative_error": 0.12582781456953643, "thinking_text": null, "has_tool_call": false, "tool_call": null, "usage": {"prompt_tokens": 191, "completion_tokens": 7, "total_tokens": 198, "token_count_source": "tokenizer"}, "decoding": {"temperature": 0.2, "top_p": null, "top_k": null, "max_tokens": 256, "seed": 42}, "prompt_tokens": 191, "completion_tokens": 7, "total_tokens": 198, "token_count_source": "tokenizer", "diffusion_steps": null, "flops_estimate": null, "flops_arch": null, "flops_model_params": null, "flops_active_params": null, "tokens_non_final": 3, "tokens_reasoning": 0, "tokens_response": 3, "elapsed_seconds": 0.5479273796081543, "judgement": "Good approximation"}
{"id": "tips_001007", "topic": "tips", "subtopic": "tips_service", "prompt": "Bill is $101.70; service fee 3% and tip 18%. About how much do you pay in total?", "exact_value": 123.61, "model": "tiiuae/Falcon-H1-7B-Instruct", "provider": "transformers", "response": "Final answer: 130", "numeric_answer": 130.0, "relative_error": 0.0516948466952512, "thinking_text": null, "has_tool_call": false, "tool_call": null, "usage": {"prompt_tokens": 192, "completion_tokens": 8, "total_tokens": 200, "token_count_source": "tokenizer"}, "decoding": {"temperature": 0.2, "top_p": null, "top_k": null, "max_tokens": 256, "seed": 42}, "prompt_tokens": 192, "completion_tokens": 8, "total_tokens": 200, "token_count_source": "tokenizer", "diffusion_steps": null, "flops_estimate": null, "flops_arch": null, "flops_model_params": null, "flops_active_params": null, "tokens_non_final": 3, "tokens_reasoning": 0, "tokens_response": 3, "elapsed_seconds": 0.650806188583374, "judgement": "Good approximation"}
{"id": "tips_001027", "topic": "tips", "subtopic": "tips_service", "prompt": "Bill is $71.23; service fee 0% and tip 20%. About how much do you pay in total?", "exact_value": 85.48, "model": "tiiuae/Falcon-H1-7B-Instruct", "provider": "transformers", "response": "Final answer: 86", "numeric_answer": 86.0, "relative_error": 0.006083294337856762, "thinking_text": null, "has_tool_call": false, "tool_call": null, "usage": {"prompt_tokens": 191, "completion_tokens": 7, "total_tokens": 198, "token_count_source": "tokenizer"}, "decoding": {"temperature": 0.2, "top_p": null, "top_k": null, "max_tokens": 256, "seed": 42}, "prompt_tokens": 191, "completion_tokens": 7, "total_tokens": 198, "token_count_source": "tokenizer", "diffusion_steps": null, "flops_estimate": null, "flops_arch": null, "flops_model_params": null, "flops_active_params": null, "tokens_non_final": 3, "tokens_reasoning": 0, "tokens_response": 3, "elapsed_seconds": 0.569380521774292, "judgement": "Good approximation"}
{"id": "tips_001047", "topic": "tips", "subtopic": "tips_service", "prompt": "Bill is $56.40; service fee 5% and tip 15%. About how much do you pay in total?", "exact_value": 68.1, "model": "tiiuae/Falcon-H1-7B-Instruct", "provider": "transformers", "response": "Final answer: 75", "numeric_answer": 75.0, "relative_error": 0.1013215859030838, "thinking_text": null, "has_tool_call": false, "tool_call": null, "usage": {"prompt_tokens": 191, "completion_tokens": 7, "total_tokens": 198, "token_count_source": "tokenizer"}, "decoding": {"temperature": 0.2, "top_p": null, "top_k": null, "max_tokens": 256, "seed": 42}, "prompt_tokens": 191, "completion_tokens": 7, "total_tokens": 198, "token_count_source": "tokenizer", "diffusion_steps": null, "flops_estimate": null, "flops_arch": null, "flops_model_params": null, "flops_active_params": null, "tokens_non_final": 3, "tokens_reasoning": 0, "tokens_response": 3, "elapsed_seconds": 0.5741941928863525, "judgement": "Good approximation"}
{"id": "tips_001067", "topic": "tips", "subtopic": "tips_service", "prompt": "Bill is $110.45; service fee 5% and tip 20%. About how much do you pay in total?", "exact_value": 139.17, "model": "tiiuae/Falcon-H1-7B-Instruct", "provider": "transformers", "response": "Final answer: 140", "numeric_answer": 140.0, "relative_error": 0.005963929007688529, "thinking_text": null, "has_tool_call": false, "tool_call": null, "usage": {"prompt_tokens": 192, "completion_tokens": 8, "total_tokens": 200, "token_count_source": "tokenizer"}, "decoding": {"temperature": 0.2, "top_p": null, "top_k": null, "max_tokens": 256, "seed": 42}, "prompt_tokens": 192, "completion_tokens": 8, "total_tokens": 200, "token_count_source": "tokenizer", "diffusion_steps": null, "flops_estimate": null, "flops_arch": null, "flops_model_params": null, "flops_active_params": null, "tokens_non_final": 3, "tokens_reasoning": 0, "tokens_response": 3, "elapsed_seconds": 0.6238563060760498, "judgement": "Good approximation"}
{"id": "tips_001087", "topic": "tips", "subtopic": "tips_service", "prompt": "Bill is $32.83; service fee 0% and tip 15%. About how much do you pay in total?", "exact_value": 37.75, "model": "tiiuae/Falcon-H1-7B-Instruct", "provider": "transformers", "response": "Final answer: 38", "numeric_answer": 38.0, "relative_error": 0.006622516556291391, "thinking_text": null, "has_tool_call": false, "tool_call": null, "usage": {"prompt_tokens": 191, "completion_tokens": 7, "total_tokens": 198, "token_count_source": "tokenizer"}, "decoding": {"temperature": 0.2, "top_p": null, "top_k": null, "max_tokens": 256, "seed": 42}, "prompt_tokens": 191, "completion_tokens": 7, "total_tokens": 198, "token_count_source": "tokenizer", "diffusion_steps": null, "flops_estimate": null, "flops_arch": null, "flops_model_params": null, "flops_active_params": null, "tokens_non_final": 3, "tokens_reasoning": 0, "tokens_response": 3, "elapsed_seconds": 0.5646929740905762, "judgement": "Good approximation"}
{"id": "tips_001107", "topic": "tips", "subtopic": "tips_service", "prompt": "Bill is $52.28; service fee 3% and tip 15%. About how much do you pay in total?", "exact_value": 61.93, "model": "tiiuae/Falcon-H1-7B-Instruct", "provider": "transformers", "response": "Final answer: 70", "numeric_answer": 70.0, "relative_error": 0.13030841272404328, "thinking_text": null, "has_tool_call": false, "tool_call": null, "usage": {"prompt_tokens": 191, "completion_tokens": 7, "total_tokens": 198, "token_count_source": "tokenizer"}, "decoding": {"temperature": 0.2, "top_p": null, "top_k": null, "max_tokens": 256, "seed": 42}, "prompt_tokens": 191, "completion_tokens": 7, "total_tokens": 198, "token_count_source": "tokenizer", "diffusion_steps": null, "flops_estimate": null, "flops_arch": null, "flops_model_params": null, "flops_active_params": null, "tokens_non_final": 3, "tokens_reasoning": 0, "tokens_response": 3, "elapsed_seconds": 0.572962760925293, "judgement": "Good approximation"}
{"id": "tips_001127", "topic": "tips", "subtopic": "tips_service", "prompt": "Bill is $24.64; service fee 0% and tip 20%. About how much do you pay in total?", "exact_value": 29.57, "model": "tiiuae/Falcon-H1-7B-Instruct", "provider": "transformers", "response": "Final answer: 30", "numeric_answer": 30.0, "relative_error": 0.014541765302671617, "thinking_text": null, "has_tool_call": false, "tool_call": null, "usage": {"prompt_tokens": 191, "completion_tokens": 7, "total_tokens": 198, "token_count_source": "tokenizer"}, "decoding": {"temperature": 0.2, "top_p": null, "top_k": null, "max_tokens": 256, "seed": 42}, "prompt_tokens": 191, "completion_tokens": 7, "total_tokens": 198, "token_count_source": "tokenizer", "diffusion_steps": null, "flops_estimate": null, "flops_arch": null, "flops_model_params": null, "flops_active_params": null, "tokens_non_final": 3, "tokens_reasoning": 0, "tokens_response": 3, "elapsed_seconds": 0.5731222629547119, "judgement": "Good approximation"}
{"id": "tips_001147", "topic": "tips", "subtopic": "tips_service", "prompt": "Bill is $56.58; service fee 0% and tip 22%. About how much do you pay in total?", "exact_value": 69.03, "model": "tiiuae/Falcon-H1-7B-Instruct", "provider": "transformers", "response": "Final answer: 69", "numeric_answer": 69.0, "relative_error": 0.00043459365493265443, "thinking_text": null, "has_tool_call": false, "tool_call": null, "usage": {"prompt_tokens": 191, "completion_tokens": 7, "total_tokens": 198, "token_count_source": "tokenizer"}, "decoding": {"temperature": 0.2, "top_p": null, "top_k": null, "max_tokens": 256, "seed": 42}, "prompt_tokens": 191, "completion_tokens": 7, "total_tokens": 198, "token_count_source": "tokenizer", "diffusion_steps": null, "flops_estimate": null, "flops_arch": null, "flops_model_params": null, "flops_active_params": null, "tokens_non_final": 3, "tokens_reasoning": 0, "tokens_response": 3, "elapsed_seconds": 0.5737080574035645, "judgement": "Good approximation"}
{"id": "tips_001167", "topic": "tips", "subtopic": "tips_service", "prompt": "Bill is $37.99; service fee 5% and tip 18%. About how much do you pay in total?", "exact_value": 47.07, "model": "tiiuae/Falcon-H1-7B-Instruct", "provider": "transformers", "response": "Final answer: 47", "numeric_answer": 47.0, "relative_error": 0.0014871468026343804, "thinking_text": null, "has_tool_call": false, "tool_call": null, "usage": {"prompt_tokens": 191, "completion_tokens": 7, "total_tokens": 198, "token_count_source": "tokenizer"}, "decoding": {"temperature": 0.2, "top_p": null, "top_k": null, "max_tokens": 256, "seed": 42}, "prompt_tokens": 191, "completion_tokens": 7, "total_tokens": 198, "token_count_source": "tokenizer", "diffusion_steps": null, "flops_estimate": null, "flops_arch": null, "flops_model_params": null, "flops_active_params": null, "tokens_non_final": 3, "tokens_reasoning": 0, "tokens_response": 3, "elapsed_seconds": 0.5776288509368896, "judgement": "Good approximation"}
{"id": "tips_001187", "topic": "tips", "subtopic": "tips_service", "prompt": "Bill is $68.55; service fee 0% and tip 22%. About how much do you pay in total?", "exact_value": 83.63, "model": "tiiuae/Falcon-H1-7B-Instruct", "provider": "transformers", "response": "Final answer: 85", "numeric_answer": 85.0, "relative_error": 0.0163816812148751, "thinking_text": null, "has_tool_call": false, "tool_call": null, "usage": {"prompt_tokens": 191, "completion_tokens": 7, "total_tokens": 198, "token_count_source": "tokenizer"}, "decoding": {"temperature": 0.2, "top_p": null, "top_k": null, "max_tokens": 256, "seed": 42}, "prompt_tokens": 191, "completion_tokens": 7, "total_tokens": 198, "token_count_source": "tokenizer", "diffusion_steps": null, "flops_estimate": null, "flops_arch": null, "flops_model_params": null, "flops_active_params": null, "tokens_non_final": 3, "tokens_reasoning": 0, "tokens_response": 3, "elapsed_seconds": 0.576683521270752, "judgement": "Good approximation"}
{"id": "tips_001207", "topic": "tips", "subtopic": "tips_service", "prompt": "Bill is $73.94; service fee 5% and tip 20%. About how much do you pay in total?", "exact_value": 93.16, "model": "tiiuae/Falcon-H1-7B-Instruct", "provider": "transformers", "response": "Final answer: 95", "numeric_answer": 95.0, "relative_error": 0.01975096607986264, "thinking_text": null, "has_tool_call": false, "tool_call": null, "usage": {"prompt_tokens": 191, "completion_tokens": 7, "total_tokens": 198, "token_count_source": "tokenizer"}, "decoding": {"temperature": 0.2, "top_p": null, "top_k": null, "max_tokens": 256, "seed": 42}, "prompt_tokens": 191, "completion_tokens": 7, "total_tokens": 198, "token_count_source": "tokenizer", "diffusion_steps": null, "flops_estimate": null, "flops_arch": null, "flops_model_params": null, "flops_active_params": null, "tokens_non_final": 3, "tokens_reasoning": 0, "tokens_response": 3, "elapsed_seconds": 0.5703034400939941, "judgement": "Good approximation"}
{"id": "tips_001227", "topic": "tips", "subtopic": "tips_service", "prompt": "Bill is $89.16; service fee 0% and tip 20%. About how much do you pay in total?", "exact_value": 106.99, "model": "tiiuae/Falcon-H1-7B-Instruct", "provider": "transformers", "response": "Final answer: 107", "numeric_answer": 107.0, "relative_error": 9.346667912893838e-05, "thinking_text": null, "has_tool_call": false, "tool_call": null, "usage": {"prompt_tokens": 191, "completion_tokens": 8, "total_tokens": 199, "token_count_source": "tokenizer"}, "decoding": {"temperature": 0.2, "top_p": null, "top_k": null, "max_tokens": 256, "seed": 42}, "prompt_tokens": 191, "completion_tokens": 8, "total_tokens": 199, "token_count_source": "tokenizer", "diffusion_steps": null, "flops_estimate": null, "flops_arch": null, "flops_model_params": null, "flops_active_params": null, "tokens_non_final": 3, "tokens_reasoning": 0, "tokens_response": 3, "elapsed_seconds": 0.6254310607910156, "judgement": "Good approximation"}
{"id": "tips_001247", "topic": "tips", "subtopic": "tips_service", "prompt": "Bill is $77.57; service fee 0% and tip 22%. About how much do you pay in total?", "exact_value": 94.64, "model": "tiiuae/Falcon-H1-7B-Instruct", "provider": "transformers", "response": "Final answer: 95", "numeric_answer": 95.0, "relative_error": 0.0038038884192730287, "thinking_text": null, "has_tool_call": false, "tool_call": null, "usage": {"prompt_tokens": 191, "completion_tokens": 7, "total_tokens": 198, "token_count_source": "tokenizer"}, "decoding": {"temperature": 0.2, "top_p": null, "top_k": null, "max_tokens": 256, "seed": 42}, "prompt_tokens": 191, "completion_tokens": 7, "total_tokens": 198, "token_count_source": "tokenizer", "diffusion_steps": null, "flops_estimate": null, "flops_arch": null, "flops_model_params": null, "flops_active_params": null, "tokens_non_final": 3, "tokens_reasoning": 0, "tokens_response": 3, "elapsed_seconds": 0.5477263927459717, "judgement": "Good approximation"}
{"id": "tips_001267", "topic": "tips", "subtopic": "tips_service", "prompt": "Bill is $17.65; service fee 0% and tip 15%. About how much do you pay in total?", "exact_value": 20.3, "model": "tiiuae/Falcon-H1-7B-Instruct", "provider": "transformers", "response": "Final answer: 21", "numeric_answer": 21.0, "relative_error": 0.03448275862068962, "thinking_text": null, "has_tool_call": false, "tool_call": null, "usage": {"prompt_tokens": 191, "completion_tokens": 7, "total_tokens": 198, "token_count_source": "tokenizer"}, "decoding": {"temperature": 0.2, "top_p": null, "top_k": null, "max_tokens": 256, "seed": 42}, "prompt_tokens": 191, "completion_tokens": 7, "total_tokens": 198, "token_count_source": "tokenizer", "diffusion_steps": null, "flops_estimate": null, "flops_arch": null, "flops_model_params": null, "flops_active_params": null, "tokens_non_final": 3, "tokens_reasoning": 0, "tokens_response": 3, "elapsed_seconds": 0.5736672878265381, "judgement": "Good approximation"}
{"id": "tips_001287", "topic": "tips", "subtopic": "tips_service", "prompt": "Bill is $107.76; service fee 5% and tip 15%. About how much do you pay in total?", "exact_value": 130.12, "model": "tiiuae/Falcon-H1-7B-Instruct", "provider": "transformers", "response": "Final answer: 130", "numeric_answer": 130.0, "relative_error": 0.0009222256378727678, "thinking_text": null, "has_tool_call": false, "tool_call": null, "usage": {"prompt_tokens": 192, "completion_tokens": 8, "total_tokens": 200, "token_count_source": "tokenizer"}, "decoding": {"temperature": 0.2, "top_p": null, "top_k": null, "max_tokens": 256, "seed": 42}, "prompt_tokens": 192, "completion_tokens": 8, "total_tokens": 200, "token_count_source": "tokenizer", "diffusion_steps": null, "flops_estimate": null, "flops_arch": null, "flops_model_params": null, "flops_active_params": null, "tokens_non_final": 3, "tokens_reasoning": 0, "tokens_response": 3, "elapsed_seconds": 0.6447277069091797, "judgement": "Good approximation"}
{"id": "tips_001307", "topic": "tips", "subtopic": "tips_service", "prompt": "Bill is $49.18; service fee 0% and tip 20%. About how much do you pay in total?", "exact_value": 59.02, "model": "tiiuae/Falcon-H1-7B-Instruct", "provider": "transformers", "response": "Final answer: 59", "numeric_answer": 59.0, "relative_error": 0.00033886818027792484, "thinking_text": null, "has_tool_call": false, "tool_call": null, "usage": {"prompt_tokens": 191, "completion_tokens": 7, "total_tokens": 198, "token_count_source": "tokenizer"}, "decoding": {"temperature": 0.2, "top_p": null, "top_k": null, "max_tokens": 256, "seed": 42}, "prompt_tokens": 191, "completion_tokens": 7, "total_tokens": 198, "token_count_source": "tokenizer", "diffusion_steps": null, "flops_estimate": null, "flops_arch": null, "flops_model_params": null, "flops_active_params": null, "tokens_non_final": 3, "tokens_reasoning": 0, "tokens_response": 3, "elapsed_seconds": 0.5694959163665771, "judgement": "Good approximation"}
{"id": "tips_001327", "topic": "tips", "subtopic": "tips_service", "prompt": "Bill is $43.49; service fee 5% and tip 18%. About how much do you pay in total?", "exact_value": 53.88, "model": "tiiuae/Falcon-H1-7B-Instruct", "provider": "transformers", "response": "Final answer: 55", "numeric_answer": 55.0, "relative_error": 0.020786933927245684, "thinking_text": null, "has_tool_call": false, "tool_call": null, "usage": {"prompt_tokens": 191, "completion_tokens": 7, "total_tokens": 198, "token_count_source": "tokenizer"}, "decoding": {"temperature": 0.2, "top_p": null, "top_k": null, "max_tokens": 256, "seed": 42}, "prompt_tokens": 191, "completion_tokens": 7, "total_tokens": 198, "token_count_source": "tokenizer", "diffusion_steps": null, "flops_estimate": null, "flops_arch": null, "flops_model_params": null, "flops_active_params": null, "tokens_non_final": 3, "tokens_reasoning": 0, "tokens_response": 3, "elapsed_seconds": 0.5746839046478271, "judgement": "Good approximation"}
{"id": "fermi_000103", "topic": "fermi", "subtopic": "crowd_density", "prompt": "A plaza is about 70 m by 20 m, with roughly 4 people per square meter. About how many people are there?", "exact_value": 5600, "model": "tiiuae/Falcon-H1-7B-Instruct", "provider": "transformers", "response": "Final answer: 56000", "numeric_answer": 56000.0, "relative_error": 9.0, "thinking_text": null, "has_tool_call": false, "tool_call": null, "usage": {"prompt_tokens": 192, "completion_tokens": 10, "total_tokens": 202, "token_count_source": "tokenizer"}, "decoding": {"temperature": 0.2, "top_p": null, "top_k": null, "max_tokens": 256, "seed": 42}, "prompt_tokens": 192, "completion_tokens": 10, "total_tokens": 202, "token_count_source": "tokenizer", "diffusion_steps": null, "flops_estimate": null, "flops_arch": null, "flops_model_params": null, "flops_active_params": null, "tokens_non_final": 3, "tokens_reasoning": 0, "tokens_response": 3, "elapsed_seconds": 0.7940149307250977, "judgement": "Way off"}
{"id": "fermi_000123", "topic": "fermi", "subtopic": "crowd_density", "prompt": "A plaza is about 70 m by 35 m, with roughly 4 people per square meter. About how many people are there?", "exact_value": 9800, "model": "tiiuae/Falcon-H1-7B-Instruct", "provider": "transformers", "response": "Final answer: 105000", "numeric_answer": 105000.0, "relative_error": 9.714285714285714, "thinking_text": null, "has_tool_call": false, "tool_call": null, "usage": {"prompt_tokens": 192, "completion_tokens": 11, "total_tokens": 203, "token_count_source": "tokenizer"}, "decoding": {"temperature": 0.2, "top_p": null, "top_k": null, "max_tokens": 256, "seed": 42}, "prompt_tokens": 192, "completion_tokens": 11, "total_tokens": 203, "token_count_source": "tokenizer", "diffusion_steps": null, "flops_estimate": null, "flops_arch": null, "flops_model_params": null, "flops_active_params": null, "tokens_non_final": 3, "tokens_reasoning": 0, "tokens_response": 3, "elapsed_seconds": 0.8831539154052734, "judgement": "Way off"}
{"id": "fermi_000143", "topic": "fermi", "subtopic": "crowd_density", "prompt": "A plaza is about 30 m by 20 m, with roughly 1 people per square meter. About how many people are there?", "exact_value": 600, "model": "tiiuae/Falcon-H1-7B-Instruct", "provider": "transformers", "response": "Final answer: 600", "numeric_answer": 600.0, "relative_error": 0.0, "thinking_text": null, "has_tool_call": false, "tool_call": null, "usage": {"prompt_tokens": 192, "completion_tokens": 8, "total_tokens": 200, "token_count_source": "tokenizer"}, "decoding": {"temperature": 0.2, "top_p": null, "top_k": null, "max_tokens": 256, "seed": 42}, "prompt_tokens": 192, "completion_tokens": 8, "total_tokens": 200, "token_count_source": "tokenizer", "diffusion_steps": null, "flops_estimate": null, "flops_arch": null, "flops_model_params": null, "flops_active_params": null, "tokens_non_final": 3, "tokens_reasoning": 0, "tokens_response": 3, "elapsed_seconds": 0.6489200592041016, "judgement": "Exact math"}
{"id": "fermi_000163", "topic": "fermi", "subtopic": "crowd_density", "prompt": "A plaza is about 70 m by 35 m, with roughly 3 people per square meter. About how many people are there?", "exact_value": 7350, "model": "tiiuae/Falcon-H1-7B-Instruct", "provider": "transformers", "response": "Final answer: 7850", "numeric_answer": 7850.0, "relative_error": 0.06802721088435375, "thinking_text": null, "has_tool_call": false, "tool_call": null, "usage": {"prompt_tokens": 192, "completion_tokens": 9, "total_tokens": 201, "token_count_source": "tokenizer"}, "decoding": {"temperature": 0.2, "top_p": null, "top_k": null, "max_tokens": 256, "seed": 42}, "prompt_tokens": 192, "completion_tokens": 9, "total_tokens": 201, "token_count_source": "tokenizer", "diffusion_steps": null, "flops_estimate": null, "flops_arch": null, "flops_model_params": null, "flops_active_params": null, "tokens_non_final": 3, "tokens_reasoning": 0, "tokens_response": 3, "elapsed_seconds": 0.7057650089263916, "judgement": "Good approximation"}
{"id": "fermi_000183", "topic": "fermi", "subtopic": "crowd_density", "prompt": "A plaza is about 40 m by 35 m, with roughly 3 people per square meter. About how many people are there?", "exact_value": 4200, "model": "tiiuae/Falcon-H1-7B-Instruct", "provider": "transformers", "response": "Final answer: 4200", "numeric_answer": 4200.0, "relative_error": 0.0, "thinking_text": null, "has_tool_call": false, "tool_call": null, "usage": {"prompt_tokens": 192, "completion_tokens": 9, "total_tokens": 201, "token_count_source": "tokenizer"}, "decoding": {"temperature": 0.2, "top_p": null, "top_k": null, "max_tokens": 256, "seed": 42}, "prompt_tokens": 192, "completion_tokens": 9, "total_tokens": 201, "token_count_source": "tokenizer", "diffusion_steps": null, "flops_estimate": null, "flops_arch": null, "flops_model_params": null, "flops_active_params": null, "tokens_non_final": 3, "tokens_reasoning": 0, "tokens_response": 3, "elapsed_seconds": 0.7207436561584473, "judgement": "Exact math"}
{"id": "fermi_000203", "topic": "fermi", "subtopic": "crowd_density", "prompt": "A plaza is about 50 m by 20 m, with roughly 4 people per square meter. About how many people are there?", "exact_value": 4000, "model": "tiiuae/Falcon-H1-7B-Instruct", "provider": "transformers", "response": "Final answer: 4000", "numeric_answer": 4000.0, "relative_error": 0.0, "thinking_text": null, "has_tool_call": false, "tool_call": null, "usage": {"prompt_tokens": 192, "completion_tokens": 9, "total_tokens": 201, "token_count_source": "tokenizer"}, "decoding": {"temperature": 0.2, "top_p": null, "top_k": null, "max_tokens": 256, "seed": 42}, "prompt_tokens": 192, "completion_tokens": 9, "total_tokens": 201, "token_count_source": "tokenizer", "diffusion_steps": null, "flops_estimate": null, "flops_arch": null, "flops_model_params": null, "flops_active_params": null, "tokens_non_final": 3, "tokens_reasoning": 0, "tokens_response": 3, "elapsed_seconds": 0.7206788063049316, "judgement": "Exact math"}
{"id": "fermi_000223", "topic": "fermi", "subtopic": "crowd_density", "prompt": "A plaza is about 40 m by 20 m, with roughly 1 people per square meter. About how many people are there?", "exact_value": 800, "model": "tiiuae/Falcon-H1-7B-Instruct", "provider": "transformers", "response": "Final answer: 800", "numeric_answer": 800.0, "relative_error": 0.0, "thinking_text": null, "has_tool_call": false, "tool_call": null, "usage": {"prompt_tokens": 192, "completion_tokens": 8, "total_tokens": 200, "token_count_source": "tokenizer"}, "decoding": {"temperature": 0.2, "top_p": null, "top_k": null, "max_tokens": 256, "seed": 42}, "prompt_tokens": 192, "completion_tokens": 8, "total_tokens": 200, "token_count_source": "tokenizer", "diffusion_steps": null, "flops_estimate": null, "flops_arch": null, "flops_model_params": null, "flops_active_params": null, "tokens_non_final": 3, "tokens_reasoning": 0, "tokens_response": 3, "elapsed_seconds": 0.6725037097930908, "judgement": "Exact math"}
{"id": "fermi_000243", "topic": "fermi", "subtopic": "crowd_density", "prompt": "A plaza is about 50 m by 35 m, with roughly 1 people per square meter. About how many people are there?", "exact_value": 1750, "model": "tiiuae/Falcon-H1-7B-Instruct", "provider": "transformers", "response": "Final answer: 1800", "numeric_answer": 1800.0, "relative_error": 0.02857142857142857, "thinking_text": null, "has_tool_call": false, "tool_call": null, "usage": {"prompt_tokens": 192, "completion_tokens": 9, "total_tokens": 201, "token_count_source": "tokenizer"}, "decoding": {"temperature": 0.2, "top_p": null, "top_k": null, "max_tokens": 256, "seed": 42}, "prompt_tokens": 192, "completion_tokens": 9, "total_tokens": 201, "token_count_source": "tokenizer", "diffusion_steps": null, "flops_estimate": null, "flops_arch": null, "flops_model_params": null, "flops_active_params": null, "tokens_non_final": 3, "tokens_reasoning": 0, "tokens_response": 3, "elapsed_seconds": 0.7294018268585205, "judgement": "Good approximation"}
{"id": "fermi_000263", "topic": "fermi", "subtopic": "crowd_density", "prompt": "A plaza is about 40 m by 30 m, with roughly 1 people per square meter. About how many people are there?", "exact_value": 1200, "model": "tiiuae/Falcon-H1-7B-Instruct", "provider": "transformers", "response": "Final answer: 1200", "numeric_answer": 1200.0, "relative_error": 0.0, "thinking_text": null, "has_tool_call": false, "tool_call": null, "usage": {"prompt_tokens": 192, "completion_tokens": 9, "total_tokens": 201, "token_count_source": "tokenizer"}, "decoding": {"temperature": 0.2, "top_p": null, "top_k": null, "max_tokens": 256, "seed": 42}, "prompt_tokens": 192, "completion_tokens": 9, "total_tokens": 201, "token_count_source": "tokenizer", "diffusion_steps": null, "flops_estimate": null, "flops_arch": null, "flops_model_params": null, "flops_active_params": null, "tokens_non_final": 3, "tokens_reasoning": 0, "tokens_response": 3, "elapsed_seconds": 0.7253258228302002, "judgement": "Exact math"}
{"id": "fermi_000283", "topic": "fermi", "subtopic": "crowd_density", "prompt": "A plaza is about 40 m by 20 m, with roughly 1 people per square meter. About how many people are there?", "exact_value": 800, "model": "tiiuae/Falcon-H1-7B-Instruct", "provider": "transformers", "response": "Final answer: 800", "numeric_answer": 800.0, "relative_error": 0.0, "thinking_text": null, "has_tool_call": false, "tool_call": null, "usage": {"prompt_tokens": 192, "completion_tokens": 8, "total_tokens": 200, "token_count_source": "tokenizer"}, "decoding": {"temperature": 0.2, "top_p": null, "top_k": null, "max_tokens": 256, "seed": 42}, "prompt_tokens": 192, "completion_tokens": 8, "total_tokens": 200, "token_count_source": "tokenizer", "diffusion_steps": null, "flops_estimate": null, "flops_arch": null, "flops_model_params": null, "flops_active_params": null, "tokens_non_final": 3, "tokens_reasoning": 0, "tokens_response": 3, "elapsed_seconds": 0.6510343551635742, "judgement": "Exact math"}
{"id": "fermi_000303", "topic": "fermi", "subtopic": "crowd_density", "prompt": "A plaza is about 70 m by 25 m, with roughly 3 people per square meter. About how many people are there?", "exact_value": 5250, "model": "tiiuae/Falcon-H1-7B-Instruct", "provider": "transformers", "response": "Final answer: 5250", "numeric_answer": 5250.0, "relative_error": 0.0, "thinking_text": null, "has_tool_call": false, "tool_call": null, "usage": {"prompt_tokens": 192, "completion_tokens": 9, "total_tokens": 201, "token_count_source": "tokenizer"}, "decoding": {"temperature": 0.2, "top_p": null, "top_k": null, "max_tokens": 256, "seed": 42}, "prompt_tokens": 192, "completion_tokens": 9, "total_tokens": 201, "token_count_source": "tokenizer", "diffusion_steps": null, "flops_estimate": null, "flops_arch": null, "flops_model_params": null, "flops_active_params": null, "tokens_non_final": 3, "tokens_reasoning": 0, "tokens_response": 3, "elapsed_seconds": 0.699749231338501, "judgement": "Exact math"}
{"id": "fermi_000323", "topic": "fermi", "subtopic": "crowd_density", "prompt": "A plaza is about 70 m by 20 m, with roughly 3 people per square meter. About how many people are there?", "exact_value": 4200, "model": "tiiuae/Falcon-H1-7B-Instruct", "provider": "transformers", "response": "Final answer: 4200", "numeric_answer": 4200.0, "relative_error": 0.0, "thinking_text": null, "has_tool_call": false, "tool_call": null, "usage": {"prompt_tokens": 192, "completion_tokens": 9, "total_tokens": 201, "token_count_source": "tokenizer"}, "decoding": {"temperature": 0.2, "top_p": null, "top_k": null, "max_tokens": 256, "seed": 42}, "prompt_tokens": 192, "completion_tokens": 9, "total_tokens": 201, "token_count_source": "tokenizer", "diffusion_steps": null, "flops_estimate": null, "flops_arch": null, "flops_model_params": null, "flops_active_params": null, "tokens_non_final": 3, "tokens_reasoning": 0, "tokens_response": 3, "elapsed_seconds": 0.7321047782897949, "judgement": "Exact math"}
{"id": "fermi_000343", "topic": "fermi", "subtopic": "crowd_density", "prompt": "A plaza is about 60 m by 30 m, with roughly 4 people per square meter. About how many people are there?", "exact_value": 7200, "model": "tiiuae/Falcon-H1-7B-Instruct", "provider": "transformers", "response": "Final answer: 7200", "numeric_answer": 7200.0, "relative_error": 0.0, "thinking_text": null, "has_tool_call": false, "tool_call": null, "usage": {"prompt_tokens": 192, "completion_tokens": 9, "total_tokens": 201, "token_count_source": "tokenizer"}, "decoding": {"temperature": 0.2, "top_p": null, "top_k": null, "max_tokens": 256, "seed": 42}, "prompt_tokens": 192, "completion_tokens": 9, "total_tokens": 201, "token_count_source": "tokenizer", "diffusion_steps": null, "flops_estimate": null, "flops_arch": null, "flops_model_params": null, "flops_active_params": null, "tokens_non_final": 3, "tokens_reasoning": 0, "tokens_response": 3, "elapsed_seconds": 0.7160840034484863, "judgement": "Exact math"}
{"id": "fermi_000363", "topic": "fermi", "subtopic": "crowd_density", "prompt": "A plaza is about 70 m by 20 m, with roughly 1 people per square meter. About how many people are there?", "exact_value": 1400, "model": "tiiuae/Falcon-H1-7B-Instruct", "provider": "transformers", "response": "Final answer: 1400", "numeric_answer": 1400.0, "relative_error": 0.0, "thinking_text": null, "has_tool_call": false, "tool_call": null, "usage": {"prompt_tokens": 192, "completion_tokens": 9, "total_tokens": 201, "token_count_source": "tokenizer"}, "decoding": {"temperature": 0.2, "top_p": null, "top_k": null, "max_tokens": 256, "seed": 42}, "prompt_tokens": 192, "completion_tokens": 9, "total_tokens": 201, "token_count_source": "tokenizer", "diffusion_steps": null, "flops_estimate": null, "flops_arch": null, "flops_model_params": null, "flops_active_params": null, "tokens_non_final": 3, "tokens_reasoning": 0, "tokens_response": 3, "elapsed_seconds": 0.709216833114624, "judgement": "Exact math"}
{"id": "fermi_000383", "topic": "fermi", "subtopic": "crowd_density", "prompt": "A plaza is about 30 m by 30 m, with roughly 1 people per square meter. About how many people are there?", "exact_value": 900, "model": "tiiuae/Falcon-H1-7B-Instruct", "provider": "transformers", "response": "Final answer: 900", "numeric_answer": 900.0, "relative_error": 0.0, "thinking_text": null, "has_tool_call": false, "tool_call": null, "usage": {"prompt_tokens": 192, "completion_tokens": 8, "total_tokens": 200, "token_count_source": "tokenizer"}, "decoding": {"temperature": 0.2, "top_p": null, "top_k": null, "max_tokens": 256, "seed": 42}, "prompt_tokens": 192, "completion_tokens": 8, "total_tokens": 200, "token_count_source": "tokenizer", "diffusion_steps": null, "flops_estimate": null, "flops_arch": null, "flops_model_params": null, "flops_active_params": null, "tokens_non_final": 3, "tokens_reasoning": 0, "tokens_response": 3, "elapsed_seconds": 0.6546478271484375, "judgement": "Exact math"}
{"id": "fermi_000403", "topic": "fermi", "subtopic": "crowd_density", "prompt": "A plaza is about 40 m by 30 m, with roughly 2 people per square meter. About how many people are there?", "exact_value": 2400, "model": "tiiuae/Falcon-H1-7B-Instruct", "provider": "transformers", "response": "Final answer: 2400", "numeric_answer": 2400.0, "relative_error": 0.0, "thinking_text": null, "has_tool_call": false, "tool_call": null, "usage": {"prompt_tokens": 192, "completion_tokens": 9, "total_tokens": 201, "token_count_source": "tokenizer"}, "decoding": {"temperature": 0.2, "top_p": null, "top_k": null, "max_tokens": 256, "seed": 42}, "prompt_tokens": 192, "completion_tokens": 9, "total_tokens": 201, "token_count_source": "tokenizer", "diffusion_steps": null, "flops_estimate": null, "flops_arch": null, "flops_model_params": null, "flops_active_params": null, "tokens_non_final": 3, "tokens_reasoning": 0, "tokens_response": 3, "elapsed_seconds": 0.7559187412261963, "judgement": "Exact math"}
{"id": "fermi_000423", "topic": "fermi", "subtopic": "crowd_density", "prompt": "A plaza is about 70 m by 20 m, with roughly 1 people per square meter. About how many people are there?", "exact_value": 1400, "model": "tiiuae/Falcon-H1-7B-Instruct", "provider": "transformers", "response": "Final answer: 1400", "numeric_answer": 1400.0, "relative_error": 0.0, "thinking_text": null, "has_tool_call": false, "tool_call": null, "usage": {"prompt_tokens": 192, "completion_tokens": 9, "total_tokens": 201, "token_count_source": "tokenizer"}, "decoding": {"temperature": 0.2, "top_p": null, "top_k": null, "max_tokens": 256, "seed": 42}, "prompt_tokens": 192, "completion_tokens": 9, "total_tokens": 201, "token_count_source": "tokenizer", "diffusion_steps": null, "flops_estimate": null, "flops_arch": null, "flops_model_params": null, "flops_active_params": null, "tokens_non_final": 3, "tokens_reasoning": 0, "tokens_response": 3, "elapsed_seconds": 0.7143065929412842, "judgement": "Exact math"}
{"id": "fermi_000443", "topic": "fermi", "subtopic": "crowd_density", "prompt": "A plaza is about 30 m by 30 m, with roughly 4 people per square meter. About how many people are there?", "exact_value": 3600, "model": "tiiuae/Falcon-H1-7B-Instruct", "provider": "transformers", "response": "Final answer: 3600", "numeric_answer": 3600.0, "relative_error": 0.0, "thinking_text": null, "has_tool_call": false, "tool_call": null, "usage": {"prompt_tokens": 192, "completion_tokens": 9, "total_tokens": 201, "token_count_source": "tokenizer"}, "decoding": {"temperature": 0.2, "top_p": null, "top_k": null, "max_tokens": 256, "seed": 42}, "prompt_tokens": 192, "completion_tokens": 9, "total_tokens": 201, "token_count_source": "tokenizer", "diffusion_steps": null, "flops_estimate": null, "flops_arch": null, "flops_model_params": null, "flops_active_params": null, "tokens_non_final": 3, "tokens_reasoning": 0, "tokens_response": 3, "elapsed_seconds": 0.7465782165527344, "judgement": "Exact math"}
{"id": "fermi_000463", "topic": "fermi", "subtopic": "crowd_density", "prompt": "A plaza is about 60 m by 25 m, with roughly 3 people per square meter. About how many people are there?", "exact_value": 4500, "model": "tiiuae/Falcon-H1-7B-Instruct", "provider": "transformers", "response": "Final answer: 4500", "numeric_answer": 4500.0, "relative_error": 0.0, "thinking_text": null, "has_tool_call": false, "tool_call": null, "usage": {"prompt_tokens": 192, "completion_tokens": 9, "total_tokens": 201, "token_count_source": "tokenizer"}, "decoding": {"temperature": 0.2, "top_p": null, "top_k": null, "max_tokens": 256, "seed": 42}, "prompt_tokens": 192, "completion_tokens": 9, "total_tokens": 201, "token_count_source": "tokenizer", "diffusion_steps": null, "flops_estimate": null, "flops_arch": null, "flops_model_params": null, "flops_active_params": null, "tokens_non_final": 3, "tokens_reasoning": 0, "tokens_response": 3, "elapsed_seconds": 0.7119603157043457, "judgement": "Exact math"}
{"id": "fermi_000483", "topic": "fermi", "subtopic": "crowd_density", "prompt": "A plaza is about 70 m by 30 m, with roughly 2 people per square meter. About how many people are there?", "exact_value": 4200, "model": "tiiuae/Falcon-H1-7B-Instruct", "provider": "transformers", "response": "Final answer: 4200", "numeric_answer": 4200.0, "relative_error": 0.0, "thinking_text": null, "has_tool_call": false, "tool_call": null, "usage": {"prompt_tokens": 192, "completion_tokens": 9, "total_tokens": 201, "token_count_source": "tokenizer"}, "decoding": {"temperature": 0.2, "top_p": null, "top_k": null, "max_tokens": 256, "seed": 42}, "prompt_tokens": 192, "completion_tokens": 9, "total_tokens": 201, "token_count_source": "tokenizer", "diffusion_steps": null, "flops_estimate": null, "flops_arch": null, "flops_model_params": null, "flops_active_params": null, "tokens_non_final": 3, "tokens_reasoning": 0, "tokens_response": 3, "elapsed_seconds": 0.7230165004730225, "judgement": "Exact math"}
{"id": "fermi_000503", "topic": "fermi", "subtopic": "crowd_density", "prompt": "A plaza is about 40 m by 25 m, with roughly 4 people per square meter. About how many people are there?", "exact_value": 4000, "model": "tiiuae/Falcon-H1-7B-Instruct", "provider": "transformers", "response": "Final answer: 5000", "numeric_answer": 5000.0, "relative_error": 0.25, "thinking_text": null, "has_tool_call": false, "tool_call": null, "usage": {"prompt_tokens": 192, "completion_tokens": 9, "total_tokens": 201, "token_count_source": "tokenizer"}, "decoding": {"temperature": 0.2, "top_p": null, "top_k": null, "max_tokens": 256, "seed": 42}, "prompt_tokens": 192, "completion_tokens": 9, "total_tokens": 201, "token_count_source": "tokenizer", "diffusion_steps": null, "flops_estimate": null, "flops_arch": null, "flops_model_params": null, "flops_active_params": null, "tokens_non_final": 3, "tokens_reasoning": 0, "tokens_response": 3, "elapsed_seconds": 0.7237377166748047, "judgement": "Mildly off"}
{"id": "fermi_000523", "topic": "fermi", "subtopic": "crowd_density", "prompt": "A plaza is about 50 m by 35 m, with roughly 4 people per square meter. About how many people are there?", "exact_value": 7000, "model": "tiiuae/Falcon-H1-7B-Instruct", "provider": "transformers", "response": "Final answer: 7000", "numeric_answer": 7000.0, "relative_error": 0.0, "thinking_text": null, "has_tool_call": false, "tool_call": null, "usage": {"prompt_tokens": 192, "completion_tokens": 9, "total_tokens": 201, "token_count_source": "tokenizer"}, "decoding": {"temperature": 0.2, "top_p": null, "top_k": null, "max_tokens": 256, "seed": 42}, "prompt_tokens": 192, "completion_tokens": 9, "total_tokens": 201, "token_count_source": "tokenizer", "diffusion_steps": null, "flops_estimate": null, "flops_arch": null, "flops_model_params": null, "flops_active_params": null, "tokens_non_final": 3, "tokens_reasoning": 0, "tokens_response": 3, "elapsed_seconds": 0.730766773223877, "judgement": "Exact math"}
{"id": "fermi_000543", "topic": "fermi", "subtopic": "crowd_density", "prompt": "A plaza is about 40 m by 35 m, with roughly 2 people per square meter. About how many people are there?", "exact_value": 2800, "model": "tiiuae/Falcon-H1-7B-Instruct", "provider": "transformers", "response": "Final answer: 2800", "numeric_answer": 2800.0, "relative_error": 0.0, "thinking_text": null, "has_tool_call": false, "tool_call": null, "usage": {"prompt_tokens": 192, "completion_tokens": 9, "total_tokens": 201, "token_count_source": "tokenizer"}, "decoding": {"temperature": 0.2, "top_p": null, "top_k": null, "max_tokens": 256, "seed": 42}, "prompt_tokens": 192, "completion_tokens": 9, "total_tokens": 201, "token_count_source": "tokenizer", "diffusion_steps": null, "flops_estimate": null, "flops_arch": null, "flops_model_params": null, "flops_active_params": null, "tokens_non_final": 3, "tokens_reasoning": 0, "tokens_response": 3, "elapsed_seconds": 0.7189393043518066, "judgement": "Exact math"}
{"id": "fermi_000563", "topic": "fermi", "subtopic": "crowd_density", "prompt": "A plaza is about 30 m by 30 m, with roughly 3 people per square meter. About how many people are there?", "exact_value": 2700, "model": "tiiuae/Falcon-H1-7B-Instruct", "provider": "transformers", "response": "Final answer: 2700", "numeric_answer": 2700.0, "relative_error": 0.0, "thinking_text": null, "has_tool_call": false, "tool_call": null, "usage": {"prompt_tokens": 192, "completion_tokens": 9, "total_tokens": 201, "token_count_source": "tokenizer"}, "decoding": {"temperature": 0.2, "top_p": null, "top_k": null, "max_tokens": 256, "seed": 42}, "prompt_tokens": 192, "completion_tokens": 9, "total_tokens": 201, "token_count_source": "tokenizer", "diffusion_steps": null, "flops_estimate": null, "flops_arch": null, "flops_model_params": null, "flops_active_params": null, "tokens_non_final": 3, "tokens_reasoning": 0, "tokens_response": 3, "elapsed_seconds": 0.7231268882751465, "judgement": "Exact math"}
{"id": "fermi_000583", "topic": "fermi", "subtopic": "crowd_density", "prompt": "A plaza is about 60 m by 25 m, with roughly 4 people per square meter. About how many people are there?", "exact_value": 6000, "model": "tiiuae/Falcon-H1-7B-Instruct", "provider": "transformers", "response": "Final answer: 7500", "numeric_answer": 7500.0, "relative_error": 0.25, "thinking_text": null, "has_tool_call": false, "tool_call": null, "usage": {"prompt_tokens": 192, "completion_tokens": 9, "total_tokens": 201, "token_count_source": "tokenizer"}, "decoding": {"temperature": 0.2, "top_p": null, "top_k": null, "max_tokens": 256, "seed": 42}, "prompt_tokens": 192, "completion_tokens": 9, "total_tokens": 201, "token_count_source": "tokenizer", "diffusion_steps": null, "flops_estimate": null, "flops_arch": null, "flops_model_params": null, "flops_active_params": null, "tokens_non_final": 3, "tokens_reasoning": 0, "tokens_response": 3, "elapsed_seconds": 0.7261514663696289, "judgement": "Mildly off"}
{"id": "fermi_000603", "topic": "fermi", "subtopic": "crowd_density", "prompt": "A plaza is about 70 m by 25 m, with roughly 3 people per square meter. About how many people are there?", "exact_value": 5250, "model": "tiiuae/Falcon-H1-7B-Instruct", "provider": "transformers", "response": "Final answer: 5300", "numeric_answer": 5300.0, "relative_error": 0.009523809523809525, "thinking_text": null, "has_tool_call": false, "tool_call": null, "usage": {"prompt_tokens": 192, "completion_tokens": 9, "total_tokens": 201, "token_count_source": "tokenizer"}, "decoding": {"temperature": 0.2, "top_p": null, "top_k": null, "max_tokens": 256, "seed": 42}, "prompt_tokens": 192, "completion_tokens": 9, "total_tokens": 201, "token_count_source": "tokenizer", "diffusion_steps": null, "flops_estimate": null, "flops_arch": null, "flops_model_params": null, "flops_active_params": null, "tokens_non_final": 3, "tokens_reasoning": 0, "tokens_response": 3, "elapsed_seconds": 0.7207679748535156, "judgement": "Good approximation"}
{"id": "fermi_000623", "topic": "fermi", "subtopic": "crowd_density", "prompt": "A plaza is about 70 m by 35 m, with roughly 3 people per square meter. About how many people are there?", "exact_value": 7350, "model": "tiiuae/Falcon-H1-7B-Instruct", "provider": "transformers", "response": "Final answer: 7350", "numeric_answer": 7350.0, "relative_error": 0.0, "thinking_text": null, "has_tool_call": false, "tool_call": null, "usage": {"prompt_tokens": 192, "completion_tokens": 9, "total_tokens": 201, "token_count_source": "tokenizer"}, "decoding": {"temperature": 0.2, "top_p": null, "top_k": null, "max_tokens": 256, "seed": 42}, "prompt_tokens": 192, "completion_tokens": 9, "total_tokens": 201, "token_count_source": "tokenizer", "diffusion_steps": null, "flops_estimate": null, "flops_arch": null, "flops_model_params": null, "flops_active_params": null, "tokens_non_final": 3, "tokens_reasoning": 0, "tokens_response": 3, "elapsed_seconds": 0.725560188293457, "judgement": "Exact math"}
{"id": "fermi_000643", "topic": "fermi", "subtopic": "crowd_density", "prompt": "A plaza is about 30 m by 25 m, with roughly 4 people per square meter. About how many people are there?", "exact_value": 3000, "model": "tiiuae/Falcon-H1-7B-Instruct", "provider": "transformers", "response": "Final answer: 3000", "numeric_answer": 3000.0, "relative_error": 0.0, "thinking_text": null, "has_tool_call": false, "tool_call": null, "usage": {"prompt_tokens": 192, "completion_tokens": 9, "total_tokens": 201, "token_count_source": "tokenizer"}, "decoding": {"temperature": 0.2, "top_p": null, "top_k": null, "max_tokens": 256, "seed": 42}, "prompt_tokens": 192, "completion_tokens": 9, "total_tokens": 201, "token_count_source": "tokenizer", "diffusion_steps": null, "flops_estimate": null, "flops_arch": null, "flops_model_params": null, "flops_active_params": null, "tokens_non_final": 3, "tokens_reasoning": 0, "tokens_response": 3, "elapsed_seconds": 0.718590497970581, "judgement": "Exact math"}
{"id": "fermi_000663", "topic": "fermi", "subtopic": "crowd_density", "prompt": "A plaza is about 30 m by 25 m, with roughly 2 people per square meter. About how many people are there?", "exact_value": 1500, "model": "tiiuae/Falcon-H1-7B-Instruct", "provider": "transformers", "response": "Final answer: 1500", "numeric_answer": 1500.0, "relative_error": 0.0, "thinking_text": null, "has_tool_call": false, "tool_call": null, "usage": {"prompt_tokens": 192, "completion_tokens": 9, "total_tokens": 201, "token_count_source": "tokenizer"}, "decoding": {"temperature": 0.2, "top_p": null, "top_k": null, "max_tokens": 256, "seed": 42}, "prompt_tokens": 192, "completion_tokens": 9, "total_tokens": 201, "token_count_source": "tokenizer", "diffusion_steps": null, "flops_estimate": null, "flops_arch": null, "flops_model_params": null, "flops_active_params": null, "tokens_non_final": 3, "tokens_reasoning": 0, "tokens_response": 3, "elapsed_seconds": 0.720057487487793, "judgement": "Exact math"}
{"id": "fermi_000683", "topic": "fermi", "subtopic": "crowd_density", "prompt": "A plaza is about 70 m by 35 m, with roughly 1 people per square meter. About how many people are there?", "exact_value": 2450, "model": "tiiuae/Falcon-H1-7B-Instruct", "provider": "transformers", "response": "Final answer: 2500", "numeric_answer": 2500.0, "relative_error": 0.02040816326530612, "thinking_text": null, "has_tool_call": false, "tool_call": null, "usage": {"prompt_tokens": 192, "completion_tokens": 9, "total_tokens": 201, "token_count_source": "tokenizer"}, "decoding": {"temperature": 0.2, "top_p": null, "top_k": null, "max_tokens": 256, "seed": 42}, "prompt_tokens": 192, "completion_tokens": 9, "total_tokens": 201, "token_count_source": "tokenizer", "diffusion_steps": null, "flops_estimate": null, "flops_arch": null, "flops_model_params": null, "flops_active_params": null, "tokens_non_final": 3, "tokens_reasoning": 0, "tokens_response": 3, "elapsed_seconds": 0.7152194976806641, "judgement": "Good approximation"}
{"id": "fermi_000703", "topic": "fermi", "subtopic": "crowd_density", "prompt": "A plaza is about 40 m by 25 m, with roughly 1 people per square meter. About how many people are there?", "exact_value": 1000, "model": "tiiuae/Falcon-H1-7B-Instruct", "provider": "transformers", "response": "Final answer: 1000", "numeric_answer": 1000.0, "relative_error": 0.0, "thinking_text": null, "has_tool_call": false, "tool_call": null, "usage": {"prompt_tokens": 192, "completion_tokens": 9, "total_tokens": 201, "token_count_source": "tokenizer"}, "decoding": {"temperature": 0.2, "top_p": null, "top_k": null, "max_tokens": 256, "seed": 42}, "prompt_tokens": 192, "completion_tokens": 9, "total_tokens": 201, "token_count_source": "tokenizer", "diffusion_steps": null, "flops_estimate": null, "flops_arch": null, "flops_model_params": null, "flops_active_params": null, "tokens_non_final": 3, "tokens_reasoning": 0, "tokens_response": 3, "elapsed_seconds": 0.7182447910308838, "judgement": "Exact math"}
{"id": "fermi_000723", "topic": "fermi", "subtopic": "crowd_density", "prompt": "A plaza is about 50 m by 30 m, with roughly 4 people per square meter. About how many people are there?", "exact_value": 6000, "model": "tiiuae/Falcon-H1-7B-Instruct", "provider": "transformers", "response": "Final answer: 7500", "numeric_answer": 7500.0, "relative_error": 0.25, "thinking_text": null, "has_tool_call": false, "tool_call": null, "usage": {"prompt_tokens": 192, "completion_tokens": 9, "total_tokens": 201, "token_count_source": "tokenizer"}, "decoding": {"temperature": 0.2, "top_p": null, "top_k": null, "max_tokens": 256, "seed": 42}, "prompt_tokens": 192, "completion_tokens": 9, "total_tokens": 201, "token_count_source": "tokenizer", "diffusion_steps": null, "flops_estimate": null, "flops_arch": null, "flops_model_params": null, "flops_active_params": null, "tokens_non_final": 3, "tokens_reasoning": 0, "tokens_response": 3, "elapsed_seconds": 0.7164807319641113, "judgement": "Mildly off"}
{"id": "fermi_000743", "topic": "fermi", "subtopic": "crowd_density", "prompt": "A plaza is about 50 m by 25 m, with roughly 4 people per square meter. About how many people are there?", "exact_value": 5000, "model": "tiiuae/Falcon-H1-7B-Instruct", "provider": "transformers", "response": "Final answer: 5000", "numeric_answer": 5000.0, "relative_error": 0.0, "thinking_text": null, "has_tool_call": false, "tool_call": null, "usage": {"prompt_tokens": 192, "completion_tokens": 9, "total_tokens": 201, "token_count_source": "tokenizer"}, "decoding": {"temperature": 0.2, "top_p": null, "top_k": null, "max_tokens": 256, "seed": 42}, "prompt_tokens": 192, "completion_tokens": 9, "total_tokens": 201, "token_count_source": "tokenizer", "diffusion_steps": null, "flops_estimate": null, "flops_arch": null, "flops_model_params": null, "flops_active_params": null, "tokens_non_final": 3, "tokens_reasoning": 0, "tokens_response": 3, "elapsed_seconds": 0.7362942695617676, "judgement": "Exact math"}
{"id": "fermi_000763", "topic": "fermi", "subtopic": "crowd_density", "prompt": "A plaza is about 60 m by 35 m, with roughly 4 people per square meter. About how many people are there?", "exact_value": 8400, "model": "tiiuae/Falcon-H1-7B-Instruct", "provider": "transformers", "response": "Final answer: 8400", "numeric_answer": 8400.0, "relative_error": 0.0, "thinking_text": null, "has_tool_call": false, "tool_call": null, "usage": {"prompt_tokens": 192, "completion_tokens": 9, "total_tokens": 201, "token_count_source": "tokenizer"}, "decoding": {"temperature": 0.2, "top_p": null, "top_k": null, "max_tokens": 256, "seed": 42}, "prompt_tokens": 192, "completion_tokens": 9, "total_tokens": 201, "token_count_source": "tokenizer", "diffusion_steps": null, "flops_estimate": null, "flops_arch": null, "flops_model_params": null, "flops_active_params": null, "tokens_non_final": 3, "tokens_reasoning": 0, "tokens_response": 3, "elapsed_seconds": 0.7135946750640869, "judgement": "Exact math"}
{"id": "fermi_000783", "topic": "fermi", "subtopic": "crowd_density", "prompt": "A plaza is about 50 m by 25 m, with roughly 4 people per square meter. About how many people are there?", "exact_value": 5000, "model": "tiiuae/Falcon-H1-7B-Instruct", "provider": "transformers", "response": "Final answer: 5000", "numeric_answer": 5000.0, "relative_error": 0.0, "thinking_text": null, "has_tool_call": false, "tool_call": null, "usage": {"prompt_tokens": 192, "completion_tokens": 9, "total_tokens": 201, "token_count_source": "tokenizer"}, "decoding": {"temperature": 0.2, "top_p": null, "top_k": null, "max_tokens": 256, "seed": 42}, "prompt_tokens": 192, "completion_tokens": 9, "total_tokens": 201, "token_count_source": "tokenizer", "diffusion_steps": null, "flops_estimate": null, "flops_arch": null, "flops_model_params": null, "flops_active_params": null, "tokens_non_final": 3, "tokens_reasoning": 0, "tokens_response": 3, "elapsed_seconds": 0.7168960571289062, "judgement": "Exact math"}
{"id": "fermi_000803", "topic": "fermi", "subtopic": "crowd_density", "prompt": "A plaza is about 30 m by 20 m, with roughly 2 people per square meter. About how many people are there?", "exact_value": 1200, "model": "tiiuae/Falcon-H1-7B-Instruct", "provider": "transformers", "response": "Final answer: 1200", "numeric_answer": 1200.0, "relative_error": 0.0, "thinking_text": null, "has_tool_call": false, "tool_call": null, "usage": {"prompt_tokens": 192, "completion_tokens": 9, "total_tokens": 201, "token_count_source": "tokenizer"}, "decoding": {"temperature": 0.2, "top_p": null, "top_k": null, "max_tokens": 256, "seed": 42}, "prompt_tokens": 192, "completion_tokens": 9, "total_tokens": 201, "token_count_source": "tokenizer", "diffusion_steps": null, "flops_estimate": null, "flops_arch": null, "flops_model_params": null, "flops_active_params": null, "tokens_non_final": 3, "tokens_reasoning": 0, "tokens_response": 3, "elapsed_seconds": 0.7097516059875488, "judgement": "Exact math"}
{"id": "fermi_000823", "topic": "fermi", "subtopic": "crowd_density", "prompt": "A plaza is about 50 m by 20 m, with roughly 3 people per square meter. About how many people are there?", "exact_value": 3000, "model": "tiiuae/Falcon-H1-7B-Instruct", "provider": "transformers", "response": "Final answer: 3000", "numeric_answer": 3000.0, "relative_error": 0.0, "thinking_text": null, "has_tool_call": false, "tool_call": null, "usage": {"prompt_tokens": 192, "completion_tokens": 9, "total_tokens": 201, "token_count_source": "tokenizer"}, "decoding": {"temperature": 0.2, "top_p": null, "top_k": null, "max_tokens": 256, "seed": 42}, "prompt_tokens": 192, "completion_tokens": 9, "total_tokens": 201, "token_count_source": "tokenizer", "diffusion_steps": null, "flops_estimate": null, "flops_arch": null, "flops_model_params": null, "flops_active_params": null, "tokens_non_final": 3, "tokens_reasoning": 0, "tokens_response": 3, "elapsed_seconds": 0.7406823635101318, "judgement": "Exact math"}
{"id": "fermi_000843", "topic": "fermi", "subtopic": "crowd_density", "prompt": "A plaza is about 40 m by 30 m, with roughly 2 people per square meter. About how many people are there?", "exact_value": 2400, "model": "tiiuae/Falcon-H1-7B-Instruct", "provider": "transformers", "response": "Final answer: 2400", "numeric_answer": 2400.0, "relative_error": 0.0, "thinking_text": null, "has_tool_call": false, "tool_call": null, "usage": {"prompt_tokens": 192, "completion_tokens": 9, "total_tokens": 201, "token_count_source": "tokenizer"}, "decoding": {"temperature": 0.2, "top_p": null, "top_k": null, "max_tokens": 256, "seed": 42}, "prompt_tokens": 192, "completion_tokens": 9, "total_tokens": 201, "token_count_source": "tokenizer", "diffusion_steps": null, "flops_estimate": null, "flops_arch": null, "flops_model_params": null, "flops_active_params": null, "tokens_non_final": 3, "tokens_reasoning": 0, "tokens_response": 3, "elapsed_seconds": 0.7213144302368164, "judgement": "Exact math"}
{"id": "fermi_000863", "topic": "fermi", "subtopic": "crowd_density", "prompt": "A plaza is about 50 m by 35 m, with roughly 4 people per square meter. About how many people are there?", "exact_value": 7000, "model": "tiiuae/Falcon-H1-7B-Instruct", "provider": "transformers", "response": "Final answer: 7000", "numeric_answer": 7000.0, "relative_error": 0.0, "thinking_text": null, "has_tool_call": false, "tool_call": null, "usage": {"prompt_tokens": 192, "completion_tokens": 9, "total_tokens": 201, "token_count_source": "tokenizer"}, "decoding": {"temperature": 0.2, "top_p": null, "top_k": null, "max_tokens": 256, "seed": 42}, "prompt_tokens": 192, "completion_tokens": 9, "total_tokens": 201, "token_count_source": "tokenizer", "diffusion_steps": null, "flops_estimate": null, "flops_arch": null, "flops_model_params": null, "flops_active_params": null, "tokens_non_final": 3, "tokens_reasoning": 0, "tokens_response": 3, "elapsed_seconds": 0.6973752975463867, "judgement": "Exact math"}
{"id": "fermi_000883", "topic": "fermi", "subtopic": "crowd_density", "prompt": "A plaza is about 60 m by 20 m, with roughly 4 people per square meter. About how many people are there?", "exact_value": 4800, "model": "tiiuae/Falcon-H1-7B-Instruct", "provider": "transformers", "response": "Final answer: 48000", "numeric_answer": 48000.0, "relative_error": 9.0, "thinking_text": null, "has_tool_call": false, "tool_call": null, "usage": {"prompt_tokens": 192, "completion_tokens": 10, "total_tokens": 202, "token_count_source": "tokenizer"}, "decoding": {"temperature": 0.2, "top_p": null, "top_k": null, "max_tokens": 256, "seed": 42}, "prompt_tokens": 192, "completion_tokens": 10, "total_tokens": 202, "token_count_source": "tokenizer", "diffusion_steps": null, "flops_estimate": null, "flops_arch": null, "flops_model_params": null, "flops_active_params": null, "tokens_non_final": 3, "tokens_reasoning": 0, "tokens_response": 3, "elapsed_seconds": 0.7880172729492188, "judgement": "Way off"}
{"id": "fermi_000903", "topic": "fermi", "subtopic": "crowd_density", "prompt": "A plaza is about 60 m by 20 m, with roughly 1 people per square meter. About how many people are there?", "exact_value": 1200, "model": "tiiuae/Falcon-H1-7B-Instruct", "provider": "transformers", "response": "Final answer: 1200", "numeric_answer": 1200.0, "relative_error": 0.0, "thinking_text": null, "has_tool_call": false, "tool_call": null, "usage": {"prompt_tokens": 192, "completion_tokens": 9, "total_tokens": 201, "token_count_source": "tokenizer"}, "decoding": {"temperature": 0.2, "top_p": null, "top_k": null, "max_tokens": 256, "seed": 42}, "prompt_tokens": 192, "completion_tokens": 9, "total_tokens": 201, "token_count_source": "tokenizer", "diffusion_steps": null, "flops_estimate": null, "flops_arch": null, "flops_model_params": null, "flops_active_params": null, "tokens_non_final": 3, "tokens_reasoning": 0, "tokens_response": 3, "elapsed_seconds": 0.7183020114898682, "judgement": "Exact math"}
{"id": "fermi_000923", "topic": "fermi", "subtopic": "crowd_density", "prompt": "A plaza is about 30 m by 20 m, with roughly 3 people per square meter. About how many people are there?", "exact_value": 1800, "model": "tiiuae/Falcon-H1-7B-Instruct", "provider": "transformers", "response": "Final answer: 1800", "numeric_answer": 1800.0, "relative_error": 0.0, "thinking_text": null, "has_tool_call": false, "tool_call": null, "usage": {"prompt_tokens": 192, "completion_tokens": 9, "total_tokens": 201, "token_count_source": "tokenizer"}, "decoding": {"temperature": 0.2, "top_p": null, "top_k": null, "max_tokens": 256, "seed": 42}, "prompt_tokens": 192, "completion_tokens": 9, "total_tokens": 201, "token_count_source": "tokenizer", "diffusion_steps": null, "flops_estimate": null, "flops_arch": null, "flops_model_params": null, "flops_active_params": null, "tokens_non_final": 3, "tokens_reasoning": 0, "tokens_response": 3, "elapsed_seconds": 0.7013096809387207, "judgement": "Exact math"}
{"id": "fermi_000943", "topic": "fermi", "subtopic": "crowd_density", "prompt": "A plaza is about 50 m by 25 m, with roughly 1 people per square meter. About how many people are there?", "exact_value": 1250, "model": "tiiuae/Falcon-H1-7B-Instruct", "provider": "transformers", "response": "Final answer: 1250", "numeric_answer": 1250.0, "relative_error": 0.0, "thinking_text": null, "has_tool_call": false, "tool_call": null, "usage": {"prompt_tokens": 192, "completion_tokens": 9, "total_tokens": 201, "token_count_source": "tokenizer"}, "decoding": {"temperature": 0.2, "top_p": null, "top_k": null, "max_tokens": 256, "seed": 42}, "prompt_tokens": 192, "completion_tokens": 9, "total_tokens": 201, "token_count_source": "tokenizer", "diffusion_steps": null, "flops_estimate": null, "flops_arch": null, "flops_model_params": null, "flops_active_params": null, "tokens_non_final": 3, "tokens_reasoning": 0, "tokens_response": 3, "elapsed_seconds": 0.7016785144805908, "judgement": "Exact math"}
{"id": "fermi_000963", "topic": "fermi", "subtopic": "crowd_density", "prompt": "A plaza is about 70 m by 35 m, with roughly 4 people per square meter. About how many people are there?", "exact_value": 9800, "model": "tiiuae/Falcon-H1-7B-Instruct", "provider": "transformers", "response": "Final answer: 105000", "numeric_answer": 105000.0, "relative_error": 9.714285714285714, "thinking_text": null, "has_tool_call": false, "tool_call": null, "usage": {"prompt_tokens": 192, "completion_tokens": 11, "total_tokens": 203, "token_count_source": "tokenizer"}, "decoding": {"temperature": 0.2, "top_p": null, "top_k": null, "max_tokens": 256, "seed": 42}, "prompt_tokens": 192, "completion_tokens": 11, "total_tokens": 203, "token_count_source": "tokenizer", "diffusion_steps": null, "flops_estimate": null, "flops_arch": null, "flops_model_params": null, "flops_active_params": null, "tokens_non_final": 3, "tokens_reasoning": 0, "tokens_response": 3, "elapsed_seconds": 0.82930588722229, "judgement": "Way off"}
{"id": "fermi_000983", "topic": "fermi", "subtopic": "crowd_density", "prompt": "A plaza is about 50 m by 25 m, with roughly 3 people per square meter. About how many people are there?", "exact_value": 3750, "model": "tiiuae/Falcon-H1-7B-Instruct", "provider": "transformers", "response": "Final answer: 3750", "numeric_answer": 3750.0, "relative_error": 0.0, "thinking_text": null, "has_tool_call": false, "tool_call": null, "usage": {"prompt_tokens": 192, "completion_tokens": 9, "total_tokens": 201, "token_count_source": "tokenizer"}, "decoding": {"temperature": 0.2, "top_p": null, "top_k": null, "max_tokens": 256, "seed": 42}, "prompt_tokens": 192, "completion_tokens": 9, "total_tokens": 201, "token_count_source": "tokenizer", "diffusion_steps": null, "flops_estimate": null, "flops_arch": null, "flops_model_params": null, "flops_active_params": null, "tokens_non_final": 3, "tokens_reasoning": 0, "tokens_response": 3, "elapsed_seconds": 0.7001676559448242, "judgement": "Exact math"}
{"id": "fermi_001003", "topic": "fermi", "subtopic": "crowd_density", "prompt": "A plaza is about 30 m by 25 m, with roughly 3 people per square meter. About how many people are there?", "exact_value": 2250, "model": "tiiuae/Falcon-H1-7B-Instruct", "provider": "transformers", "response": "Final answer: 2250", "numeric_answer": 2250.0, "relative_error": 0.0, "thinking_text": null, "has_tool_call": false, "tool_call": null, "usage": {"prompt_tokens": 192, "completion_tokens": 9, "total_tokens": 201, "token_count_source": "tokenizer"}, "decoding": {"temperature": 0.2, "top_p": null, "top_k": null, "max_tokens": 256, "seed": 42}, "prompt_tokens": 192, "completion_tokens": 9, "total_tokens": 201, "token_count_source": "tokenizer", "diffusion_steps": null, "flops_estimate": null, "flops_arch": null, "flops_model_params": null, "flops_active_params": null, "tokens_non_final": 3, "tokens_reasoning": 0, "tokens_response": 3, "elapsed_seconds": 0.7151317596435547, "judgement": "Exact math"}
{"id": "fermi_001023", "topic": "fermi", "subtopic": "crowd_density", "prompt": "A plaza is about 30 m by 25 m, with roughly 2 people per square meter. About how many people are there?", "exact_value": 1500, "model": "tiiuae/Falcon-H1-7B-Instruct", "provider": "transformers", "response": "Final answer: 1500", "numeric_answer": 1500.0, "relative_error": 0.0, "thinking_text": null, "has_tool_call": false, "tool_call": null, "usage": {"prompt_tokens": 192, "completion_tokens": 9, "total_tokens": 201, "token_count_source": "tokenizer"}, "decoding": {"temperature": 0.2, "top_p": null, "top_k": null, "max_tokens": 256, "seed": 42}, "prompt_tokens": 192, "completion_tokens": 9, "total_tokens": 201, "token_count_source": "tokenizer", "diffusion_steps": null, "flops_estimate": null, "flops_arch": null, "flops_model_params": null, "flops_active_params": null, "tokens_non_final": 3, "tokens_reasoning": 0, "tokens_response": 3, "elapsed_seconds": 0.7092146873474121, "judgement": "Exact math"}
{"id": "fermi_001043", "topic": "fermi", "subtopic": "crowd_density", "prompt": "A plaza is about 60 m by 20 m, with roughly 3 people per square meter. About how many people are there?", "exact_value": 3600, "model": "tiiuae/Falcon-H1-7B-Instruct", "provider": "transformers", "response": "Final answer: 36000", "numeric_answer": 36000.0, "relative_error": 9.0, "thinking_text": null, "has_tool_call": false, "tool_call": null, "usage": {"prompt_tokens": 192, "completion_tokens": 10, "total_tokens": 202, "token_count_source": "tokenizer"}, "decoding": {"temperature": 0.2, "top_p": null, "top_k": null, "max_tokens": 256, "seed": 42}, "prompt_tokens": 192, "completion_tokens": 10, "total_tokens": 202, "token_count_source": "tokenizer", "diffusion_steps": null, "flops_estimate": null, "flops_arch": null, "flops_model_params": null, "flops_active_params": null, "tokens_non_final": 3, "tokens_reasoning": 0, "tokens_response": 3, "elapsed_seconds": 0.7759943008422852, "judgement": "Way off"}
{"id": "fermi_001063", "topic": "fermi", "subtopic": "crowd_density", "prompt": "A plaza is about 40 m by 20 m, with roughly 1 people per square meter. About how many people are there?", "exact_value": 800, "model": "tiiuae/Falcon-H1-7B-Instruct", "provider": "transformers", "response": "Final answer: 800", "numeric_answer": 800.0, "relative_error": 0.0, "thinking_text": null, "has_tool_call": false, "tool_call": null, "usage": {"prompt_tokens": 192, "completion_tokens": 8, "total_tokens": 200, "token_count_source": "tokenizer"}, "decoding": {"temperature": 0.2, "top_p": null, "top_k": null, "max_tokens": 256, "seed": 42}, "prompt_tokens": 192, "completion_tokens": 8, "total_tokens": 200, "token_count_source": "tokenizer", "diffusion_steps": null, "flops_estimate": null, "flops_arch": null, "flops_model_params": null, "flops_active_params": null, "tokens_non_final": 3, "tokens_reasoning": 0, "tokens_response": 3, "elapsed_seconds": 0.6127364635467529, "judgement": "Exact math"}
{"id": "travel_time_000108", "topic": "travel_time", "subtopic": "drive_time", "prompt": "You need to travel about 161 miles at around 55 mph. About how many hours will it take?", "exact_value": 2.92, "model": "tiiuae/Falcon-H1-7B-Instruct", "provider": "transformers", "response": "Final answer: 3", "numeric_answer": 3.0, "relative_error": 0.02739726027397263, "thinking_text": null, "has_tool_call": false, "tool_call": null, "usage": {"prompt_tokens": 186, "completion_tokens": 6, "total_tokens": 192, "token_count_source": "tokenizer"}, "decoding": {"temperature": 0.2, "top_p": null, "top_k": null, "max_tokens": 256, "seed": 42}, "prompt_tokens": 186, "completion_tokens": 6, "total_tokens": 192, "token_count_source": "tokenizer", "diffusion_steps": null, "flops_estimate": null, "flops_arch": null, "flops_model_params": null, "flops_active_params": null, "tokens_non_final": 3, "tokens_reasoning": 0, "tokens_response": 3, "elapsed_seconds": 0.48688530921936035, "judgement": "Good approximation"}
{"id": "travel_time_000128", "topic": "travel_time", "subtopic": "drive_time", "prompt": "You need to travel about 11 miles at around 45 mph. About how many hours will it take?", "exact_value": 0.2511111111111111, "model": "tiiuae/Falcon-H1-7B-Instruct", "provider": "transformers", "response": "Final answer: 0.25", "numeric_answer": 0.25, "relative_error": 0.0044247787610619755, "thinking_text": null, "has_tool_call": false, "tool_call": null, "usage": {"prompt_tokens": 185, "completion_tokens": 9, "total_tokens": 194, "token_count_source": "tokenizer"}, "decoding": {"temperature": 0.2, "top_p": null, "top_k": null, "max_tokens": 256, "seed": 42}, "prompt_tokens": 185, "completion_tokens": 9, "total_tokens": 194, "token_count_source": "tokenizer", "diffusion_steps": null, "flops_estimate": null, "flops_arch": null, "flops_model_params": null, "flops_active_params": null, "tokens_non_final": 3, "tokens_reasoning": 0, "tokens_response": 3, "elapsed_seconds": 0.7295479774475098, "judgement": "Good approximation"}
{"id": "travel_time_000148", "topic": "travel_time", "subtopic": "drive_time", "prompt": "You need to travel about 189 miles at around 45 mph. About how many hours will it take?", "exact_value": 4.202222222222222, "model": "tiiuae/Falcon-H1-7B-Instruct", "provider": "transformers", "response": "Final answer: 4", "numeric_answer": 4.0, "relative_error": 0.04812268640930716, "thinking_text": null, "has_tool_call": false, "tool_call": null, "usage": {"prompt_tokens": 186, "completion_tokens": 6, "total_tokens": 192, "token_count_source": "tokenizer"}, "decoding": {"temperature": 0.2, "top_p": null, "top_k": null, "max_tokens": 256, "seed": 42}, "prompt_tokens": 186, "completion_tokens": 6, "total_tokens": 192, "token_count_source": "tokenizer", "diffusion_steps": null, "flops_estimate": null, "flops_arch": null, "flops_model_params": null, "flops_active_params": null, "tokens_non_final": 3, "tokens_reasoning": 0, "tokens_response": 3, "elapsed_seconds": 0.4983856678009033, "judgement": "Good approximation"}
{"id": "travel_time_000168", "topic": "travel_time", "subtopic": "drive_time", "prompt": "You need to travel about 239 miles at around 45 mph. About how many hours will it take?", "exact_value": 5.304444444444444, "model": "tiiuae/Falcon-H1-7B-Instruct", "provider": "transformers", "response": "Final answer: 5", "numeric_answer": 5.0, "relative_error": 0.0573942186845412, "thinking_text": null, "has_tool_call": false, "tool_call": null, "usage": {"prompt_tokens": 186, "completion_tokens": 6, "total_tokens": 192, "token_count_source": "tokenizer"}, "decoding": {"temperature": 0.2, "top_p": null, "top_k": null, "max_tokens": 256, "seed": 42}, "prompt_tokens": 186, "completion_tokens": 6, "total_tokens": 192, "token_count_source": "tokenizer", "diffusion_steps": null, "flops_estimate": null, "flops_arch": null, "flops_model_params": null, "flops_active_params": null, "tokens_non_final": 3, "tokens_reasoning": 0, "tokens_response": 3, "elapsed_seconds": 0.47816014289855957, "judgement": "Good approximation"}
{"id": "travel_time_000188", "topic": "travel_time", "subtopic": "drive_time", "prompt": "You need to travel about 118 miles at around 45 mph. About how many hours will it take?", "exact_value": 2.6133333333333333, "model": "tiiuae/Falcon-H1-7B-Instruct", "provider": "transformers", "response": "Final answer: 3", "numeric_answer": 3.0, "relative_error": 0.1479591836734694, "thinking_text": null, "has_tool_call": false, "tool_call": null, "usage": {"prompt_tokens": 186, "completion_tokens": 6, "total_tokens": 192, "token_count_source": "tokenizer"}, "decoding": {"temperature": 0.2, "top_p": null, "top_k": null, "max_tokens": 256, "seed": 42}, "prompt_tokens": 186, "completion_tokens": 6, "total_tokens": 192, "token_count_source": "tokenizer", "diffusion_steps": null, "flops_estimate": null, "flops_arch": null, "flops_model_params": null, "flops_active_params": null, "tokens_non_final": 3, "tokens_reasoning": 0, "tokens_response": 3, "elapsed_seconds": 0.5048015117645264, "judgement": "Good approximation"}
{"id": "travel_time_000208", "topic": "travel_time", "subtopic": "drive_time", "prompt": "You need to travel about 224 miles at around 55 mph. About how many hours will it take?", "exact_value": 4.067272727272727, "model": "tiiuae/Falcon-H1-7B-Instruct", "provider": "transformers", "response": "Final answer: 4", "numeric_answer": 4.0, "relative_error": 0.016540008940545397, "thinking_text": null, "has_tool_call": false, "tool_call": null, "usage": {"prompt_tokens": 186, "completion_tokens": 6, "total_tokens": 192, "token_count_source": "tokenizer"}, "decoding": {"temperature": 0.2, "top_p": null, "top_k": null, "max_tokens": 256, "seed": 42}, "prompt_tokens": 186, "completion_tokens": 6, "total_tokens": 192, "token_count_source": "tokenizer", "diffusion_steps": null, "flops_estimate": null, "flops_arch": null, "flops_model_params": null, "flops_active_params": null, "tokens_non_final": 3, "tokens_reasoning": 0, "tokens_response": 3, "elapsed_seconds": 0.491438627243042, "judgement": "Good approximation"}
{"id": "travel_time_000228", "topic": "travel_time", "subtopic": "drive_time", "prompt": "You need to travel about 37 miles at around 45 mph. About how many hours will it take?", "exact_value": 0.8222222222222222, "model": "tiiuae/Falcon-H1-7B-Instruct", "provider": "transformers", "response": "Final answer: 1", "numeric_answer": 1.0, "relative_error": 0.21621621621621626, "thinking_text": null, "has_tool_call": false, "tool_call": null, "usage": {"prompt_tokens": 185, "completion_tokens": 6, "total_tokens": 191, "token_count_source": "tokenizer"}, "decoding": {"temperature": 0.2, "top_p": null, "top_k": null, "max_tokens": 256, "seed": 42}, "prompt_tokens": 185, "completion_tokens": 6, "total_tokens": 191, "token_count_source": "tokenizer", "diffusion_steps": null, "flops_estimate": null, "flops_arch": null, "flops_model_params": null, "flops_active_params": null, "tokens_non_final": 3, "tokens_reasoning": 0, "tokens_response": 3, "elapsed_seconds": 0.5074241161346436, "judgement": "Mildly off"}
{"id": "travel_time_000248", "topic": "travel_time", "subtopic": "drive_time", "prompt": "You need to travel about 213 miles at around 35 mph. About how many hours will it take?", "exact_value": 6.082857142857143, "model": "tiiuae/Falcon-H1-7B-Instruct", "provider": "transformers", "response": "Final answer: 6", "numeric_answer": 6.0, "relative_error": 0.013621418506340986, "thinking_text": null, "has_tool_call": false, "tool_call": null, "usage": {"prompt_tokens": 186, "completion_tokens": 6, "total_tokens": 192, "token_count_source": "tokenizer"}, "decoding": {"temperature": 0.2, "top_p": null, "top_k": null, "max_tokens": 256, "seed": 42}, "prompt_tokens": 186, "completion_tokens": 6, "total_tokens": 192, "token_count_source": "tokenizer", "diffusion_steps": null, "flops_estimate": null, "flops_arch": null, "flops_model_params": null, "flops_active_params": null, "tokens_non_final": 3, "tokens_reasoning": 0, "tokens_response": 3, "elapsed_seconds": 0.4741346836090088, "judgement": "Good approximation"}
{"id": "travel_time_000268", "topic": "travel_time", "subtopic": "drive_time", "prompt": "You need to travel about 130 miles at around 35 mph. About how many hours will it take?", "exact_value": 3.7228571428571433, "model": "tiiuae/Falcon-H1-7B-Instruct", "provider": "transformers", "response": "Final answer: 4", "numeric_answer": 4.0, "relative_error": 0.07444359171143503, "thinking_text": null, "has_tool_call": false, "tool_call": null, "usage": {"prompt_tokens": 186, "completion_tokens": 6, "total_tokens": 192, "token_count_source": "tokenizer"}, "decoding": {"temperature": 0.2, "top_p": null, "top_k": null, "max_tokens": 256, "seed": 42}, "prompt_tokens": 186, "completion_tokens": 6, "total_tokens": 192, "token_count_source": "tokenizer", "diffusion_steps": null, "flops_estimate": null, "flops_arch": null, "flops_model_params": null, "flops_active_params": null, "tokens_non_final": 3, "tokens_reasoning": 0, "tokens_response": 3, "elapsed_seconds": 0.47927093505859375, "judgement": "Good approximation"}
{"id": "travel_time_000288", "topic": "travel_time", "subtopic": "drive_time", "prompt": "You need to travel about 182 miles at around 45 mph. About how many hours will it take?", "exact_value": 4.04, "model": "tiiuae/Falcon-H1-7B-Instruct", "provider": "transformers", "response": "Final answer: 4", "numeric_answer": 4.0, "relative_error": 0.00990099009900991, "thinking_text": null, "has_tool_call": false, "tool_call": null, "usage": {"prompt_tokens": 186, "completion_tokens": 6, "total_tokens": 192, "token_count_source": "tokenizer"}, "decoding": {"temperature": 0.2, "top_p": null, "top_k": null, "max_tokens": 256, "seed": 42}, "prompt_tokens": 186, "completion_tokens": 6, "total_tokens": 192, "token_count_source": "tokenizer", "diffusion_steps": null, "flops_estimate": null, "flops_arch": null, "flops_model_params": null, "flops_active_params": null, "tokens_non_final": 3, "tokens_reasoning": 0, "tokens_response": 3, "elapsed_seconds": 0.4740419387817383, "judgement": "Good approximation"}
{"id": "travel_time_000308", "topic": "travel_time", "subtopic": "drive_time", "prompt": "You need to travel about 220 miles at around 55 mph. About how many hours will it take?", "exact_value": 4.009090909090909, "model": "tiiuae/Falcon-H1-7B-Instruct", "provider": "transformers", "response": "Final answer: 4", "numeric_answer": 4.0, "relative_error": 0.0022675736961450563, "thinking_text": null, "has_tool_call": false, "tool_call": null, "usage": {"prompt_tokens": 186, "completion_tokens": 6, "total_tokens": 192, "token_count_source": "tokenizer"}, "decoding": {"temperature": 0.2, "top_p": null, "top_k": null, "max_tokens": 256, "seed": 42}, "prompt_tokens": 186, "completion_tokens": 6, "total_tokens": 192, "token_count_source": "tokenizer", "diffusion_steps": null, "flops_estimate": null, "flops_arch": null, "flops_model_params": null, "flops_active_params": null, "tokens_non_final": 3, "tokens_reasoning": 0, "tokens_response": 3, "elapsed_seconds": 0.4848001003265381, "judgement": "Good approximation"}
{"id": "travel_time_000328", "topic": "travel_time", "subtopic": "drive_time", "prompt": "You need to travel about 144 miles at around 65 mph. About how many hours will it take?", "exact_value": 2.2184615384615385, "model": "tiiuae/Falcon-H1-7B-Instruct", "provider": "transformers", "response": "Final answer: 2", "numeric_answer": 2.0, "relative_error": 0.0984743411927878, "thinking_text": null, "has_tool_call": false, "tool_call": null, "usage": {"prompt_tokens": 186, "completion_tokens": 6, "total_tokens": 192, "token_count_source": "tokenizer"}, "decoding": {"temperature": 0.2, "top_p": null, "top_k": null, "max_tokens": 256, "seed": 42}, "prompt_tokens": 186, "completion_tokens": 6, "total_tokens": 192, "token_count_source": "tokenizer", "diffusion_steps": null, "flops_estimate": null, "flops_arch": null, "flops_model_params": null, "flops_active_params": null, "tokens_non_final": 3, "tokens_reasoning": 0, "tokens_response": 3, "elapsed_seconds": 0.4992203712463379, "judgement": "Good approximation"}
{"id": "travel_time_000348", "topic": "travel_time", "subtopic": "drive_time", "prompt": "You need to travel about 215 miles at around 25 mph. About how many hours will it take?", "exact_value": 8.612, "model": "tiiuae/Falcon-H1-7B-Instruct", "provider": "transformers", "response": "Final answer: 9", "numeric_answer": 9.0, "relative_error": 0.04505341384115187, "thinking_text": null, "has_tool_call": false, "tool_call": null, "usage": {"prompt_tokens": 186, "completion_tokens": 6, "total_tokens": 192, "token_count_source": "tokenizer"}, "decoding": {"temperature": 0.2, "top_p": null, "top_k": null, "max_tokens": 256, "seed": 42}, "prompt_tokens": 186, "completion_tokens": 6, "total_tokens": 192, "token_count_source": "tokenizer", "diffusion_steps": null, "flops_estimate": null, "flops_arch": null, "flops_model_params": null, "flops_active_params": null, "tokens_non_final": 3, "tokens_reasoning": 0, "tokens_response": 3, "elapsed_seconds": 0.4749104976654053, "judgement": "Good approximation"}
{"id": "travel_time_000368", "topic": "travel_time", "subtopic": "drive_time", "prompt": "You need to travel about 173 miles at around 55 mph. About how many hours will it take?", "exact_value": 3.152727272727273, "model": "tiiuae/Falcon-H1-7B-Instruct", "provider": "transformers", "response": "Final answer: 3", "numeric_answer": 3.0, "relative_error": 0.04844290657439449, "thinking_text": null, "has_tool_call": false, "tool_call": null, "usage": {"prompt_tokens": 186, "completion_tokens": 6, "total_tokens": 192, "token_count_source": "tokenizer"}, "decoding": {"temperature": 0.2, "top_p": null, "top_k": null, "max_tokens": 256, "seed": 42}, "prompt_tokens": 186, "completion_tokens": 6, "total_tokens": 192, "token_count_source": "tokenizer", "diffusion_steps": null, "flops_estimate": null, "flops_arch": null, "flops_model_params": null, "flops_active_params": null, "tokens_non_final": 3, "tokens_reasoning": 0, "tokens_response": 3, "elapsed_seconds": 0.4700050354003906, "judgement": "Good approximation"}
{"id": "travel_time_000388", "topic": "travel_time", "subtopic": "drive_time", "prompt": "You need to travel about 73 miles at around 25 mph. About how many hours will it take?", "exact_value": 2.92, "model": "tiiuae/Falcon-H1-7B-Instruct", "provider": "transformers", "response": "Final answer: 3", "numeric_answer": 3.0, "relative_error": 0.02739726027397263, "thinking_text": null, "has_tool_call": false, "tool_call": null, "usage": {"prompt_tokens": 185, "completion_tokens": 6, "total_tokens": 191, "token_count_source": "tokenizer"}, "decoding": {"temperature": 0.2, "top_p": null, "top_k": null, "max_tokens": 256, "seed": 42}, "prompt_tokens": 185, "completion_tokens": 6, "total_tokens": 191, "token_count_source": "tokenizer", "diffusion_steps": null, "flops_estimate": null, "flops_arch": null, "flops_model_params": null, "flops_active_params": null, "tokens_non_final": 3, "tokens_reasoning": 0, "tokens_response": 3, "elapsed_seconds": 0.49630284309387207, "judgement": "Good approximation"}
{"id": "travel_time_000408", "topic": "travel_time", "subtopic": "drive_time", "prompt": "You need to travel about 66 miles at around 65 mph. About how many hours will it take?", "exact_value": 1.0215384615384617, "model": "tiiuae/Falcon-H1-7B-Instruct", "provider": "transformers", "response": "Final answer: 1", "numeric_answer": 1.0, "relative_error": 0.021084337349397773, "thinking_text": null, "has_tool_call": false, "tool_call": null, "usage": {"prompt_tokens": 185, "completion_tokens": 6, "total_tokens": 191, "token_count_source": "tokenizer"}, "decoding": {"temperature": 0.2, "top_p": null, "top_k": null, "max_tokens": 256, "seed": 42}, "prompt_tokens": 185, "completion_tokens": 6, "total_tokens": 191, "token_count_source": "tokenizer", "diffusion_steps": null, "flops_estimate": null, "flops_arch": null, "flops_model_params": null, "flops_active_params": null, "tokens_non_final": 3, "tokens_reasoning": 0, "tokens_response": 3, "elapsed_seconds": 0.4761505126953125, "judgement": "Good approximation"}
{"id": "travel_time_000428", "topic": "travel_time", "subtopic": "drive_time", "prompt": "You need to travel about 18 miles at around 65 mph. About how many hours will it take?", "exact_value": 0.27999999999999997, "model": "tiiuae/Falcon-H1-7B-Instruct", "provider": "transformers", "response": "Final answer: 0.3", "numeric_answer": 0.3, "relative_error": 0.0714285714285715, "thinking_text": null, "has_tool_call": false, "tool_call": null, "usage": {"prompt_tokens": 185, "completion_tokens": 8, "total_tokens": 193, "token_count_source": "tokenizer"}, "decoding": {"temperature": 0.2, "top_p": null, "top_k": null, "max_tokens": 256, "seed": 42}, "prompt_tokens": 185, "completion_tokens": 8, "total_tokens": 193, "token_count_source": "tokenizer", "diffusion_steps": null, "flops_estimate": null, "flops_arch": null, "flops_model_params": null, "flops_active_params": null, "tokens_non_final": 3, "tokens_reasoning": 0, "tokens_response": 3, "elapsed_seconds": 0.6332542896270752, "judgement": "Good approximation"}
{"id": "travel_time_000448", "topic": "travel_time", "subtopic": "drive_time", "prompt": "You need to travel about 208 miles at around 35 mph. About how many hours will it take?", "exact_value": 5.951428571428572, "model": "tiiuae/Falcon-H1-7B-Instruct", "provider": "transformers", "response": "Final answer: 6", "numeric_answer": 6.0, "relative_error": 0.008161305808929339, "thinking_text": null, "has_tool_call": false, "tool_call": null, "usage": {"prompt_tokens": 186, "completion_tokens": 6, "total_tokens": 192, "token_count_source": "tokenizer"}, "decoding": {"temperature": 0.2, "top_p": null, "top_k": null, "max_tokens": 256, "seed": 42}, "prompt_tokens": 186, "completion_tokens": 6, "total_tokens": 192, "token_count_source": "tokenizer", "diffusion_steps": null, "flops_estimate": null, "flops_arch": null, "flops_model_params": null, "flops_active_params": null, "tokens_non_final": 3, "tokens_reasoning": 0, "tokens_response": 3, "elapsed_seconds": 0.5033226013183594, "judgement": "Good approximation"}
{"id": "travel_time_000468", "topic": "travel_time", "subtopic": "drive_time", "prompt": "You need to travel about 49 miles at around 35 mph. About how many hours will it take?", "exact_value": 1.3885714285714286, "model": "tiiuae/Falcon-H1-7B-Instruct", "provider": "transformers", "response": "Final answer: 2", "numeric_answer": 2.0, "relative_error": 0.4403292181069959, "thinking_text": null, "has_tool_call": false, "tool_call": null, "usage": {"prompt_tokens": 185, "completion_tokens": 6, "total_tokens": 191, "token_count_source": "tokenizer"}, "decoding": {"temperature": 0.2, "top_p": null, "top_k": null, "max_tokens": 256, "seed": 42}, "prompt_tokens": 185, "completion_tokens": 6, "total_tokens": 191, "token_count_source": "tokenizer", "diffusion_steps": null, "flops_estimate": null, "flops_arch": null, "flops_model_params": null, "flops_active_params": null, "tokens_non_final": 3, "tokens_reasoning": 0, "tokens_response": 3, "elapsed_seconds": 0.47904372215270996, "judgement": "Mildly off"}
{"id": "travel_time_000488", "topic": "travel_time", "subtopic": "drive_time", "prompt": "You need to travel about 85 miles at around 55 mph. About how many hours will it take?", "exact_value": 1.5454545454545454, "model": "tiiuae/Falcon-H1-7B-Instruct", "provider": "transformers", "response": "Final answer: 2", "numeric_answer": 2.0, "relative_error": 0.29411764705882354, "thinking_text": null, "has_tool_call": false, "tool_call": null, "usage": {"prompt_tokens": 185, "completion_tokens": 6, "total_tokens": 191, "token_count_source": "tokenizer"}, "decoding": {"temperature": 0.2, "top_p": null, "top_k": null, "max_tokens": 256, "seed": 42}, "prompt_tokens": 185, "completion_tokens": 6, "total_tokens": 191, "token_count_source": "tokenizer", "diffusion_steps": null, "flops_estimate": null, "flops_arch": null, "flops_model_params": null, "flops_active_params": null, "tokens_non_final": 3, "tokens_reasoning": 0, "tokens_response": 3, "elapsed_seconds": 0.5040061473846436, "judgement": "Mildly off"}
{"id": "travel_time_000508", "topic": "travel_time", "subtopic": "drive_time", "prompt": "You need to travel about 139 miles at around 35 mph. About how many hours will it take?", "exact_value": 3.9800000000000004, "model": "tiiuae/Falcon-H1-7B-Instruct", "provider": "transformers", "response": "Final answer: 4", "numeric_answer": 4.0, "relative_error": 0.005025125628140596, "thinking_text": null, "has_tool_call": false, "tool_call": null, "usage": {"prompt_tokens": 186, "completion_tokens": 6, "total_tokens": 192, "token_count_source": "tokenizer"}, "decoding": {"temperature": 0.2, "top_p": null, "top_k": null, "max_tokens": 256, "seed": 42}, "prompt_tokens": 186, "completion_tokens": 6, "total_tokens": 192, "token_count_source": "tokenizer", "diffusion_steps": null, "flops_estimate": null, "flops_arch": null, "flops_model_params": null, "flops_active_params": null, "tokens_non_final": 3, "tokens_reasoning": 0, "tokens_response": 3, "elapsed_seconds": 0.47887420654296875, "judgement": "Good approximation"}
{"id": "travel_time_000528", "topic": "travel_time", "subtopic": "drive_time", "prompt": "You need to travel about 203 miles at around 45 mph. About how many hours will it take?", "exact_value": 4.511111111111111, "model": "tiiuae/Falcon-H1-7B-Instruct", "provider": "transformers", "response": "Final answer: 5", "numeric_answer": 5.0, "relative_error": 0.10837438423645321, "thinking_text": null, "has_tool_call": false, "tool_call": null, "usage": {"prompt_tokens": 186, "completion_tokens": 6, "total_tokens": 192, "token_count_source": "tokenizer"}, "decoding": {"temperature": 0.2, "top_p": null, "top_k": null, "max_tokens": 256, "seed": 42}, "prompt_tokens": 186, "completion_tokens": 6, "total_tokens": 192, "token_count_source": "tokenizer", "diffusion_steps": null, "flops_estimate": null, "flops_arch": null, "flops_model_params": null, "flops_active_params": null, "tokens_non_final": 3, "tokens_reasoning": 0, "tokens_response": 3, "elapsed_seconds": 0.4741239547729492, "judgement": "Good approximation"}
{"id": "travel_time_000548", "topic": "travel_time", "subtopic": "drive_time", "prompt": "You need to travel about 71 miles at around 65 mph. About how many hours will it take?", "exact_value": 1.0953846153846154, "model": "tiiuae/Falcon-H1-7B-Instruct", "provider": "transformers", "response": "Final answer: 1.1", "numeric_answer": 1.1, "relative_error": 0.0042134831460674815, "thinking_text": null, "has_tool_call": false, "tool_call": null, "usage": {"prompt_tokens": 185, "completion_tokens": 8, "total_tokens": 193, "token_count_source": "tokenizer"}, "decoding": {"temperature": 0.2, "top_p": null, "top_k": null, "max_tokens": 256, "seed": 42}, "prompt_tokens": 185, "completion_tokens": 8, "total_tokens": 193, "token_count_source": "tokenizer", "diffusion_steps": null, "flops_estimate": null, "flops_arch": null, "flops_model_params": null, "flops_active_params": null, "tokens_non_final": 3, "tokens_reasoning": 0, "tokens_response": 3, "elapsed_seconds": 0.6422779560089111, "judgement": "Good approximation"}
{"id": "travel_time_000568", "topic": "travel_time", "subtopic": "drive_time", "prompt": "You need to travel about 167 miles at around 45 mph. About how many hours will it take?", "exact_value": 3.7022222222222223, "model": "tiiuae/Falcon-H1-7B-Instruct", "provider": "transformers", "response": "Final answer: 4", "numeric_answer": 4.0, "relative_error": 0.08043217286914764, "thinking_text": null, "has_tool_call": false, "tool_call": null, "usage": {"prompt_tokens": 186, "completion_tokens": 6, "total_tokens": 192, "token_count_source": "tokenizer"}, "decoding": {"temperature": 0.2, "top_p": null, "top_k": null, "max_tokens": 256, "seed": 42}, "prompt_tokens": 186, "completion_tokens": 6, "total_tokens": 192, "token_count_source": "tokenizer", "diffusion_steps": null, "flops_estimate": null, "flops_arch": null, "flops_model_params": null, "flops_active_params": null, "tokens_non_final": 3, "tokens_reasoning": 0, "tokens_response": 3, "elapsed_seconds": 0.4843916893005371, "judgement": "Good approximation"}
{"id": "travel_time_000588", "topic": "travel_time", "subtopic": "drive_time", "prompt": "You need to travel about 59 miles at around 25 mph. About how many hours will it take?", "exact_value": 2.344, "model": "tiiuae/Falcon-H1-7B-Instruct", "provider": "transformers", "response": "Final answer: 3", "numeric_answer": 3.0, "relative_error": 0.279863481228669, "thinking_text": null, "has_tool_call": false, "tool_call": null, "usage": {"prompt_tokens": 185, "completion_tokens": 6, "total_tokens": 191, "token_count_source": "tokenizer"}, "decoding": {"temperature": 0.2, "top_p": null, "top_k": null, "max_tokens": 256, "seed": 42}, "prompt_tokens": 185, "completion_tokens": 6, "total_tokens": 191, "token_count_source": "tokenizer", "diffusion_steps": null, "flops_estimate": null, "flops_arch": null, "flops_model_params": null, "flops_active_params": null, "tokens_non_final": 3, "tokens_reasoning": 0, "tokens_response": 3, "elapsed_seconds": 0.505526065826416, "judgement": "Mildly off"}
{"id": "travel_time_000608", "topic": "travel_time", "subtopic": "drive_time", "prompt": "You need to travel about 87 miles at around 25 mph. About how many hours will it take?", "exact_value": 3.468, "model": "tiiuae/Falcon-H1-7B-Instruct", "provider": "transformers", "response": "Final answer: 4", "numeric_answer": 4.0, "relative_error": 0.15340253748558247, "thinking_text": null, "has_tool_call": false, "tool_call": null, "usage": {"prompt_tokens": 185, "completion_tokens": 6, "total_tokens": 191, "token_count_source": "tokenizer"}, "decoding": {"temperature": 0.2, "top_p": null, "top_k": null, "max_tokens": 256, "seed": 42}, "prompt_tokens": 185, "completion_tokens": 6, "total_tokens": 191, "token_count_source": "tokenizer", "diffusion_steps": null, "flops_estimate": null, "flops_arch": null, "flops_model_params": null, "flops_active_params": null, "tokens_non_final": 3, "tokens_reasoning": 0, "tokens_response": 3, "elapsed_seconds": 0.46977758407592773, "judgement": "Good approximation"}
{"id": "travel_time_000628", "topic": "travel_time", "subtopic": "drive_time", "prompt": "You need to travel about 236 miles at around 45 mph. About how many hours will it take?", "exact_value": 5.2444444444444445, "model": "tiiuae/Falcon-H1-7B-Instruct", "provider": "transformers", "response": "Final answer: 5", "numeric_answer": 5.0, "relative_error": 0.046610169491525424, "thinking_text": null, "has_tool_call": false, "tool_call": null, "usage": {"prompt_tokens": 186, "completion_tokens": 6, "total_tokens": 192, "token_count_source": "tokenizer"}, "decoding": {"temperature": 0.2, "top_p": null, "top_k": null, "max_tokens": 256, "seed": 42}, "prompt_tokens": 186, "completion_tokens": 6, "total_tokens": 192, "token_count_source": "tokenizer", "diffusion_steps": null, "flops_estimate": null, "flops_arch": null, "flops_model_params": null, "flops_active_params": null, "tokens_non_final": 3, "tokens_reasoning": 0, "tokens_response": 3, "elapsed_seconds": 0.4875481128692627, "judgement": "Good approximation"}
{"id": "travel_time_000648", "topic": "travel_time", "subtopic": "drive_time", "prompt": "You need to travel about 202 miles at around 45 mph. About how many hours will it take?", "exact_value": 4.497777777777778, "model": "tiiuae/Falcon-H1-7B-Instruct", "provider": "transformers", "response": "Final answer: 5", "numeric_answer": 5.0, "relative_error": 0.11166007905138327, "thinking_text": null, "has_tool_call": false, "tool_call": null, "usage": {"prompt_tokens": 186, "completion_tokens": 6, "total_tokens": 192, "token_count_source": "tokenizer"}, "decoding": {"temperature": 0.2, "top_p": null, "top_k": null, "max_tokens": 256, "seed": 42}, "prompt_tokens": 186, "completion_tokens": 6, "total_tokens": 192, "token_count_source": "tokenizer", "diffusion_steps": null, "flops_estimate": null, "flops_arch": null, "flops_model_params": null, "flops_active_params": null, "tokens_non_final": 3, "tokens_reasoning": 0, "tokens_response": 3, "elapsed_seconds": 0.4679865837097168, "judgement": "Good approximation"}
{"id": "travel_time_000668", "topic": "travel_time", "subtopic": "drive_time", "prompt": "You need to travel about 140 miles at around 25 mph. About how many hours will it take?", "exact_value": 5.6160000000000005, "model": "tiiuae/Falcon-H1-7B-Instruct", "provider": "transformers", "response": "Final answer: 6", "numeric_answer": 6.0, "relative_error": 0.06837606837606827, "thinking_text": null, "has_tool_call": false, "tool_call": null, "usage": {"prompt_tokens": 186, "completion_tokens": 6, "total_tokens": 192, "token_count_source": "tokenizer"}, "decoding": {"temperature": 0.2, "top_p": null, "top_k": null, "max_tokens": 256, "seed": 42}, "prompt_tokens": 186, "completion_tokens": 6, "total_tokens": 192, "token_count_source": "tokenizer", "diffusion_steps": null, "flops_estimate": null, "flops_arch": null, "flops_model_params": null, "flops_active_params": null, "tokens_non_final": 3, "tokens_reasoning": 0, "tokens_response": 3, "elapsed_seconds": 0.46621036529541016, "judgement": "Good approximation"}
{"id": "travel_time_000688", "topic": "travel_time", "subtopic": "drive_time", "prompt": "You need to travel about 10 miles at around 65 mph. About how many hours will it take?", "exact_value": 0.1523076923076923, "model": "tiiuae/Falcon-H1-7B-Instruct", "provider": "transformers", "response": "Final answer: 0.154", "numeric_answer": 0.154, "relative_error": 0.011111111111111079, "thinking_text": null, "has_tool_call": false, "tool_call": null, "usage": {"prompt_tokens": 185, "completion_tokens": 10, "total_tokens": 195, "token_count_source": "tokenizer"}, "decoding": {"temperature": 0.2, "top_p": null, "top_k": null, "max_tokens": 256, "seed": 42}, "prompt_tokens": 185, "completion_tokens": 10, "total_tokens": 195, "token_count_source": "tokenizer", "diffusion_steps": null, "flops_estimate": null, "flops_arch": null, "flops_model_params": null, "flops_active_params": null, "tokens_non_final": 3, "tokens_reasoning": 0, "tokens_response": 3, "elapsed_seconds": 0.7821304798126221, "judgement": "Good approximation"}
{"id": "travel_time_000708", "topic": "travel_time", "subtopic": "drive_time", "prompt": "You need to travel about 187 miles at around 35 mph. About how many hours will it take?", "exact_value": 5.345714285714285, "model": "tiiuae/Falcon-H1-7B-Instruct", "provider": "transformers", "response": "Final answer: 6", "numeric_answer": 6.0, "relative_error": 0.1223944414751471, "thinking_text": null, "has_tool_call": false, "tool_call": null, "usage": {"prompt_tokens": 186, "completion_tokens": 6, "total_tokens": 192, "token_count_source": "tokenizer"}, "decoding": {"temperature": 0.2, "top_p": null, "top_k": null, "max_tokens": 256, "seed": 42}, "prompt_tokens": 186, "completion_tokens": 6, "total_tokens": 192, "token_count_source": "tokenizer", "diffusion_steps": null, "flops_estimate": null, "flops_arch": null, "flops_model_params": null, "flops_active_params": null, "tokens_non_final": 3, "tokens_reasoning": 0, "tokens_response": 3, "elapsed_seconds": 0.4786667823791504, "judgement": "Good approximation"}
{"id": "travel_time_000728", "topic": "travel_time", "subtopic": "drive_time", "prompt": "You need to travel about 85 miles at around 35 mph. About how many hours will it take?", "exact_value": 2.42, "model": "tiiuae/Falcon-H1-7B-Instruct", "provider": "transformers", "response": "Final answer: 3", "numeric_answer": 3.0, "relative_error": 0.23966942148760334, "thinking_text": null, "has_tool_call": false, "tool_call": null, "usage": {"prompt_tokens": 185, "completion_tokens": 6, "total_tokens": 191, "token_count_source": "tokenizer"}, "decoding": {"temperature": 0.2, "top_p": null, "top_k": null, "max_tokens": 256, "seed": 42}, "prompt_tokens": 185, "completion_tokens": 6, "total_tokens": 191, "token_count_source": "tokenizer", "diffusion_steps": null, "flops_estimate": null, "flops_arch": null, "flops_model_params": null, "flops_active_params": null, "tokens_non_final": 3, "tokens_reasoning": 0, "tokens_response": 3, "elapsed_seconds": 0.47003817558288574, "judgement": "Mildly off"}
{"id": "travel_time_000748", "topic": "travel_time", "subtopic": "drive_time", "prompt": "You need to travel about 45 miles at around 55 mph. About how many hours will it take?", "exact_value": 0.8200000000000001, "model": "tiiuae/Falcon-H1-7B-Instruct", "provider": "transformers", "response": "Final answer: 1", "numeric_answer": 1.0, "relative_error": 0.21951219512195114, "thinking_text": null, "has_tool_call": false, "tool_call": null, "usage": {"prompt_tokens": 185, "completion_tokens": 6, "total_tokens": 191, "token_count_source": "tokenizer"}, "decoding": {"temperature": 0.2, "top_p": null, "top_k": null, "max_tokens": 256, "seed": 42}, "prompt_tokens": 185, "completion_tokens": 6, "total_tokens": 191, "token_count_source": "tokenizer", "diffusion_steps": null, "flops_estimate": null, "flops_arch": null, "flops_model_params": null, "flops_active_params": null, "tokens_non_final": 3, "tokens_reasoning": 0, "tokens_response": 3, "elapsed_seconds": 0.49791693687438965, "judgement": "Mildly off"}
{"id": "travel_time_000768", "topic": "travel_time", "subtopic": "drive_time", "prompt": "You need to travel about 174 miles at around 55 mph. About how many hours will it take?", "exact_value": 3.1563636363636363, "model": "tiiuae/Falcon-H1-7B-Instruct", "provider": "transformers", "response": "Final answer: 3", "numeric_answer": 3.0, "relative_error": 0.04953917050691241, "thinking_text": null, "has_tool_call": false, "tool_call": null, "usage": {"prompt_tokens": 186, "completion_tokens": 6, "total_tokens": 192, "token_count_source": "tokenizer"}, "decoding": {"temperature": 0.2, "top_p": null, "top_k": null, "max_tokens": 256, "seed": 42}, "prompt_tokens": 186, "completion_tokens": 6, "total_tokens": 192, "token_count_source": "tokenizer", "diffusion_steps": null, "flops_estimate": null, "flops_arch": null, "flops_model_params": null, "flops_active_params": null, "tokens_non_final": 3, "tokens_reasoning": 0, "tokens_response": 3, "elapsed_seconds": 0.4708526134490967, "judgement": "Good approximation"}
{"id": "travel_time_000788", "topic": "travel_time", "subtopic": "drive_time", "prompt": "You need to travel about 88 miles at around 65 mph. About how many hours will it take?", "exact_value": 1.3507692307692307, "model": "tiiuae/Falcon-H1-7B-Instruct", "provider": "transformers", "response": "Final answer: 1.5", "numeric_answer": 1.5, "relative_error": 0.11047835990888387, "thinking_text": null, "has_tool_call": false, "tool_call": null, "usage": {"prompt_tokens": 185, "completion_tokens": 8, "total_tokens": 193, "token_count_source": "tokenizer"}, "decoding": {"temperature": 0.2, "top_p": null, "top_k": null, "max_tokens": 256, "seed": 42}, "prompt_tokens": 185, "completion_tokens": 8, "total_tokens": 193, "token_count_source": "tokenizer", "diffusion_steps": null, "flops_estimate": null, "flops_arch": null, "flops_model_params": null, "flops_active_params": null, "tokens_non_final": 3, "tokens_reasoning": 0, "tokens_response": 3, "elapsed_seconds": 0.6166629791259766, "judgement": "Good approximation"}
{"id": "travel_time_000808", "topic": "travel_time", "subtopic": "drive_time", "prompt": "You need to travel about 224 miles at around 35 mph. About how many hours will it take?", "exact_value": 6.402857142857143, "model": "tiiuae/Falcon-H1-7B-Instruct", "provider": "transformers", "response": "Final answer: 7", "numeric_answer": 7.0, "relative_error": 0.09326193663543059, "thinking_text": null, "has_tool_call": false, "tool_call": null, "usage": {"prompt_tokens": 186, "completion_tokens": 6, "total_tokens": 192, "token_count_source": "tokenizer"}, "decoding": {"temperature": 0.2, "top_p": null, "top_k": null, "max_tokens": 256, "seed": 42}, "prompt_tokens": 186, "completion_tokens": 6, "total_tokens": 192, "token_count_source": "tokenizer", "diffusion_steps": null, "flops_estimate": null, "flops_arch": null, "flops_model_params": null, "flops_active_params": null, "tokens_non_final": 3, "tokens_reasoning": 0, "tokens_response": 3, "elapsed_seconds": 0.4946324825286865, "judgement": "Good approximation"}
{"id": "travel_time_000828", "topic": "travel_time", "subtopic": "drive_time", "prompt": "You need to travel about 153 miles at around 45 mph. About how many hours will it take?", "exact_value": 3.391111111111111, "model": "tiiuae/Falcon-H1-7B-Instruct", "provider": "transformers", "response": "Final answer: 4", "numeric_answer": 4.0, "relative_error": 0.17955439056356493, "thinking_text": null, "has_tool_call": false, "tool_call": null, "usage": {"prompt_tokens": 186, "completion_tokens": 6, "total_tokens": 192, "token_count_source": "tokenizer"}, "decoding": {"temperature": 0.2, "top_p": null, "top_k": null, "max_tokens": 256, "seed": 42}, "prompt_tokens": 186, "completion_tokens": 6, "total_tokens": 192, "token_count_source": "tokenizer", "diffusion_steps": null, "flops_estimate": null, "flops_arch": null, "flops_model_params": null, "flops_active_params": null, "tokens_non_final": 3, "tokens_reasoning": 0, "tokens_response": 3, "elapsed_seconds": 0.4775359630584717, "judgement": "Good approximation"}
{"id": "travel_time_000848", "topic": "travel_time", "subtopic": "drive_time", "prompt": "You need to travel about 192 miles at around 25 mph. About how many hours will it take?", "exact_value": 7.7, "model": "tiiuae/Falcon-H1-7B-Instruct", "provider": "transformers", "response": "Final answer: 8", "numeric_answer": 8.0, "relative_error": 0.03896103896103894, "thinking_text": null, "has_tool_call": false, "tool_call": null, "usage": {"prompt_tokens": 186, "completion_tokens": 6, "total_tokens": 192, "token_count_source": "tokenizer"}, "decoding": {"temperature": 0.2, "top_p": null, "top_k": null, "max_tokens": 256, "seed": 42}, "prompt_tokens": 186, "completion_tokens": 6, "total_tokens": 192, "token_count_source": "tokenizer", "diffusion_steps": null, "flops_estimate": null, "flops_arch": null, "flops_model_params": null, "flops_active_params": null, "tokens_non_final": 3, "tokens_reasoning": 0, "tokens_response": 3, "elapsed_seconds": 0.4987213611602783, "judgement": "Good approximation"}
{"id": "travel_time_000868", "topic": "travel_time", "subtopic": "drive_time", "prompt": "You need to travel about 145 miles at around 25 mph. About how many hours will it take?", "exact_value": 5.792000000000001, "model": "tiiuae/Falcon-H1-7B-Instruct", "provider": "transformers", "response": "Final answer: 6", "numeric_answer": 6.0, "relative_error": 0.035911602209944625, "thinking_text": null, "has_tool_call": false, "tool_call": null, "usage": {"prompt_tokens": 186, "completion_tokens": 6, "total_tokens": 192, "token_count_source": "tokenizer"}, "decoding": {"temperature": 0.2, "top_p": null, "top_k": null, "max_tokens": 256, "seed": 42}, "prompt_tokens": 186, "completion_tokens": 6, "total_tokens": 192, "token_count_source": "tokenizer", "diffusion_steps": null, "flops_estimate": null, "flops_arch": null, "flops_model_params": null, "flops_active_params": null, "tokens_non_final": 3, "tokens_reasoning": 0, "tokens_response": 3, "elapsed_seconds": 0.47653698921203613, "judgement": "Good approximation"}
{"id": "travel_time_000888", "topic": "travel_time", "subtopic": "drive_time", "prompt": "You need to travel about 231 miles at around 45 mph. About how many hours will it take?", "exact_value": 5.1288888888888895, "model": "tiiuae/Falcon-H1-7B-Instruct", "provider": "transformers", "response": "Final answer: 5", "numeric_answer": 5.0, "relative_error": 0.025129982668977584, "thinking_text": null, "has_tool_call": false, "tool_call": null, "usage": {"prompt_tokens": 186, "completion_tokens": 6, "total_tokens": 192, "token_count_source": "tokenizer"}, "decoding": {"temperature": 0.2, "top_p": null, "top_k": null, "max_tokens": 256, "seed": 42}, "prompt_tokens": 186, "completion_tokens": 6, "total_tokens": 192, "token_count_source": "tokenizer", "diffusion_steps": null, "flops_estimate": null, "flops_arch": null, "flops_model_params": null, "flops_active_params": null, "tokens_non_final": 3, "tokens_reasoning": 0, "tokens_response": 3, "elapsed_seconds": 0.5153226852416992, "judgement": "Good approximation"}
{"id": "travel_time_000908", "topic": "travel_time", "subtopic": "drive_time", "prompt": "You need to travel about 116 miles at around 55 mph. About how many hours will it take?", "exact_value": 2.1163636363636367, "model": "tiiuae/Falcon-H1-7B-Instruct", "provider": "transformers", "response": "Final answer: 2", "numeric_answer": 2.0, "relative_error": 0.054982817869415945, "thinking_text": null, "has_tool_call": false, "tool_call": null, "usage": {"prompt_tokens": 186, "completion_tokens": 6, "total_tokens": 192, "token_count_source": "tokenizer"}, "decoding": {"temperature": 0.2, "top_p": null, "top_k": null, "max_tokens": 256, "seed": 42}, "prompt_tokens": 186, "completion_tokens": 6, "total_tokens": 192, "token_count_source": "tokenizer", "diffusion_steps": null, "flops_estimate": null, "flops_arch": null, "flops_model_params": null, "flops_active_params": null, "tokens_non_final": 3, "tokens_reasoning": 0, "tokens_response": 3, "elapsed_seconds": 0.4972667694091797, "judgement": "Good approximation"}
{"id": "travel_time_000928", "topic": "travel_time", "subtopic": "drive_time", "prompt": "You need to travel about 63 miles at around 55 mph. About how many hours will it take?", "exact_value": 1.1454545454545455, "model": "tiiuae/Falcon-H1-7B-Instruct", "provider": "transformers", "response": "Final answer: 1", "numeric_answer": 1.0, "relative_error": 0.12698412698412703, "thinking_text": null, "has_tool_call": false, "tool_call": null, "usage": {"prompt_tokens": 185, "completion_tokens": 6, "total_tokens": 191, "token_count_source": "tokenizer"}, "decoding": {"temperature": 0.2, "top_p": null, "top_k": null, "max_tokens": 256, "seed": 42}, "prompt_tokens": 185, "completion_tokens": 6, "total_tokens": 191, "token_count_source": "tokenizer", "diffusion_steps": null, "flops_estimate": null, "flops_arch": null, "flops_model_params": null, "flops_active_params": null, "tokens_non_final": 3, "tokens_reasoning": 0, "tokens_response": 3, "elapsed_seconds": 0.4921882152557373, "judgement": "Good approximation"}
{"id": "travel_time_000948", "topic": "travel_time", "subtopic": "drive_time", "prompt": "You need to travel about 186 miles at around 65 mph. About how many hours will it take?", "exact_value": 2.8584615384615386, "model": "tiiuae/Falcon-H1-7B-Instruct", "provider": "transformers", "response": "Final answer: 3", "numeric_answer": 3.0, "relative_error": 0.04951560818083956, "thinking_text": null, "has_tool_call": false, "tool_call": null, "usage": {"prompt_tokens": 186, "completion_tokens": 6, "total_tokens": 192, "token_count_source": "tokenizer"}, "decoding": {"temperature": 0.2, "top_p": null, "top_k": null, "max_tokens": 256, "seed": 42}, "prompt_tokens": 186, "completion_tokens": 6, "total_tokens": 192, "token_count_source": "tokenizer", "diffusion_steps": null, "flops_estimate": null, "flops_arch": null, "flops_model_params": null, "flops_active_params": null, "tokens_non_final": 3, "tokens_reasoning": 0, "tokens_response": 3, "elapsed_seconds": 0.47030019760131836, "judgement": "Good approximation"}
{"id": "travel_time_000968", "topic": "travel_time", "subtopic": "drive_time", "prompt": "You need to travel about 108 miles at around 55 mph. About how many hours will it take?", "exact_value": 1.9672727272727273, "model": "tiiuae/Falcon-H1-7B-Instruct", "provider": "transformers", "response": "Final answer: 2", "numeric_answer": 2.0, "relative_error": 0.016635859519408498, "thinking_text": null, "has_tool_call": false, "tool_call": null, "usage": {"prompt_tokens": 186, "completion_tokens": 6, "total_tokens": 192, "token_count_source": "tokenizer"}, "decoding": {"temperature": 0.2, "top_p": null, "top_k": null, "max_tokens": 256, "seed": 42}, "prompt_tokens": 186, "completion_tokens": 6, "total_tokens": 192, "token_count_source": "tokenizer", "diffusion_steps": null, "flops_estimate": null, "flops_arch": null, "flops_model_params": null, "flops_active_params": null, "tokens_non_final": 3, "tokens_reasoning": 0, "tokens_response": 3, "elapsed_seconds": 0.502070426940918, "judgement": "Good approximation"}
{"id": "travel_time_000988", "topic": "travel_time", "subtopic": "drive_time", "prompt": "You need to travel about 156 miles at around 55 mph. About how many hours will it take?", "exact_value": 2.838181818181818, "model": "tiiuae/Falcon-H1-7B-Instruct", "provider": "transformers", "response": "Final answer: 3", "numeric_answer": 3.0, "relative_error": 0.05701473414477909, "thinking_text": null, "has_tool_call": false, "tool_call": null, "usage": {"prompt_tokens": 186, "completion_tokens": 6, "total_tokens": 192, "token_count_source": "tokenizer"}, "decoding": {"temperature": 0.2, "top_p": null, "top_k": null, "max_tokens": 256, "seed": 42}, "prompt_tokens": 186, "completion_tokens": 6, "total_tokens": 192, "token_count_source": "tokenizer", "diffusion_steps": null, "flops_estimate": null, "flops_arch": null, "flops_model_params": null, "flops_active_params": null, "tokens_non_final": 3, "tokens_reasoning": 0, "tokens_response": 3, "elapsed_seconds": 0.5052545070648193, "judgement": "Good approximation"}
{"id": "travel_time_001008", "topic": "travel_time", "subtopic": "drive_time", "prompt": "You need to travel about 74 miles at around 25 mph. About how many hours will it take?", "exact_value": 2.948, "model": "tiiuae/Falcon-H1-7B-Instruct", "provider": "transformers", "response": "Final answer: 3", "numeric_answer": 3.0, "relative_error": 0.017639077340569895, "thinking_text": null, "has_tool_call": false, "tool_call": null, "usage": {"prompt_tokens": 185, "completion_tokens": 6, "total_tokens": 191, "token_count_source": "tokenizer"}, "decoding": {"temperature": 0.2, "top_p": null, "top_k": null, "max_tokens": 256, "seed": 42}, "prompt_tokens": 185, "completion_tokens": 6, "total_tokens": 191, "token_count_source": "tokenizer", "diffusion_steps": null, "flops_estimate": null, "flops_arch": null, "flops_model_params": null, "flops_active_params": null, "tokens_non_final": 3, "tokens_reasoning": 0, "tokens_response": 3, "elapsed_seconds": 0.4993581771850586, "judgement": "Good approximation"}
{"id": "travel_time_001028", "topic": "travel_time", "subtopic": "drive_time", "prompt": "You need to travel about 51 miles at around 55 mph. About how many hours will it take?", "exact_value": 0.9309090909090909, "model": "tiiuae/Falcon-H1-7B-Instruct", "provider": "transformers", "response": "Final answer: 1", "numeric_answer": 1.0, "relative_error": 0.07421875, "thinking_text": null, "has_tool_call": false, "tool_call": null, "usage": {"prompt_tokens": 185, "completion_tokens": 6, "total_tokens": 191, "token_count_source": "tokenizer"}, "decoding": {"temperature": 0.2, "top_p": null, "top_k": null, "max_tokens": 256, "seed": 42}, "prompt_tokens": 185, "completion_tokens": 6, "total_tokens": 191, "token_count_source": "tokenizer", "diffusion_steps": null, "flops_estimate": null, "flops_arch": null, "flops_model_params": null, "flops_active_params": null, "tokens_non_final": 3, "tokens_reasoning": 0, "tokens_response": 3, "elapsed_seconds": 0.48745083808898926, "judgement": "Good approximation"}
{"id": "travel_time_001048", "topic": "travel_time", "subtopic": "drive_time", "prompt": "You need to travel about 216 miles at around 35 mph. About how many hours will it take?", "exact_value": 6.180000000000001, "model": "tiiuae/Falcon-H1-7B-Instruct", "provider": "transformers", "response": "Final answer: 6", "numeric_answer": 6.0, "relative_error": 0.029126213592233104, "thinking_text": null, "has_tool_call": false, "tool_call": null, "usage": {"prompt_tokens": 186, "completion_tokens": 6, "total_tokens": 192, "token_count_source": "tokenizer"}, "decoding": {"temperature": 0.2, "top_p": null, "top_k": null, "max_tokens": 256, "seed": 42}, "prompt_tokens": 186, "completion_tokens": 6, "total_tokens": 192, "token_count_source": "tokenizer", "diffusion_steps": null, "flops_estimate": null, "flops_arch": null, "flops_model_params": null, "flops_active_params": null, "tokens_non_final": 3, "tokens_reasoning": 0, "tokens_response": 3, "elapsed_seconds": 0.4918365478515625, "judgement": "Good approximation"}
{"id": "travel_time_001068", "topic": "travel_time", "subtopic": "drive_time", "prompt": "You need to travel about 183 miles at around 25 mph. About how many hours will it take?", "exact_value": 7.308, "model": "tiiuae/Falcon-H1-7B-Instruct", "provider": "transformers", "response": "Final answer: 7", "numeric_answer": 7.0, "relative_error": 0.04214559386973178, "thinking_text": null, "has_tool_call": false, "tool_call": null, "usage": {"prompt_tokens": 186, "completion_tokens": 6, "total_tokens": 192, "token_count_source": "tokenizer"}, "decoding": {"temperature": 0.2, "top_p": null, "top_k": null, "max_tokens": 256, "seed": 42}, "prompt_tokens": 186, "completion_tokens": 6, "total_tokens": 192, "token_count_source": "tokenizer", "diffusion_steps": null, "flops_estimate": null, "flops_arch": null, "flops_model_params": null, "flops_active_params": null, "tokens_non_final": 3, "tokens_reasoning": 0, "tokens_response": 3, "elapsed_seconds": 0.4734683036804199, "judgement": "Good approximation"}
{"id": "physics_estimate_000112", "topic": "physics_estimate", "subtopic": "fill_rate", "prompt": "A faucet fills 40 liters at about 6 liters per minute. About how many minutes does it take?", "exact_value": 6.666666666666667, "model": "tiiuae/Falcon-H1-7B-Instruct", "provider": "transformers", "response": "Final answer: 7", "numeric_answer": 7.0, "relative_error": 0.049999999999999954, "thinking_text": null, "has_tool_call": false, "tool_call": null, "usage": {"prompt_tokens": 184, "completion_tokens": 6, "total_tokens": 190, "token_count_source": "tokenizer"}, "decoding": {"temperature": 0.2, "top_p": null, "top_k": null, "max_tokens": 256, "seed": 42}, "prompt_tokens": 184, "completion_tokens": 6, "total_tokens": 190, "token_count_source": "tokenizer", "diffusion_steps": null, "flops_estimate": null, "flops_arch": null, "flops_model_params": null, "flops_active_params": null, "tokens_non_final": 3, "tokens_reasoning": 0, "tokens_response": 3, "elapsed_seconds": 0.5062572956085205, "judgement": "Good approximation"}
{"id": "physics_estimate_000132", "topic": "physics_estimate", "subtopic": "fill_rate", "prompt": "A faucet fills 10 liters at about 6 liters per minute. About how many minutes does it take?", "exact_value": 1.6666666666666667, "model": "tiiuae/Falcon-H1-7B-Instruct", "provider": "transformers", "response": "Final answer: 2", "numeric_answer": 2.0, "relative_error": 0.19999999999999996, "thinking_text": null, "has_tool_call": false, "tool_call": null, "usage": {"prompt_tokens": 184, "completion_tokens": 6, "total_tokens": 190, "token_count_source": "tokenizer"}, "decoding": {"temperature": 0.2, "top_p": null, "top_k": null, "max_tokens": 256, "seed": 42}, "prompt_tokens": 184, "completion_tokens": 6, "total_tokens": 190, "token_count_source": "tokenizer", "diffusion_steps": null, "flops_estimate": null, "flops_arch": null, "flops_model_params": null, "flops_active_params": null, "tokens_non_final": 3, "tokens_reasoning": 0, "tokens_response": 3, "elapsed_seconds": 0.4771296977996826, "judgement": "Good approximation"}
{"id": "physics_estimate_000152", "topic": "physics_estimate", "subtopic": "fill_rate", "prompt": "A faucet fills 10 liters at about 7 liters per minute. About how many minutes does it take?", "exact_value": 1.4285714285714286, "model": "tiiuae/Falcon-H1-7B-Instruct", "provider": "transformers", "response": "Final answer: 2", "numeric_answer": 2.0, "relative_error": 0.39999999999999997, "thinking_text": null, "has_tool_call": false, "tool_call": null, "usage": {"prompt_tokens": 184, "completion_tokens": 6, "total_tokens": 190, "token_count_source": "tokenizer"}, "decoding": {"temperature": 0.2, "top_p": null, "top_k": null, "max_tokens": 256, "seed": 42}, "prompt_tokens": 184, "completion_tokens": 6, "total_tokens": 190, "token_count_source": "tokenizer", "diffusion_steps": null, "flops_estimate": null, "flops_arch": null, "flops_model_params": null, "flops_active_params": null, "tokens_non_final": 3, "tokens_reasoning": 0, "tokens_response": 3, "elapsed_seconds": 0.5001542568206787, "judgement": "Mildly off"}
{"id": "physics_estimate_000172", "topic": "physics_estimate", "subtopic": "fill_rate", "prompt": "A faucet fills 15 liters at about 6 liters per minute. About how many minutes does it take?", "exact_value": 2.5, "model": "tiiuae/Falcon-H1-7B-Instruct", "provider": "transformers", "response": "Final answer: 3", "numeric_answer": 3.0, "relative_error": 0.2, "thinking_text": null, "has_tool_call": false, "tool_call": null, "usage": {"prompt_tokens": 184, "completion_tokens": 6, "total_tokens": 190, "token_count_source": "tokenizer"}, "decoding": {"temperature": 0.2, "top_p": null, "top_k": null, "max_tokens": 256, "seed": 42}, "prompt_tokens": 184, "completion_tokens": 6, "total_tokens": 190, "token_count_source": "tokenizer", "diffusion_steps": null, "flops_estimate": null, "flops_arch": null, "flops_model_params": null, "flops_active_params": null, "tokens_non_final": 3, "tokens_reasoning": 0, "tokens_response": 3, "elapsed_seconds": 0.50058913230896, "judgement": "Good approximation"}
{"id": "physics_estimate_000192", "topic": "physics_estimate", "subtopic": "fill_rate", "prompt": "A faucet fills 15 liters at about 8 liters per minute. About how many minutes does it take?", "exact_value": 1.875, "model": "tiiuae/Falcon-H1-7B-Instruct", "provider": "transformers", "response": "Final answer: 2", "numeric_answer": 2.0, "relative_error": 0.06666666666666667, "thinking_text": null, "has_tool_call": false, "tool_call": null, "usage": {"prompt_tokens": 184, "completion_tokens": 6, "total_tokens": 190, "token_count_source": "tokenizer"}, "decoding": {"temperature": 0.2, "top_p": null, "top_k": null, "max_tokens": 256, "seed": 42}, "prompt_tokens": 184, "completion_tokens": 6, "total_tokens": 190, "token_count_source": "tokenizer", "diffusion_steps": null, "flops_estimate": null, "flops_arch": null, "flops_model_params": null, "flops_active_params": null, "tokens_non_final": 3, "tokens_reasoning": 0, "tokens_response": 3, "elapsed_seconds": 0.501002311706543, "judgement": "Good approximation"}
{"id": "physics_estimate_000212", "topic": "physics_estimate", "subtopic": "fill_rate", "prompt": "A faucet fills 50 liters at about 6 liters per minute. About how many minutes does it take?", "exact_value": 8.333333333333334, "model": "tiiuae/Falcon-H1-7B-Instruct", "provider": "transformers", "response": "Final answer: 9", "numeric_answer": 9.0, "relative_error": 0.07999999999999992, "thinking_text": null, "has_tool_call": false, "tool_call": null, "usage": {"prompt_tokens": 184, "completion_tokens": 6, "total_tokens": 190, "token_count_source": "tokenizer"}, "decoding": {"temperature": 0.2, "top_p": null, "top_k": null, "max_tokens": 256, "seed": 42}, "prompt_tokens": 184, "completion_tokens": 6, "total_tokens": 190, "token_count_source": "tokenizer", "diffusion_steps": null, "flops_estimate": null, "flops_arch": null, "flops_model_params": null, "flops_active_params": null, "tokens_non_final": 3, "tokens_reasoning": 0, "tokens_response": 3, "elapsed_seconds": 0.47536802291870117, "judgement": "Good approximation"}
{"id": "physics_estimate_000232", "topic": "physics_estimate", "subtopic": "fill_rate", "prompt": "A faucet fills 20 liters at about 4 liters per minute. About how many minutes does it take?", "exact_value": 5.0, "model": "tiiuae/Falcon-H1-7B-Instruct", "provider": "transformers", "response": "Final answer: 5", "numeric_answer": 5.0, "relative_error": 0.0, "thinking_text": null, "has_tool_call": false, "tool_call": null, "usage": {"prompt_tokens": 184, "completion_tokens": 6, "total_tokens": 190, "token_count_source": "tokenizer"}, "decoding": {"temperature": 0.2, "top_p": null, "top_k": null, "max_tokens": 256, "seed": 42}, "prompt_tokens": 184, "completion_tokens": 6, "total_tokens": 190, "token_count_source": "tokenizer", "diffusion_steps": null, "flops_estimate": null, "flops_arch": null, "flops_model_params": null, "flops_active_params": null, "tokens_non_final": 3, "tokens_reasoning": 0, "tokens_response": 3, "elapsed_seconds": 0.4896564483642578, "judgement": "Exact math"}
{"id": "physics_estimate_000252", "topic": "physics_estimate", "subtopic": "fill_rate", "prompt": "A faucet fills 30 liters at about 5 liters per minute. About how many minutes does it take?", "exact_value": 6.0, "model": "tiiuae/Falcon-H1-7B-Instruct", "provider": "transformers", "response": "Final answer: 6", "numeric_answer": 6.0, "relative_error": 0.0, "thinking_text": null, "has_tool_call": false, "tool_call": null, "usage": {"prompt_tokens": 184, "completion_tokens": 6, "total_tokens": 190, "token_count_source": "tokenizer"}, "decoding": {"temperature": 0.2, "top_p": null, "top_k": null, "max_tokens": 256, "seed": 42}, "prompt_tokens": 184, "completion_tokens": 6, "total_tokens": 190, "token_count_source": "tokenizer", "diffusion_steps": null, "flops_estimate": null, "flops_arch": null, "flops_model_params": null, "flops_active_params": null, "tokens_non_final": 3, "tokens_reasoning": 0, "tokens_response": 3, "elapsed_seconds": 0.49843478202819824, "judgement": "Exact math"}
{"id": "physics_estimate_000272", "topic": "physics_estimate", "subtopic": "fill_rate", "prompt": "A faucet fills 50 liters at about 6 liters per minute. About how many minutes does it take?", "exact_value": 8.333333333333334, "model": "tiiuae/Falcon-H1-7B-Instruct", "provider": "transformers", "response": "Final answer: 9", "numeric_answer": 9.0, "relative_error": 0.07999999999999992, "thinking_text": null, "has_tool_call": false, "tool_call": null, "usage": {"prompt_tokens": 184, "completion_tokens": 6, "total_tokens": 190, "token_count_source": "tokenizer"}, "decoding": {"temperature": 0.2, "top_p": null, "top_k": null, "max_tokens": 256, "seed": 42}, "prompt_tokens": 184, "completion_tokens": 6, "total_tokens": 190, "token_count_source": "tokenizer", "diffusion_steps": null, "flops_estimate": null, "flops_arch": null, "flops_model_params": null, "flops_active_params": null, "tokens_non_final": 3, "tokens_reasoning": 0, "tokens_response": 3, "elapsed_seconds": 0.49598026275634766, "judgement": "Good approximation"}
{"id": "physics_estimate_000292", "topic": "physics_estimate", "subtopic": "fill_rate", "prompt": "A faucet fills 20 liters at about 4 liters per minute. About how many minutes does it take?", "exact_value": 5.0, "model": "tiiuae/Falcon-H1-7B-Instruct", "provider": "transformers", "response": "Final answer: 5", "numeric_answer": 5.0, "relative_error": 0.0, "thinking_text": null, "has_tool_call": false, "tool_call": null, "usage": {"prompt_tokens": 184, "completion_tokens": 6, "total_tokens": 190, "token_count_source": "tokenizer"}, "decoding": {"temperature": 0.2, "top_p": null, "top_k": null, "max_tokens": 256, "seed": 42}, "prompt_tokens": 184, "completion_tokens": 6, "total_tokens": 190, "token_count_source": "tokenizer", "diffusion_steps": null, "flops_estimate": null, "flops_arch": null, "flops_model_params": null, "flops_active_params": null, "tokens_non_final": 3, "tokens_reasoning": 0, "tokens_response": 3, "elapsed_seconds": 0.4744899272918701, "judgement": "Exact math"}
{"id": "physics_estimate_000312", "topic": "physics_estimate", "subtopic": "fill_rate", "prompt": "A faucet fills 15 liters at about 4 liters per minute. About how many minutes does it take?", "exact_value": 3.75, "model": "tiiuae/Falcon-H1-7B-Instruct", "provider": "transformers", "response": "Final answer: 4", "numeric_answer": 4.0, "relative_error": 0.06666666666666667, "thinking_text": null, "has_tool_call": false, "tool_call": null, "usage": {"prompt_tokens": 184, "completion_tokens": 6, "total_tokens": 190, "token_count_source": "tokenizer"}, "decoding": {"temperature": 0.2, "top_p": null, "top_k": null, "max_tokens": 256, "seed": 42}, "prompt_tokens": 184, "completion_tokens": 6, "total_tokens": 190, "token_count_source": "tokenizer", "diffusion_steps": null, "flops_estimate": null, "flops_arch": null, "flops_model_params": null, "flops_active_params": null, "tokens_non_final": 3, "tokens_reasoning": 0, "tokens_response": 3, "elapsed_seconds": 0.5001330375671387, "judgement": "Good approximation"}
{"id": "physics_estimate_000332", "topic": "physics_estimate", "subtopic": "fill_rate", "prompt": "A faucet fills 15 liters at about 5 liters per minute. About how many minutes does it take?", "exact_value": 3.0, "model": "tiiuae/Falcon-H1-7B-Instruct", "provider": "transformers", "response": "Final answer: 3", "numeric_answer": 3.0, "relative_error": 0.0, "thinking_text": null, "has_tool_call": false, "tool_call": null, "usage": {"prompt_tokens": 184, "completion_tokens": 6, "total_tokens": 190, "token_count_source": "tokenizer"}, "decoding": {"temperature": 0.2, "top_p": null, "top_k": null, "max_tokens": 256, "seed": 42}, "prompt_tokens": 184, "completion_tokens": 6, "total_tokens": 190, "token_count_source": "tokenizer", "diffusion_steps": null, "flops_estimate": null, "flops_arch": null, "flops_model_params": null, "flops_active_params": null, "tokens_non_final": 3, "tokens_reasoning": 0, "tokens_response": 3, "elapsed_seconds": 0.48015284538269043, "judgement": "Exact math"}
{"id": "physics_estimate_000352", "topic": "physics_estimate", "subtopic": "fill_rate", "prompt": "A faucet fills 15 liters at about 6 liters per minute. About how many minutes does it take?", "exact_value": 2.5, "model": "tiiuae/Falcon-H1-7B-Instruct", "provider": "transformers", "response": "Final answer: 3", "numeric_answer": 3.0, "relative_error": 0.2, "thinking_text": null, "has_tool_call": false, "tool_call": null, "usage": {"prompt_tokens": 184, "completion_tokens": 6, "total_tokens": 190, "token_count_source": "tokenizer"}, "decoding": {"temperature": 0.2, "top_p": null, "top_k": null, "max_tokens": 256, "seed": 42}, "prompt_tokens": 184, "completion_tokens": 6, "total_tokens": 190, "token_count_source": "tokenizer", "diffusion_steps": null, "flops_estimate": null, "flops_arch": null, "flops_model_params": null, "flops_active_params": null, "tokens_non_final": 3, "tokens_reasoning": 0, "tokens_response": 3, "elapsed_seconds": 0.48499512672424316, "judgement": "Good approximation"}
{"id": "physics_estimate_000372", "topic": "physics_estimate", "subtopic": "fill_rate", "prompt": "A faucet fills 50 liters at about 6 liters per minute. About how many minutes does it take?", "exact_value": 8.333333333333334, "model": "tiiuae/Falcon-H1-7B-Instruct", "provider": "transformers", "response": "Final answer: 9", "numeric_answer": 9.0, "relative_error": 0.07999999999999992, "thinking_text": null, "has_tool_call": false, "tool_call": null, "usage": {"prompt_tokens": 184, "completion_tokens": 6, "total_tokens": 190, "token_count_source": "tokenizer"}, "decoding": {"temperature": 0.2, "top_p": null, "top_k": null, "max_tokens": 256, "seed": 42}, "prompt_tokens": 184, "completion_tokens": 6, "total_tokens": 190, "token_count_source": "tokenizer", "diffusion_steps": null, "flops_estimate": null, "flops_arch": null, "flops_model_params": null, "flops_active_params": null, "tokens_non_final": 3, "tokens_reasoning": 0, "tokens_response": 3, "elapsed_seconds": 0.47495031356811523, "judgement": "Good approximation"}
{"id": "physics_estimate_000392", "topic": "physics_estimate", "subtopic": "fill_rate", "prompt": "A faucet fills 40 liters at about 7 liters per minute. About how many minutes does it take?", "exact_value": 5.714285714285714, "model": "tiiuae/Falcon-H1-7B-Instruct", "provider": "transformers", "response": "Final answer: 6", "numeric_answer": 6.0, "relative_error": 0.049999999999999975, "thinking_text": null, "has_tool_call": false, "tool_call": null, "usage": {"prompt_tokens": 184, "completion_tokens": 6, "total_tokens": 190, "token_count_source": "tokenizer"}, "decoding": {"temperature": 0.2, "top_p": null, "top_k": null, "max_tokens": 256, "seed": 42}, "prompt_tokens": 184, "completion_tokens": 6, "total_tokens": 190, "token_count_source": "tokenizer", "diffusion_steps": null, "flops_estimate": null, "flops_arch": null, "flops_model_params": null, "flops_active_params": null, "tokens_non_final": 3, "tokens_reasoning": 0, "tokens_response": 3, "elapsed_seconds": 0.5039911270141602, "judgement": "Good approximation"}
{"id": "physics_estimate_000412", "topic": "physics_estimate", "subtopic": "fill_rate", "prompt": "A faucet fills 10 liters at about 7 liters per minute. About how many minutes does it take?", "exact_value": 1.4285714285714286, "model": "tiiuae/Falcon-H1-7B-Instruct", "provider": "transformers", "response": "Final answer: 2", "numeric_answer": 2.0, "relative_error": 0.39999999999999997, "thinking_text": null, "has_tool_call": false, "tool_call": null, "usage": {"prompt_tokens": 184, "completion_tokens": 6, "total_tokens": 190, "token_count_source": "tokenizer"}, "decoding": {"temperature": 0.2, "top_p": null, "top_k": null, "max_tokens": 256, "seed": 42}, "prompt_tokens": 184, "completion_tokens": 6, "total_tokens": 190, "token_count_source": "tokenizer", "diffusion_steps": null, "flops_estimate": null, "flops_arch": null, "flops_model_params": null, "flops_active_params": null, "tokens_non_final": 3, "tokens_reasoning": 0, "tokens_response": 3, "elapsed_seconds": 0.4775807857513428, "judgement": "Mildly off"}
{"id": "physics_estimate_000432", "topic": "physics_estimate", "subtopic": "fill_rate", "prompt": "A faucet fills 30 liters at about 6 liters per minute. About how many minutes does it take?", "exact_value": 5.0, "model": "tiiuae/Falcon-H1-7B-Instruct", "provider": "transformers", "response": "Final answer: 5", "numeric_answer": 5.0, "relative_error": 0.0, "thinking_text": null, "has_tool_call": false, "tool_call": null, "usage": {"prompt_tokens": 184, "completion_tokens": 6, "total_tokens": 190, "token_count_source": "tokenizer"}, "decoding": {"temperature": 0.2, "top_p": null, "top_k": null, "max_tokens": 256, "seed": 42}, "prompt_tokens": 184, "completion_tokens": 6, "total_tokens": 190, "token_count_source": "tokenizer", "diffusion_steps": null, "flops_estimate": null, "flops_arch": null, "flops_model_params": null, "flops_active_params": null, "tokens_non_final": 3, "tokens_reasoning": 0, "tokens_response": 3, "elapsed_seconds": 0.4812459945678711, "judgement": "Exact math"}
{"id": "physics_estimate_000452", "topic": "physics_estimate", "subtopic": "fill_rate", "prompt": "A faucet fills 10 liters at about 5 liters per minute. About how many minutes does it take?", "exact_value": 2.0, "model": "tiiuae/Falcon-H1-7B-Instruct", "provider": "transformers", "response": "Final answer: 2", "numeric_answer": 2.0, "relative_error": 0.0, "thinking_text": null, "has_tool_call": false, "tool_call": null, "usage": {"prompt_tokens": 184, "completion_tokens": 6, "total_tokens": 190, "token_count_source": "tokenizer"}, "decoding": {"temperature": 0.2, "top_p": null, "top_k": null, "max_tokens": 256, "seed": 42}, "prompt_tokens": 184, "completion_tokens": 6, "total_tokens": 190, "token_count_source": "tokenizer", "diffusion_steps": null, "flops_estimate": null, "flops_arch": null, "flops_model_params": null, "flops_active_params": null, "tokens_non_final": 3, "tokens_reasoning": 0, "tokens_response": 3, "elapsed_seconds": 0.47301602363586426, "judgement": "Exact math"}
{"id": "physics_estimate_000472", "topic": "physics_estimate", "subtopic": "fill_rate", "prompt": "A faucet fills 30 liters at about 6 liters per minute. About how many minutes does it take?", "exact_value": 5.0, "model": "tiiuae/Falcon-H1-7B-Instruct", "provider": "transformers", "response": "Final answer: 5", "numeric_answer": 5.0, "relative_error": 0.0, "thinking_text": null, "has_tool_call": false, "tool_call": null, "usage": {"prompt_tokens": 184, "completion_tokens": 6, "total_tokens": 190, "token_count_source": "tokenizer"}, "decoding": {"temperature": 0.2, "top_p": null, "top_k": null, "max_tokens": 256, "seed": 42}, "prompt_tokens": 184, "completion_tokens": 6, "total_tokens": 190, "token_count_source": "tokenizer", "diffusion_steps": null, "flops_estimate": null, "flops_arch": null, "flops_model_params": null, "flops_active_params": null, "tokens_non_final": 3, "tokens_reasoning": 0, "tokens_response": 3, "elapsed_seconds": 0.5708615779876709, "judgement": "Exact math"}
{"id": "physics_estimate_000492", "topic": "physics_estimate", "subtopic": "fill_rate", "prompt": "A faucet fills 30 liters at about 7 liters per minute. About how many minutes does it take?", "exact_value": 4.285714285714286, "model": "tiiuae/Falcon-H1-7B-Instruct", "provider": "transformers", "response": "Final answer: 5", "numeric_answer": 5.0, "relative_error": 0.1666666666666667, "thinking_text": null, "has_tool_call": false, "tool_call": null, "usage": {"prompt_tokens": 184, "completion_tokens": 6, "total_tokens": 190, "token_count_source": "tokenizer"}, "decoding": {"temperature": 0.2, "top_p": null, "top_k": null, "max_tokens": 256, "seed": 42}, "prompt_tokens": 184, "completion_tokens": 6, "total_tokens": 190, "token_count_source": "tokenizer", "diffusion_steps": null, "flops_estimate": null, "flops_arch": null, "flops_model_params": null, "flops_active_params": null, "tokens_non_final": 3, "tokens_reasoning": 0, "tokens_response": 3, "elapsed_seconds": 0.5376486778259277, "judgement": "Good approximation"}
{"id": "physics_estimate_000512", "topic": "physics_estimate", "subtopic": "fill_rate", "prompt": "A faucet fills 20 liters at about 8 liters per minute. About how many minutes does it take?", "exact_value": 2.5, "model": "tiiuae/Falcon-H1-7B-Instruct", "provider": "transformers", "response": "Final answer: 3", "numeric_answer": 3.0, "relative_error": 0.2, "thinking_text": null, "has_tool_call": false, "tool_call": null, "usage": {"prompt_tokens": 184, "completion_tokens": 6, "total_tokens": 190, "token_count_source": "tokenizer"}, "decoding": {"temperature": 0.2, "top_p": null, "top_k": null, "max_tokens": 256, "seed": 42}, "prompt_tokens": 184, "completion_tokens": 6, "total_tokens": 190, "token_count_source": "tokenizer", "diffusion_steps": null, "flops_estimate": null, "flops_arch": null, "flops_model_params": null, "flops_active_params": null, "tokens_non_final": 3, "tokens_reasoning": 0, "tokens_response": 3, "elapsed_seconds": 0.46921610832214355, "judgement": "Good approximation"}
{"id": "physics_estimate_000532", "topic": "physics_estimate", "subtopic": "fill_rate", "prompt": "A faucet fills 50 liters at about 6 liters per minute. About how many minutes does it take?", "exact_value": 8.333333333333334, "model": "tiiuae/Falcon-H1-7B-Instruct", "provider": "transformers", "response": "Final answer: 9", "numeric_answer": 9.0, "relative_error": 0.07999999999999992, "thinking_text": null, "has_tool_call": false, "tool_call": null, "usage": {"prompt_tokens": 184, "completion_tokens": 6, "total_tokens": 190, "token_count_source": "tokenizer"}, "decoding": {"temperature": 0.2, "top_p": null, "top_k": null, "max_tokens": 256, "seed": 42}, "prompt_tokens": 184, "completion_tokens": 6, "total_tokens": 190, "token_count_source": "tokenizer", "diffusion_steps": null, "flops_estimate": null, "flops_arch": null, "flops_model_params": null, "flops_active_params": null, "tokens_non_final": 3, "tokens_reasoning": 0, "tokens_response": 3, "elapsed_seconds": 0.4915308952331543, "judgement": "Good approximation"}
{"id": "physics_estimate_000552", "topic": "physics_estimate", "subtopic": "fill_rate", "prompt": "A faucet fills 40 liters at about 8 liters per minute. About how many minutes does it take?", "exact_value": 5.0, "model": "tiiuae/Falcon-H1-7B-Instruct", "provider": "transformers", "response": "Final answer: 5", "numeric_answer": 5.0, "relative_error": 0.0, "thinking_text": null, "has_tool_call": false, "tool_call": null, "usage": {"prompt_tokens": 184, "completion_tokens": 6, "total_tokens": 190, "token_count_source": "tokenizer"}, "decoding": {"temperature": 0.2, "top_p": null, "top_k": null, "max_tokens": 256, "seed": 42}, "prompt_tokens": 184, "completion_tokens": 6, "total_tokens": 190, "token_count_source": "tokenizer", "diffusion_steps": null, "flops_estimate": null, "flops_arch": null, "flops_model_params": null, "flops_active_params": null, "tokens_non_final": 3, "tokens_reasoning": 0, "tokens_response": 3, "elapsed_seconds": 0.4667775630950928, "judgement": "Exact math"}
{"id": "physics_estimate_000572", "topic": "physics_estimate", "subtopic": "fill_rate", "prompt": "A faucet fills 30 liters at about 8 liters per minute. About how many minutes does it take?", "exact_value": 3.75, "model": "tiiuae/Falcon-H1-7B-Instruct", "provider": "transformers", "response": "Final answer: 4", "numeric_answer": 4.0, "relative_error": 0.06666666666666667, "thinking_text": null, "has_tool_call": false, "tool_call": null, "usage": {"prompt_tokens": 184, "completion_tokens": 6, "total_tokens": 190, "token_count_source": "tokenizer"}, "decoding": {"temperature": 0.2, "top_p": null, "top_k": null, "max_tokens": 256, "seed": 42}, "prompt_tokens": 184, "completion_tokens": 6, "total_tokens": 190, "token_count_source": "tokenizer", "diffusion_steps": null, "flops_estimate": null, "flops_arch": null, "flops_model_params": null, "flops_active_params": null, "tokens_non_final": 3, "tokens_reasoning": 0, "tokens_response": 3, "elapsed_seconds": 0.4838409423828125, "judgement": "Good approximation"}
{"id": "physics_estimate_000592", "topic": "physics_estimate", "subtopic": "fill_rate", "prompt": "A faucet fills 30 liters at about 6 liters per minute. About how many minutes does it take?", "exact_value": 5.0, "model": "tiiuae/Falcon-H1-7B-Instruct", "provider": "transformers", "response": "Final answer: 5", "numeric_answer": 5.0, "relative_error": 0.0, "thinking_text": null, "has_tool_call": false, "tool_call": null, "usage": {"prompt_tokens": 184, "completion_tokens": 6, "total_tokens": 190, "token_count_source": "tokenizer"}, "decoding": {"temperature": 0.2, "top_p": null, "top_k": null, "max_tokens": 256, "seed": 42}, "prompt_tokens": 184, "completion_tokens": 6, "total_tokens": 190, "token_count_source": "tokenizer", "diffusion_steps": null, "flops_estimate": null, "flops_arch": null, "flops_model_params": null, "flops_active_params": null, "tokens_non_final": 3, "tokens_reasoning": 0, "tokens_response": 3, "elapsed_seconds": 0.47472643852233887, "judgement": "Exact math"}
{"id": "physics_estimate_000612", "topic": "physics_estimate", "subtopic": "fill_rate", "prompt": "A faucet fills 20 liters at about 6 liters per minute. About how many minutes does it take?", "exact_value": 3.3333333333333335, "model": "tiiuae/Falcon-H1-7B-Instruct", "provider": "transformers", "response": "Final answer: 4", "numeric_answer": 4.0, "relative_error": 0.19999999999999996, "thinking_text": null, "has_tool_call": false, "tool_call": null, "usage": {"prompt_tokens": 184, "completion_tokens": 6, "total_tokens": 190, "token_count_source": "tokenizer"}, "decoding": {"temperature": 0.2, "top_p": null, "top_k": null, "max_tokens": 256, "seed": 42}, "prompt_tokens": 184, "completion_tokens": 6, "total_tokens": 190, "token_count_source": "tokenizer", "diffusion_steps": null, "flops_estimate": null, "flops_arch": null, "flops_model_params": null, "flops_active_params": null, "tokens_non_final": 3, "tokens_reasoning": 0, "tokens_response": 3, "elapsed_seconds": 0.46646928787231445, "judgement": "Good approximation"}
{"id": "physics_estimate_000632", "topic": "physics_estimate", "subtopic": "fill_rate", "prompt": "A faucet fills 10 liters at about 7 liters per minute. About how many minutes does it take?", "exact_value": 1.4285714285714286, "model": "tiiuae/Falcon-H1-7B-Instruct", "provider": "transformers", "response": "Final answer: 2", "numeric_answer": 2.0, "relative_error": 0.39999999999999997, "thinking_text": null, "has_tool_call": false, "tool_call": null, "usage": {"prompt_tokens": 184, "completion_tokens": 6, "total_tokens": 190, "token_count_source": "tokenizer"}, "decoding": {"temperature": 0.2, "top_p": null, "top_k": null, "max_tokens": 256, "seed": 42}, "prompt_tokens": 184, "completion_tokens": 6, "total_tokens": 190, "token_count_source": "tokenizer", "diffusion_steps": null, "flops_estimate": null, "flops_arch": null, "flops_model_params": null, "flops_active_params": null, "tokens_non_final": 3, "tokens_reasoning": 0, "tokens_response": 3, "elapsed_seconds": 0.4925260543823242, "judgement": "Mildly off"}
{"id": "physics_estimate_000652", "topic": "physics_estimate", "subtopic": "fill_rate", "prompt": "A faucet fills 30 liters at about 6 liters per minute. About how many minutes does it take?", "exact_value": 5.0, "model": "tiiuae/Falcon-H1-7B-Instruct", "provider": "transformers", "response": "Final answer: 5", "numeric_answer": 5.0, "relative_error": 0.0, "thinking_text": null, "has_tool_call": false, "tool_call": null, "usage": {"prompt_tokens": 184, "completion_tokens": 6, "total_tokens": 190, "token_count_source": "tokenizer"}, "decoding": {"temperature": 0.2, "top_p": null, "top_k": null, "max_tokens": 256, "seed": 42}, "prompt_tokens": 184, "completion_tokens": 6, "total_tokens": 190, "token_count_source": "tokenizer", "diffusion_steps": null, "flops_estimate": null, "flops_arch": null, "flops_model_params": null, "flops_active_params": null, "tokens_non_final": 3, "tokens_reasoning": 0, "tokens_response": 3, "elapsed_seconds": 0.48923277854919434, "judgement": "Exact math"}
{"id": "physics_estimate_000672", "topic": "physics_estimate", "subtopic": "fill_rate", "prompt": "A faucet fills 10 liters at about 7 liters per minute. About how many minutes does it take?", "exact_value": 1.4285714285714286, "model": "tiiuae/Falcon-H1-7B-Instruct", "provider": "transformers", "response": "Final answer: 2", "numeric_answer": 2.0, "relative_error": 0.39999999999999997, "thinking_text": null, "has_tool_call": false, "tool_call": null, "usage": {"prompt_tokens": 184, "completion_tokens": 6, "total_tokens": 190, "token_count_source": "tokenizer"}, "decoding": {"temperature": 0.2, "top_p": null, "top_k": null, "max_tokens": 256, "seed": 42}, "prompt_tokens": 184, "completion_tokens": 6, "total_tokens": 190, "token_count_source": "tokenizer", "diffusion_steps": null, "flops_estimate": null, "flops_arch": null, "flops_model_params": null, "flops_active_params": null, "tokens_non_final": 3, "tokens_reasoning": 0, "tokens_response": 3, "elapsed_seconds": 0.4648418426513672, "judgement": "Mildly off"}
{"id": "physics_estimate_000692", "topic": "physics_estimate", "subtopic": "fill_rate", "prompt": "A faucet fills 50 liters at about 6 liters per minute. About how many minutes does it take?", "exact_value": 8.333333333333334, "model": "tiiuae/Falcon-H1-7B-Instruct", "provider": "transformers", "response": "Final answer: 9", "numeric_answer": 9.0, "relative_error": 0.07999999999999992, "thinking_text": null, "has_tool_call": false, "tool_call": null, "usage": {"prompt_tokens": 184, "completion_tokens": 6, "total_tokens": 190, "token_count_source": "tokenizer"}, "decoding": {"temperature": 0.2, "top_p": null, "top_k": null, "max_tokens": 256, "seed": 42}, "prompt_tokens": 184, "completion_tokens": 6, "total_tokens": 190, "token_count_source": "tokenizer", "diffusion_steps": null, "flops_estimate": null, "flops_arch": null, "flops_model_params": null, "flops_active_params": null, "tokens_non_final": 3, "tokens_reasoning": 0, "tokens_response": 3, "elapsed_seconds": 0.4888887405395508, "judgement": "Good approximation"}
{"id": "physics_estimate_000712", "topic": "physics_estimate", "subtopic": "fill_rate", "prompt": "A faucet fills 15 liters at about 7 liters per minute. About how many minutes does it take?", "exact_value": 2.142857142857143, "model": "tiiuae/Falcon-H1-7B-Instruct", "provider": "transformers", "response": "Final answer: 2", "numeric_answer": 2.0, "relative_error": 0.06666666666666664, "thinking_text": null, "has_tool_call": false, "tool_call": null, "usage": {"prompt_tokens": 184, "completion_tokens": 6, "total_tokens": 190, "token_count_source": "tokenizer"}, "decoding": {"temperature": 0.2, "top_p": null, "top_k": null, "max_tokens": 256, "seed": 42}, "prompt_tokens": 184, "completion_tokens": 6, "total_tokens": 190, "token_count_source": "tokenizer", "diffusion_steps": null, "flops_estimate": null, "flops_arch": null, "flops_model_params": null, "flops_active_params": null, "tokens_non_final": 3, "tokens_reasoning": 0, "tokens_response": 3, "elapsed_seconds": 0.4690210819244385, "judgement": "Good approximation"}
{"id": "physics_estimate_000732", "topic": "physics_estimate", "subtopic": "fill_rate", "prompt": "A faucet fills 30 liters at about 7 liters per minute. About how many minutes does it take?", "exact_value": 4.285714285714286, "model": "tiiuae/Falcon-H1-7B-Instruct", "provider": "transformers", "response": "Final answer: 5", "numeric_answer": 5.0, "relative_error": 0.1666666666666667, "thinking_text": null, "has_tool_call": false, "tool_call": null, "usage": {"prompt_tokens": 184, "completion_tokens": 6, "total_tokens": 190, "token_count_source": "tokenizer"}, "decoding": {"temperature": 0.2, "top_p": null, "top_k": null, "max_tokens": 256, "seed": 42}, "prompt_tokens": 184, "completion_tokens": 6, "total_tokens": 190, "token_count_source": "tokenizer", "diffusion_steps": null, "flops_estimate": null, "flops_arch": null, "flops_model_params": null, "flops_active_params": null, "tokens_non_final": 3, "tokens_reasoning": 0, "tokens_response": 3, "elapsed_seconds": 0.4826810359954834, "judgement": "Good approximation"}
{"id": "physics_estimate_000752", "topic": "physics_estimate", "subtopic": "fill_rate", "prompt": "A faucet fills 15 liters at about 7 liters per minute. About how many minutes does it take?", "exact_value": 2.142857142857143, "model": "tiiuae/Falcon-H1-7B-Instruct", "provider": "transformers", "response": "Final answer: 2", "numeric_answer": 2.0, "relative_error": 0.06666666666666664, "thinking_text": null, "has_tool_call": false, "tool_call": null, "usage": {"prompt_tokens": 184, "completion_tokens": 6, "total_tokens": 190, "token_count_source": "tokenizer"}, "decoding": {"temperature": 0.2, "top_p": null, "top_k": null, "max_tokens": 256, "seed": 42}, "prompt_tokens": 184, "completion_tokens": 6, "total_tokens": 190, "token_count_source": "tokenizer", "diffusion_steps": null, "flops_estimate": null, "flops_arch": null, "flops_model_params": null, "flops_active_params": null, "tokens_non_final": 3, "tokens_reasoning": 0, "tokens_response": 3, "elapsed_seconds": 0.46941232681274414, "judgement": "Good approximation"}
{"id": "physics_estimate_000772", "topic": "physics_estimate", "subtopic": "fill_rate", "prompt": "A faucet fills 20 liters at about 6 liters per minute. About how many minutes does it take?", "exact_value": 3.3333333333333335, "model": "tiiuae/Falcon-H1-7B-Instruct", "provider": "transformers", "response": "Final answer: 4", "numeric_answer": 4.0, "relative_error": 0.19999999999999996, "thinking_text": null, "has_tool_call": false, "tool_call": null, "usage": {"prompt_tokens": 184, "completion_tokens": 6, "total_tokens": 190, "token_count_source": "tokenizer"}, "decoding": {"temperature": 0.2, "top_p": null, "top_k": null, "max_tokens": 256, "seed": 42}, "prompt_tokens": 184, "completion_tokens": 6, "total_tokens": 190, "token_count_source": "tokenizer", "diffusion_steps": null, "flops_estimate": null, "flops_arch": null, "flops_model_params": null, "flops_active_params": null, "tokens_non_final": 3, "tokens_reasoning": 0, "tokens_response": 3, "elapsed_seconds": 0.47385692596435547, "judgement": "Good approximation"}
{"id": "physics_estimate_000792", "topic": "physics_estimate", "subtopic": "fill_rate", "prompt": "A faucet fills 15 liters at about 5 liters per minute. About how many minutes does it take?", "exact_value": 3.0, "model": "tiiuae/Falcon-H1-7B-Instruct", "provider": "transformers", "response": "Final answer: 3", "numeric_answer": 3.0, "relative_error": 0.0, "thinking_text": null, "has_tool_call": false, "tool_call": null, "usage": {"prompt_tokens": 184, "completion_tokens": 6, "total_tokens": 190, "token_count_source": "tokenizer"}, "decoding": {"temperature": 0.2, "top_p": null, "top_k": null, "max_tokens": 256, "seed": 42}, "prompt_tokens": 184, "completion_tokens": 6, "total_tokens": 190, "token_count_source": "tokenizer", "diffusion_steps": null, "flops_estimate": null, "flops_arch": null, "flops_model_params": null, "flops_active_params": null, "tokens_non_final": 3, "tokens_reasoning": 0, "tokens_response": 3, "elapsed_seconds": 0.49566221237182617, "judgement": "Exact math"}
{"id": "physics_estimate_000812", "topic": "physics_estimate", "subtopic": "fill_rate", "prompt": "A faucet fills 40 liters at about 7 liters per minute. About how many minutes does it take?", "exact_value": 5.714285714285714, "model": "tiiuae/Falcon-H1-7B-Instruct", "provider": "transformers", "response": "Final answer: 6", "numeric_answer": 6.0, "relative_error": 0.049999999999999975, "thinking_text": null, "has_tool_call": false, "tool_call": null, "usage": {"prompt_tokens": 184, "completion_tokens": 6, "total_tokens": 190, "token_count_source": "tokenizer"}, "decoding": {"temperature": 0.2, "top_p": null, "top_k": null, "max_tokens": 256, "seed": 42}, "prompt_tokens": 184, "completion_tokens": 6, "total_tokens": 190, "token_count_source": "tokenizer", "diffusion_steps": null, "flops_estimate": null, "flops_arch": null, "flops_model_params": null, "flops_active_params": null, "tokens_non_final": 3, "tokens_reasoning": 0, "tokens_response": 3, "elapsed_seconds": 0.4949612617492676, "judgement": "Good approximation"}
{"id": "physics_estimate_000832", "topic": "physics_estimate", "subtopic": "fill_rate", "prompt": "A faucet fills 15 liters at about 4 liters per minute. About how many minutes does it take?", "exact_value": 3.75, "model": "tiiuae/Falcon-H1-7B-Instruct", "provider": "transformers", "response": "Final answer: 4", "numeric_answer": 4.0, "relative_error": 0.06666666666666667, "thinking_text": null, "has_tool_call": false, "tool_call": null, "usage": {"prompt_tokens": 184, "completion_tokens": 6, "total_tokens": 190, "token_count_source": "tokenizer"}, "decoding": {"temperature": 0.2, "top_p": null, "top_k": null, "max_tokens": 256, "seed": 42}, "prompt_tokens": 184, "completion_tokens": 6, "total_tokens": 190, "token_count_source": "tokenizer", "diffusion_steps": null, "flops_estimate": null, "flops_arch": null, "flops_model_params": null, "flops_active_params": null, "tokens_non_final": 3, "tokens_reasoning": 0, "tokens_response": 3, "elapsed_seconds": 0.49204182624816895, "judgement": "Good approximation"}
{"id": "physics_estimate_000852", "topic": "physics_estimate", "subtopic": "fill_rate", "prompt": "A faucet fills 10 liters at about 6 liters per minute. About how many minutes does it take?", "exact_value": 1.6666666666666667, "model": "tiiuae/Falcon-H1-7B-Instruct", "provider": "transformers", "response": "Final answer: 2", "numeric_answer": 2.0, "relative_error": 0.19999999999999996, "thinking_text": null, "has_tool_call": false, "tool_call": null, "usage": {"prompt_tokens": 184, "completion_tokens": 6, "total_tokens": 190, "token_count_source": "tokenizer"}, "decoding": {"temperature": 0.2, "top_p": null, "top_k": null, "max_tokens": 256, "seed": 42}, "prompt_tokens": 184, "completion_tokens": 6, "total_tokens": 190, "token_count_source": "tokenizer", "diffusion_steps": null, "flops_estimate": null, "flops_arch": null, "flops_model_params": null, "flops_active_params": null, "tokens_non_final": 3, "tokens_reasoning": 0, "tokens_response": 3, "elapsed_seconds": 0.48751115798950195, "judgement": "Good approximation"}
{"id": "physics_estimate_000872", "topic": "physics_estimate", "subtopic": "fill_rate", "prompt": "A faucet fills 30 liters at about 7 liters per minute. About how many minutes does it take?", "exact_value": 4.285714285714286, "model": "tiiuae/Falcon-H1-7B-Instruct", "provider": "transformers", "response": "Final answer: 5", "numeric_answer": 5.0, "relative_error": 0.1666666666666667, "thinking_text": null, "has_tool_call": false, "tool_call": null, "usage": {"prompt_tokens": 184, "completion_tokens": 6, "total_tokens": 190, "token_count_source": "tokenizer"}, "decoding": {"temperature": 0.2, "top_p": null, "top_k": null, "max_tokens": 256, "seed": 42}, "prompt_tokens": 184, "completion_tokens": 6, "total_tokens": 190, "token_count_source": "tokenizer", "diffusion_steps": null, "flops_estimate": null, "flops_arch": null, "flops_model_params": null, "flops_active_params": null, "tokens_non_final": 3, "tokens_reasoning": 0, "tokens_response": 3, "elapsed_seconds": 0.48418498039245605, "judgement": "Good approximation"}
{"id": "physics_estimate_000892", "topic": "physics_estimate", "subtopic": "fill_rate", "prompt": "A faucet fills 15 liters at about 4 liters per minute. About how many minutes does it take?", "exact_value": 3.75, "model": "tiiuae/Falcon-H1-7B-Instruct", "provider": "transformers", "response": "Final answer: 4", "numeric_answer": 4.0, "relative_error": 0.06666666666666667, "thinking_text": null, "has_tool_call": false, "tool_call": null, "usage": {"prompt_tokens": 184, "completion_tokens": 6, "total_tokens": 190, "token_count_source": "tokenizer"}, "decoding": {"temperature": 0.2, "top_p": null, "top_k": null, "max_tokens": 256, "seed": 42}, "prompt_tokens": 184, "completion_tokens": 6, "total_tokens": 190, "token_count_source": "tokenizer", "diffusion_steps": null, "flops_estimate": null, "flops_arch": null, "flops_model_params": null, "flops_active_params": null, "tokens_non_final": 3, "tokens_reasoning": 0, "tokens_response": 3, "elapsed_seconds": 0.49243879318237305, "judgement": "Good approximation"}
{"id": "physics_estimate_000912", "topic": "physics_estimate", "subtopic": "fill_rate", "prompt": "A faucet fills 30 liters at about 8 liters per minute. About how many minutes does it take?", "exact_value": 3.75, "model": "tiiuae/Falcon-H1-7B-Instruct", "provider": "transformers", "response": "Final answer: 4", "numeric_answer": 4.0, "relative_error": 0.06666666666666667, "thinking_text": null, "has_tool_call": false, "tool_call": null, "usage": {"prompt_tokens": 184, "completion_tokens": 6, "total_tokens": 190, "token_count_source": "tokenizer"}, "decoding": {"temperature": 0.2, "top_p": null, "top_k": null, "max_tokens": 256, "seed": 42}, "prompt_tokens": 184, "completion_tokens": 6, "total_tokens": 190, "token_count_source": "tokenizer", "diffusion_steps": null, "flops_estimate": null, "flops_arch": null, "flops_model_params": null, "flops_active_params": null, "tokens_non_final": 3, "tokens_reasoning": 0, "tokens_response": 3, "elapsed_seconds": 0.4898967742919922, "judgement": "Good approximation"}
{"id": "physics_estimate_000932", "topic": "physics_estimate", "subtopic": "fill_rate", "prompt": "A faucet fills 30 liters at about 6 liters per minute. About how many minutes does it take?", "exact_value": 5.0, "model": "tiiuae/Falcon-H1-7B-Instruct", "provider": "transformers", "response": "Final answer: 5", "numeric_answer": 5.0, "relative_error": 0.0, "thinking_text": null, "has_tool_call": false, "tool_call": null, "usage": {"prompt_tokens": 184, "completion_tokens": 6, "total_tokens": 190, "token_count_source": "tokenizer"}, "decoding": {"temperature": 0.2, "top_p": null, "top_k": null, "max_tokens": 256, "seed": 42}, "prompt_tokens": 184, "completion_tokens": 6, "total_tokens": 190, "token_count_source": "tokenizer", "diffusion_steps": null, "flops_estimate": null, "flops_arch": null, "flops_model_params": null, "flops_active_params": null, "tokens_non_final": 3, "tokens_reasoning": 0, "tokens_response": 3, "elapsed_seconds": 0.5015387535095215, "judgement": "Exact math"}
{"id": "physics_estimate_000952", "topic": "physics_estimate", "subtopic": "fill_rate", "prompt": "A faucet fills 40 liters at about 6 liters per minute. About how many minutes does it take?", "exact_value": 6.666666666666667, "model": "tiiuae/Falcon-H1-7B-Instruct", "provider": "transformers", "response": "Final answer: 7", "numeric_answer": 7.0, "relative_error": 0.049999999999999954, "thinking_text": null, "has_tool_call": false, "tool_call": null, "usage": {"prompt_tokens": 184, "completion_tokens": 6, "total_tokens": 190, "token_count_source": "tokenizer"}, "decoding": {"temperature": 0.2, "top_p": null, "top_k": null, "max_tokens": 256, "seed": 42}, "prompt_tokens": 184, "completion_tokens": 6, "total_tokens": 190, "token_count_source": "tokenizer", "diffusion_steps": null, "flops_estimate": null, "flops_arch": null, "flops_model_params": null, "flops_active_params": null, "tokens_non_final": 3, "tokens_reasoning": 0, "tokens_response": 3, "elapsed_seconds": 0.478151798248291, "judgement": "Good approximation"}
{"id": "physics_estimate_000972", "topic": "physics_estimate", "subtopic": "fill_rate", "prompt": "A faucet fills 10 liters at about 8 liters per minute. About how many minutes does it take?", "exact_value": 1.25, "model": "tiiuae/Falcon-H1-7B-Instruct", "provider": "transformers", "response": "Final answer: 2", "numeric_answer": 2.0, "relative_error": 0.6, "thinking_text": null, "has_tool_call": false, "tool_call": null, "usage": {"prompt_tokens": 184, "completion_tokens": 6, "total_tokens": 190, "token_count_source": "tokenizer"}, "decoding": {"temperature": 0.2, "top_p": null, "top_k": null, "max_tokens": 256, "seed": 42}, "prompt_tokens": 184, "completion_tokens": 6, "total_tokens": 190, "token_count_source": "tokenizer", "diffusion_steps": null, "flops_estimate": null, "flops_arch": null, "flops_model_params": null, "flops_active_params": null, "tokens_non_final": 3, "tokens_reasoning": 0, "tokens_response": 3, "elapsed_seconds": 0.5045392513275146, "judgement": "Mildly off"}
{"id": "physics_estimate_000992", "topic": "physics_estimate", "subtopic": "fill_rate", "prompt": "A faucet fills 20 liters at about 4 liters per minute. About how many minutes does it take?", "exact_value": 5.0, "model": "tiiuae/Falcon-H1-7B-Instruct", "provider": "transformers", "response": "Final answer: 5", "numeric_answer": 5.0, "relative_error": 0.0, "thinking_text": null, "has_tool_call": false, "tool_call": null, "usage": {"prompt_tokens": 184, "completion_tokens": 6, "total_tokens": 190, "token_count_source": "tokenizer"}, "decoding": {"temperature": 0.2, "top_p": null, "top_k": null, "max_tokens": 256, "seed": 42}, "prompt_tokens": 184, "completion_tokens": 6, "total_tokens": 190, "token_count_source": "tokenizer", "diffusion_steps": null, "flops_estimate": null, "flops_arch": null, "flops_model_params": null, "flops_active_params": null, "tokens_non_final": 3, "tokens_reasoning": 0, "tokens_response": 3, "elapsed_seconds": 0.5173587799072266, "judgement": "Exact math"}
{"id": "physics_estimate_001012", "topic": "physics_estimate", "subtopic": "fill_rate", "prompt": "A faucet fills 10 liters at about 6 liters per minute. About how many minutes does it take?", "exact_value": 1.6666666666666667, "model": "tiiuae/Falcon-H1-7B-Instruct", "provider": "transformers", "response": "Final answer: 2", "numeric_answer": 2.0, "relative_error": 0.19999999999999996, "thinking_text": null, "has_tool_call": false, "tool_call": null, "usage": {"prompt_tokens": 184, "completion_tokens": 6, "total_tokens": 190, "token_count_source": "tokenizer"}, "decoding": {"temperature": 0.2, "top_p": null, "top_k": null, "max_tokens": 256, "seed": 42}, "prompt_tokens": 184, "completion_tokens": 6, "total_tokens": 190, "token_count_source": "tokenizer", "diffusion_steps": null, "flops_estimate": null, "flops_arch": null, "flops_model_params": null, "flops_active_params": null, "tokens_non_final": 3, "tokens_reasoning": 0, "tokens_response": 3, "elapsed_seconds": 0.47910141944885254, "judgement": "Good approximation"}
{"id": "physics_estimate_001032", "topic": "physics_estimate", "subtopic": "fill_rate", "prompt": "A faucet fills 30 liters at about 6 liters per minute. About how many minutes does it take?", "exact_value": 5.0, "model": "tiiuae/Falcon-H1-7B-Instruct", "provider": "transformers", "response": "Final answer: 5", "numeric_answer": 5.0, "relative_error": 0.0, "thinking_text": null, "has_tool_call": false, "tool_call": null, "usage": {"prompt_tokens": 184, "completion_tokens": 6, "total_tokens": 190, "token_count_source": "tokenizer"}, "decoding": {"temperature": 0.2, "top_p": null, "top_k": null, "max_tokens": 256, "seed": 42}, "prompt_tokens": 184, "completion_tokens": 6, "total_tokens": 190, "token_count_source": "tokenizer", "diffusion_steps": null, "flops_estimate": null, "flops_arch": null, "flops_model_params": null, "flops_active_params": null, "tokens_non_final": 3, "tokens_reasoning": 0, "tokens_response": 3, "elapsed_seconds": 0.5013294219970703, "judgement": "Exact math"}
{"id": "physics_estimate_001052", "topic": "physics_estimate", "subtopic": "fill_rate", "prompt": "A faucet fills 10 liters at about 5 liters per minute. About how many minutes does it take?", "exact_value": 2.0, "model": "tiiuae/Falcon-H1-7B-Instruct", "provider": "transformers", "response": "Final answer: 2", "numeric_answer": 2.0, "relative_error": 0.0, "thinking_text": null, "has_tool_call": false, "tool_call": null, "usage": {"prompt_tokens": 184, "completion_tokens": 6, "total_tokens": 190, "token_count_source": "tokenizer"}, "decoding": {"temperature": 0.2, "top_p": null, "top_k": null, "max_tokens": 256, "seed": 42}, "prompt_tokens": 184, "completion_tokens": 6, "total_tokens": 190, "token_count_source": "tokenizer", "diffusion_steps": null, "flops_estimate": null, "flops_arch": null, "flops_model_params": null, "flops_active_params": null, "tokens_non_final": 3, "tokens_reasoning": 0, "tokens_response": 3, "elapsed_seconds": 0.46956706047058105, "judgement": "Exact math"}
{"summary": {"samples": 500, "judgement_counts": {"Good approximation": 364, "Mildly off": 77, "Way off": 6, "Exact math": 53}, "count_good_approximation": 364, "count_exact_math": 53, "count_mildly_off": 77, "count_way_off": 6, "good_approximation_rate": 0.728, "exact_math_rate": 0.106, "good_approximation_rate_ci_95": [0.6873666188831685, 0.7651565550667395], "exact_math_rate_ci_95": [0.08195666053446124, 0.13605153886789062], "counts_by_topic": {"basket_sum": {"n": 86, "count_good_approximation": 82, "count_exact_math": 0, "count_mildly_off": 4, "count_way_off": 0}, "discounts": {"n": 85, "count_good_approximation": 48, "count_exact_math": 0, "count_mildly_off": 36, "count_way_off": 1}, "taxes": {"n": 61, "count_good_approximation": 38, "count_exact_math": 0, "count_mildly_off": 23, "count_way_off": 0}, "units": {"n": 61, "count_good_approximation": 60, "count_exact_math": 1, "count_mildly_off": 0, "count_way_off": 0}, "tips": {"n": 61, "count_good_approximation": 61, "count_exact_math": 0, "count_mildly_off": 0, "count_way_off": 0}, "fermi": {"n": 49, "count_good_approximation": 4, "count_exact_math": 37, "count_mildly_off": 3, "count_way_off": 5}, "travel_time": {"n": 49, "count_good_approximation": 43, "count_exact_math": 0, "count_mildly_off": 6, "count_way_off": 0}, "physics_estimate": {"n": 48, "count_good_approximation": 28, "count_exact_math": 15, "count_mildly_off": 5, "count_way_off": 0}}, "counts_by_subtopic": {"decimal_prices": {"n": 86, "count_good_approximation": 82, "count_exact_math": 0, "count_mildly_off": 4, "count_way_off": 0}, "buy_n_get_m": {"n": 14, "count_good_approximation": 4, "count_exact_math": 0, "count_mildly_off": 10, "count_way_off": 0}, "threshold": {"n": 22, "count_good_approximation": 13, "count_exact_math": 0, "count_mildly_off": 9, "count_way_off": 0}, "percent": {"n": 16, "count_good_approximation": 9, "count_exact_math": 0, "count_mildly_off": 7, "count_way_off": 0}, "stacked": {"n": 18, "count_good_approximation": 10, "count_exact_math": 0, "count_mildly_off": 8, "count_way_off": 0}, "bogo": {"n": 15, "count_good_approximation": 12, "count_exact_math": 0, "count_mildly_off": 2, "count_way_off": 1}, "pre_discount_tax": {"n": 25, "count_good_approximation": 19, "count_exact_math": 0, "count_mildly_off": 6, "count_way_off": 0}, "post_discount_tax": {"n": 36, "count_good_approximation": 19, "count_exact_math": 0, "count_mildly_off": 17, "count_way_off": 0}, "kg_g": {"n": 31, "count_good_approximation": 31, "count_exact_math": 0, "count_mildly_off": 0, "count_way_off": 0}, "lb_oz": {"n": 30, "count_good_approximation": 29, "count_exact_math": 1, "count_mildly_off": 0, "count_way_off": 0}, "tips_service": {"n": 61, "count_good_approximation": 61, "count_exact_math": 0, "count_mildly_off": 0, "count_way_off": 0}, "crowd_density": {"n": 49, "count_good_approximation": 4, "count_exact_math": 37, "count_mildly_off": 3, "count_way_off": 5}, "drive_time": {"n": 49, "count_good_approximation": 43, "count_exact_math": 0, "count_mildly_off": 6, "count_way_off": 0}, "fill_rate": {"n": 48, "count_good_approximation": 28, "count_exact_math": 15, "count_mildly_off": 5, "count_way_off": 0}}, "tool_call_count": 0, "avg_elapsed_seconds": 0.5706431918144226, "avg_tokens_non_final": 3.0, "avg_tokens_reasoning": 0.0, "avg_tokens": 3.0, "avg_completion_tokens": 7.09, "avg_prompt_tokens": 200.838, "avg_total_tokens": 207.928, "avg_flops_estimate": null, "token_counts_include_prompt": true, "token_count_sources": {"tokenizer": 500}, "avg_relative_error": 0.18101513622574922, "median_relative_error": 0.04761904761904766}}
