{"id": "basket_sum_000171", "topic": "basket_sum", "subtopic": "decimal_prices", "prompt": "You’re buying 3 items: $7.04, $12.56, $5.78. About how much will you pay (before tax)?", "exact_value": 25.38, "model": "Dream-org/Dream-v0-Instruct-7B", "provider": "transformers", "response": "Respond in this format (no extra text):\nFinal answer: <number><|im_end|>\n<|im_start|>assistant\n!!!!!!!!!!!!!!!!!!!!!!!!!!!!!!!!!!!!!!!!!!!!!!!!!!!!!!!!!!!!!!!!!!!!!!!!!!!!!!!!!!!!!!!!!!!!!!!!!!!!!!!!!!!!!!!!!!!!!!!!", "numeric_answer": null, "relative_error": null, "thinking_text": null, "has_tool_call": false, "tool_call": null, "usage": {"prompt_tokens": 101, "completion_tokens": 140, "total_tokens": 241, "token_count_source": "tokenizer"}, "decoding": {"temperature": 0.2, "top_p": null, "top_k": null, "max_tokens": 120, "seed": 42}, "prompt_tokens": 101, "completion_tokens": 140, "total_tokens": 241, "token_count_source": "tokenizer", "diffusion_steps": null, "flops_estimate": null, "flops_arch": null, "flops_model_params": null, "flops_active_params": null, "tokens_non_final": 12, "tokens_reasoning": 0, "tokens_response": 12, "elapsed_seconds": 41.655956506729126, "judgement": "Uncategorized"}
{"id": "basket_sum_000191", "topic": "basket_sum", "subtopic": "decimal_prices", "prompt": "You’re buying 5 items: $17.31, $7.03, $9.93, $19.51, $11.17. About how much will you pay (before tax)?", "exact_value": 64.95, "model": "Dream-org/Dream-v0-Instruct-7B", "provider": "transformers", "response": "><|im_end|>\n<|im_start|>assistant\n!!!!!!!!!!!!!!!!!!!!!!!!!!!!!!!!!!!!!!!!!!!!!!!!!!!!!!!!!!!!!!!!!!!!!!!!!!!!!!!!!!!!!!!!!!!!!!!!!!!!!!!!!!!!!!!!!!!!!!!!", "numeric_answer": null, "relative_error": null, "thinking_text": null, "has_tool_call": false, "tool_call": null, "usage": {"prompt_tokens": 115, "completion_tokens": 126, "total_tokens": 241, "token_count_source": "tokenizer"}, "decoding": {"temperature": 0.2, "top_p": null, "top_k": null, "max_tokens": 120, "seed": 42}, "prompt_tokens": 115, "completion_tokens": 126, "total_tokens": 241, "token_count_source": "tokenizer", "diffusion_steps": null, "flops_estimate": null, "flops_arch": null, "flops_model_params": null, "flops_active_params": null, "tokens_non_final": 3, "tokens_reasoning": 0, "tokens_response": 3, "elapsed_seconds": 41.655956506729126, "judgement": "Uncategorized"}
{"id": "basket_sum_000211", "topic": "basket_sum", "subtopic": "decimal_prices", "prompt": "You’re buying 6 items: $13.05, $4.61, $17.83, $17.37, $4.97, $2.96. About how much will you pay (before tax)?", "exact_value": 60.79, "model": "Dream-org/Dream-v0-Instruct-7B", "provider": "transformers", "response": "Final answer: 27.22", "numeric_answer": 27.22, "relative_error": 0.5522289850304326, "thinking_text": null, "has_tool_call": false, "tool_call": null, "usage": {"prompt_tokens": 121, "completion_tokens": 120, "total_tokens": 241, "token_count_source": "tokenizer"}, "decoding": {"temperature": 0.2, "top_p": null, "top_k": null, "max_tokens": 120, "seed": 42}, "prompt_tokens": 121, "completion_tokens": 120, "total_tokens": 241, "token_count_source": "tokenizer", "diffusion_steps": null, "flops_estimate": null, "flops_arch": null, "flops_model_params": null, "flops_active_params": null, "tokens_non_final": 3, "tokens_reasoning": 0, "tokens_response": 3, "elapsed_seconds": 41.655956506729126, "judgement": "Mildly off"}
{"id": "basket_sum_000231", "topic": "basket_sum", "subtopic": "decimal_prices", "prompt": "You’re buying 6 items: $4.43, $10.89, $5.57, $12.80, $4.22, $15.17. About how much will you pay (before tax)?", "exact_value": 53.08, "model": "Dream-org/Dream-v0-Instruct-7B", "provider": "transformers", "response": "Final answer: $121.02", "numeric_answer": 121.02, "relative_error": 1.2799547852298419, "thinking_text": null, "has_tool_call": false, "tool_call": null, "usage": {"prompt_tokens": 121, "completion_tokens": 120, "total_tokens": 241, "token_count_source": "tokenizer"}, "decoding": {"temperature": 0.2, "top_p": null, "top_k": null, "max_tokens": 120, "seed": 42}, "prompt_tokens": 121, "completion_tokens": 120, "total_tokens": 241, "token_count_source": "tokenizer", "diffusion_steps": null, "flops_estimate": null, "flops_arch": null, "flops_model_params": null, "flops_active_params": null, "tokens_non_final": 3, "tokens_reasoning": 0, "tokens_response": 3, "elapsed_seconds": 41.655956506729126, "judgement": "Way off"}
{"id": "basket_sum_000251", "topic": "basket_sum", "subtopic": "decimal_prices", "prompt": "You’re buying 4 items: $7.24, $9.93, $15.10, $11.31. About how much will you pay (before tax)?", "exact_value": 43.58, "model": "Dream-org/Dream-v0-Instruct-7B", "provider": "transformers", "response": "!!!!!!!!!!!!!!!!!!!!!!!!!!!!!!!!!!!!!!!!!!!!!!!!!!!!!!!!!!!!!!!!!!!!!!!!!!!!!!!!!!!!!!!!!!!!!!!!!!!!!!!!!!!!!!!!!!!!!!!!", "numeric_answer": null, "relative_error": null, "thinking_text": null, "has_tool_call": false, "tool_call": null, "usage": {"prompt_tokens": 108, "completion_tokens": 121, "total_tokens": 229, "token_count_source": "tokenizer"}, "decoding": {"temperature": 0.2, "top_p": null, "top_k": null, "max_tokens": 120, "seed": 42}, "prompt_tokens": 108, "completion_tokens": 121, "total_tokens": 229, "token_count_source": "tokenizer", "diffusion_steps": null, "flops_estimate": null, "flops_arch": null, "flops_model_params": null, "flops_active_params": null, "tokens_non_final": 1, "tokens_reasoning": 0, "tokens_response": 1, "elapsed_seconds": 41.58340883255005, "judgement": "Uncategorized"}
{"id": "basket_sum_000271", "topic": "basket_sum", "subtopic": "decimal_prices", "prompt": "You’re buying 4 items: $19.91, $19.58, $6.09, $1.98. About how much will you pay (before tax)?", "exact_value": 47.56, "model": "Dream-org/Dream-v0-Instruct-7B", "provider": "transformers", "response": "!!!!!!!!!!!!!!!!!!!!!!!!!!!!!!!!!!!!!!!!!!!!!!!!!!!!!!!!!!!!!!!!!!!!!!!!!!!!!!!!!!!!!!!!!!!!!!!!!!!!!!!!!!!!!!!!!!!!!!!!", "numeric_answer": null, "relative_error": null, "thinking_text": null, "has_tool_call": false, "tool_call": null, "usage": {"prompt_tokens": 108, "completion_tokens": 121, "total_tokens": 229, "token_count_source": "tokenizer"}, "decoding": {"temperature": 0.2, "top_p": null, "top_k": null, "max_tokens": 120, "seed": 42}, "prompt_tokens": 108, "completion_tokens": 121, "total_tokens": 229, "token_count_source": "tokenizer", "diffusion_steps": null, "flops_estimate": null, "flops_arch": null, "flops_model_params": null, "flops_active_params": null, "tokens_non_final": 1, "tokens_reasoning": 0, "tokens_response": 1, "elapsed_seconds": 41.58340883255005, "judgement": "Uncategorized"}
{"id": "basket_sum_000291", "topic": "basket_sum", "subtopic": "decimal_prices", "prompt": "You’re buying 4 items: $10.75, $8.39, $14.91, $11.50. About how much will you pay (before tax)?", "exact_value": 45.55, "model": "Dream-org/Dream-v0-Instruct-7B", "provider": "transformers", "response": "Final answer: 103.22", "numeric_answer": 103.22, "relative_error": 1.2660812294182218, "thinking_text": null, "has_tool_call": false, "tool_call": null, "usage": {"prompt_tokens": 109, "completion_tokens": 120, "total_tokens": 229, "token_count_source": "tokenizer"}, "decoding": {"temperature": 0.2, "top_p": null, "top_k": null, "max_tokens": 120, "seed": 42}, "prompt_tokens": 109, "completion_tokens": 120, "total_tokens": 229, "token_count_source": "tokenizer", "diffusion_steps": null, "flops_estimate": null, "flops_arch": null, "flops_model_params": null, "flops_active_params": null, "tokens_non_final": 3, "tokens_reasoning": 0, "tokens_response": 3, "elapsed_seconds": 41.58340883255005, "judgement": "Way off"}
{"id": "basket_sum_000311", "topic": "basket_sum", "subtopic": "decimal_prices", "prompt": "You’re buying 3 items: $15.35, $16.98, $2.04. About how much will you pay (before tax)?", "exact_value": 34.37, "model": "Dream-org/Dream-v0-Instruct-7B", "provider": "transformers", "response": "number><|im_end|>\n<|im_start|>assistant\n!!!!!!!!!!!!!!!!!!!!!!!!!!!!!!!!!!!!!!!!!!!!!!!!!!!!!!!!!!!!!!!!!!!!!!!!!!!!!!!!!!!!!!!!!!!!!!!!!!!!!!!!!!!!!!!!!!!!!!!!", "numeric_answer": null, "relative_error": null, "thinking_text": null, "has_tool_call": false, "tool_call": null, "usage": {"prompt_tokens": 102, "completion_tokens": 127, "total_tokens": 229, "token_count_source": "tokenizer"}, "decoding": {"temperature": 0.2, "top_p": null, "top_k": null, "max_tokens": 120, "seed": 42}, "prompt_tokens": 102, "completion_tokens": 127, "total_tokens": 229, "token_count_source": "tokenizer", "diffusion_steps": null, "flops_estimate": null, "flops_arch": null, "flops_model_params": null, "flops_active_params": null, "tokens_non_final": 3, "tokens_reasoning": 0, "tokens_response": 3, "elapsed_seconds": 41.58340883255005, "judgement": "Uncategorized"}
{"id": "basket_sum_000331", "topic": "basket_sum", "subtopic": "decimal_prices", "prompt": "You’re buying 6 items: $10.51, $16.13, $18.17, $3.75, $7.32, $10.07. About how much will you pay (before tax)?", "exact_value": 65.95, "model": "Dream-org/Dream-v0-Instruct-7B", "provider": "transformers", "response": "Final answer: $22.22", "numeric_answer": 22.22, "relative_error": 0.6630780894617134, "thinking_text": null, "has_tool_call": false, "tool_call": null, "usage": {"prompt_tokens": 122, "completion_tokens": 120, "total_tokens": 242, "token_count_source": "tokenizer"}, "decoding": {"temperature": 0.2, "top_p": null, "top_k": null, "max_tokens": 120, "seed": 42}, "prompt_tokens": 122, "completion_tokens": 120, "total_tokens": 242, "token_count_source": "tokenizer", "diffusion_steps": null, "flops_estimate": null, "flops_arch": null, "flops_model_params": null, "flops_active_params": null, "tokens_non_final": 3, "tokens_reasoning": 0, "tokens_response": 3, "elapsed_seconds": 41.600075483322144, "judgement": "Way off"}
{"id": "basket_sum_000351", "topic": "basket_sum", "subtopic": "decimal_prices", "prompt": "You’re buying 5 items: $4.79, $14.12, $9.07, $19.61, $11.68. About how much will you pay (before tax)?", "exact_value": 59.27, "model": "Dream-org/Dream-v0-Instruct-7B", "provider": "transformers", "response": "number><|im_end|>\n<|im_start|>assistant\n!!!!!!!!!!!!!!!!!!!!!!!!!!!!!!!!!!!!!!!!!!!!!!!!!!!!!!!!!!!!!!!!!!!!!!!!!!!!!!!!!!!!!!!!!!!!!!!!!!!!!!!!!!!!!!!!!!!!!!!!", "numeric_answer": null, "relative_error": null, "thinking_text": null, "has_tool_call": false, "tool_call": null, "usage": {"prompt_tokens": 115, "completion_tokens": 127, "total_tokens": 242, "token_count_source": "tokenizer"}, "decoding": {"temperature": 0.2, "top_p": null, "top_k": null, "max_tokens": 120, "seed": 42}, "prompt_tokens": 115, "completion_tokens": 127, "total_tokens": 242, "token_count_source": "tokenizer", "diffusion_steps": null, "flops_estimate": null, "flops_arch": null, "flops_model_params": null, "flops_active_params": null, "tokens_non_final": 3, "tokens_reasoning": 0, "tokens_response": 3, "elapsed_seconds": 41.600075483322144, "judgement": "Uncategorized"}
{"id": "basket_sum_000371", "topic": "basket_sum", "subtopic": "decimal_prices", "prompt": "You’re buying 5 items: $9.72, $2.29, $17.88, $2.49, $9.86. About how much will you pay (before tax)?", "exact_value": 42.24, "model": "Dream-org/Dream-v0-Instruct-7B", "provider": "transformers", "response": ": <number><|im_end|>\n<|im_start|>assistant\n!!!!!!!!!!!!!!!!!!!!!!!!!!!!!!!!!!!!!!!!!!!!!!!!!!!!!!!!!!!!!!!!!!!!!!!!!!!!!!!!!!!!!!!!!!!!!!!!!!!!!!!!!!!!!!!!!!!!!!!!", "numeric_answer": null, "relative_error": null, "thinking_text": null, "has_tool_call": false, "tool_call": null, "usage": {"prompt_tokens": 113, "completion_tokens": 129, "total_tokens": 242, "token_count_source": "tokenizer"}, "decoding": {"temperature": 0.2, "top_p": null, "top_k": null, "max_tokens": 120, "seed": 42}, "prompt_tokens": 113, "completion_tokens": 129, "total_tokens": 242, "token_count_source": "tokenizer", "diffusion_steps": null, "flops_estimate": null, "flops_arch": null, "flops_model_params": null, "flops_active_params": null, "tokens_non_final": 4, "tokens_reasoning": 0, "tokens_response": 4, "elapsed_seconds": 41.600075483322144, "judgement": "Uncategorized"}
{"id": "basket_sum_000391", "topic": "basket_sum", "subtopic": "decimal_prices", "prompt": "You’re buying 6 items: $2.67, $2.79, $9.35, $5.00, $6.23, $4.50. About how much will you pay (before tax)?", "exact_value": 30.54, "model": "Dream-org/Dream-v0-Instruct-7B", "provider": "transformers", "response": "<|im_start|>assistant\n!!!!!!!!!!!!!!!!!!!!!!!!!!!!!!!!!!!!!!!!!!!!!!!!!!!!!!!!!!!!!!!!!!!!!!!!!!!!!!!!!!!!!!!!!!!!!!!!!!!!!!!!!!!!!!!!!!!!!!!!", "numeric_answer": null, "relative_error": null, "thinking_text": null, "has_tool_call": false, "tool_call": null, "usage": {"prompt_tokens": 118, "completion_tokens": 124, "total_tokens": 242, "token_count_source": "tokenizer"}, "decoding": {"temperature": 0.2, "top_p": null, "top_k": null, "max_tokens": 120, "seed": 42}, "prompt_tokens": 118, "completion_tokens": 124, "total_tokens": 242, "token_count_source": "tokenizer", "diffusion_steps": null, "flops_estimate": null, "flops_arch": null, "flops_model_params": null, "flops_active_params": null, "tokens_non_final": 2, "tokens_reasoning": 0, "tokens_response": 2, "elapsed_seconds": 41.600075483322144, "judgement": "Uncategorized"}
{"id": "basket_sum_000411", "topic": "basket_sum", "subtopic": "decimal_prices", "prompt": "You’re buying 6 items: $19.35, $1.11, $7.30, $7.27, $14.63, $8.58. About how much will you pay (before tax)?", "exact_value": 58.24, "model": "Dream-org/Dream-v0-Instruct-7B", "provider": "transformers", "response": "Final answer: 22.22", "numeric_answer": 22.22, "relative_error": 0.6184752747252747, "thinking_text": null, "has_tool_call": false, "tool_call": null, "usage": {"prompt_tokens": 120, "completion_tokens": 120, "total_tokens": 240, "token_count_source": "tokenizer"}, "decoding": {"temperature": 0.2, "top_p": null, "top_k": null, "max_tokens": 120, "seed": 42}, "prompt_tokens": 120, "completion_tokens": 120, "total_tokens": 240, "token_count_source": "tokenizer", "diffusion_steps": null, "flops_estimate": null, "flops_arch": null, "flops_model_params": null, "flops_active_params": null, "tokens_non_final": 3, "tokens_reasoning": 0, "tokens_response": 3, "elapsed_seconds": 41.43590021133423, "judgement": "Way off"}
{"id": "basket_sum_000431", "topic": "basket_sum", "subtopic": "decimal_prices", "prompt": "You’re buying 5 items: $7.21, $16.25, $15.35, $1.62, $15.01. About how much will you pay (before tax)?", "exact_value": 55.44, "model": "Dream-org/Dream-v0-Instruct-7B", "provider": "transformers", "response": "<|im_end|>\n<|im_start|>assistant\n!!!!!!!!!!!!!!!!!!!!!!!!!!!!!!!!!!!!!!!!!!!!!!!!!!!!!!!!!!!!!!!!!!!!!!!!!!!!!!!!!!!!!!!!!!!!!!!!!!!!!!!!!!!!!!!!!!!!!!!!", "numeric_answer": null, "relative_error": null, "thinking_text": null, "has_tool_call": false, "tool_call": null, "usage": {"prompt_tokens": 115, "completion_tokens": 125, "total_tokens": 240, "token_count_source": "tokenizer"}, "decoding": {"temperature": 0.2, "top_p": null, "top_k": null, "max_tokens": 120, "seed": 42}, "prompt_tokens": 115, "completion_tokens": 125, "total_tokens": 240, "token_count_source": "tokenizer", "diffusion_steps": null, "flops_estimate": null, "flops_arch": null, "flops_model_params": null, "flops_active_params": null, "tokens_non_final": 3, "tokens_reasoning": 0, "tokens_response": 3, "elapsed_seconds": 41.43590021133423, "judgement": "Uncategorized"}
{"id": "basket_sum_000451", "topic": "basket_sum", "subtopic": "decimal_prices", "prompt": "You’re buying 4 items: $15.91, $2.34, $17.70, $14.92. About how much will you pay (before tax)?", "exact_value": 50.87, "model": "Dream-org/Dream-v0-Instruct-7B", "provider": "transformers", "response": "Final answer: <number><|im_end|>\n<|im_start|>assistant\n!!!!!!!!!!!!!!!!!!!!!!!!!!!!!!!!!!!!!!!!!!!!!!!!!!!!!!!!!!!!!!!!!!!!!!!!!!!!!!!!!!!!!!!!!!!!!!!!!!!!!!!!!!!!!!!!!!!!!!!!", "numeric_answer": null, "relative_error": null, "thinking_text": null, "has_tool_call": false, "tool_call": null, "usage": {"prompt_tokens": 109, "completion_tokens": 131, "total_tokens": 240, "token_count_source": "tokenizer"}, "decoding": {"temperature": 0.2, "top_p": null, "top_k": null, "max_tokens": 120, "seed": 42}, "prompt_tokens": 109, "completion_tokens": 131, "total_tokens": 240, "token_count_source": "tokenizer", "diffusion_steps": null, "flops_estimate": null, "flops_arch": null, "flops_model_params": null, "flops_active_params": null, "tokens_non_final": 5, "tokens_reasoning": 0, "tokens_response": 5, "elapsed_seconds": 41.43590021133423, "judgement": "Uncategorized"}
{"id": "basket_sum_000471", "topic": "basket_sum", "subtopic": "decimal_prices", "prompt": "You’re buying 5 items: $9.40, $19.52, $11.04, $3.12, $1.27. About how much will you pay (before tax)?", "exact_value": 44.35, "model": "Dream-org/Dream-v0-Instruct-7B", "provider": "transformers", "response": "><|im_end|>\n<|im_start|>assistant\n!!!!!!!!!!!!!!!!!!!!!!!!!!!!!!!!!!!!!!!!!!!!!!!!!!!!!!!!!!!!!!!!!!!!!!!!!!!!!!!!!!!!!!!!!!!!!!!!!!!!!!!!!!!!!!!!!!!!!!!!", "numeric_answer": null, "relative_error": null, "thinking_text": null, "has_tool_call": false, "tool_call": null, "usage": {"prompt_tokens": 114, "completion_tokens": 126, "total_tokens": 240, "token_count_source": "tokenizer"}, "decoding": {"temperature": 0.2, "top_p": null, "top_k": null, "max_tokens": 120, "seed": 42}, "prompt_tokens": 114, "completion_tokens": 126, "total_tokens": 240, "token_count_source": "tokenizer", "diffusion_steps": null, "flops_estimate": null, "flops_arch": null, "flops_model_params": null, "flops_active_params": null, "tokens_non_final": 3, "tokens_reasoning": 0, "tokens_response": 3, "elapsed_seconds": 41.43590021133423, "judgement": "Uncategorized"}
{"id": "basket_sum_000491", "topic": "basket_sum", "subtopic": "decimal_prices", "prompt": "You’re buying 3 items: $12.29, $7.74, $10.02. About how much will you pay (before tax)?", "exact_value": 30.05, "model": "Dream-org/Dream-v0-Instruct-7B", "provider": "transformers", "response": "text):\nFinal answer: <number><|im_end|>\n<|im_start|>assistant\n!!!!!!!!!!!!!!!!!!!!!!!!!!!!!!!!!!!!!!!!!!!!!!!!!!!!!!!!!!!!!!!!!!!!!!!!!!!!!!!!!!!!!!!!!!!!!!!!!!!!!!!!!!!!!!!!!!!!!!!!", "numeric_answer": null, "relative_error": null, "thinking_text": null, "has_tool_call": false, "tool_call": null, "usage": {"prompt_tokens": 102, "completion_tokens": 133, "total_tokens": 235, "token_count_source": "tokenizer"}, "decoding": {"temperature": 0.2, "top_p": null, "top_k": null, "max_tokens": 120, "seed": 42}, "prompt_tokens": 102, "completion_tokens": 133, "total_tokens": 235, "token_count_source": "tokenizer", "diffusion_steps": null, "flops_estimate": null, "flops_arch": null, "flops_model_params": null, "flops_active_params": null, "tokens_non_final": 6, "tokens_reasoning": 0, "tokens_response": 6, "elapsed_seconds": 41.449379682540894, "judgement": "Uncategorized"}
{"id": "basket_sum_000511", "topic": "basket_sum", "subtopic": "decimal_prices", "prompt": "You’re buying 5 items: $19.01, $7.47, $3.87, $10.40, $14.78. About how much will you pay (before tax)?", "exact_value": 55.53, "model": "Dream-org/Dream-v0-Instruct-7B", "provider": "transformers", "response": "Final answer: 20.12", "numeric_answer": 20.12, "relative_error": 0.6376733297316765, "thinking_text": null, "has_tool_call": false, "tool_call": null, "usage": {"prompt_tokens": 115, "completion_tokens": 120, "total_tokens": 235, "token_count_source": "tokenizer"}, "decoding": {"temperature": 0.2, "top_p": null, "top_k": null, "max_tokens": 120, "seed": 42}, "prompt_tokens": 115, "completion_tokens": 120, "total_tokens": 235, "token_count_source": "tokenizer", "diffusion_steps": null, "flops_estimate": null, "flops_arch": null, "flops_model_params": null, "flops_active_params": null, "tokens_non_final": 3, "tokens_reasoning": 0, "tokens_response": 3, "elapsed_seconds": 41.449379682540894, "judgement": "Way off"}
{"id": "basket_sum_000531", "topic": "basket_sum", "subtopic": "decimal_prices", "prompt": "You’re buying 3 items: $19.08, $1.40, $9.05. About how much will you pay (before tax)?", "exact_value": 29.53, "model": "Dream-org/Dream-v0-Instruct-7B", "provider": "transformers", "response": "extra text):\nFinal answer: <number><|im_end|>\n<|im_start|>assistant\n!!!!!!!!!!!!!!!!!!!!!!!!!!!!!!!!!!!!!!!!!!!!!!!!!!!!!!!!!!!!!!!!!!!!!!!!!!!!!!!!!!!!!!!!!!!!!!!!!!!!!!!!!!!!!!!!!!!!!!!!", "numeric_answer": null, "relative_error": null, "thinking_text": null, "has_tool_call": false, "tool_call": null, "usage": {"prompt_tokens": 101, "completion_tokens": 134, "total_tokens": 235, "token_count_source": "tokenizer"}, "decoding": {"temperature": 0.2, "top_p": null, "top_k": null, "max_tokens": 120, "seed": 42}, "prompt_tokens": 101, "completion_tokens": 134, "total_tokens": 235, "token_count_source": "tokenizer", "diffusion_steps": null, "flops_estimate": null, "flops_arch": null, "flops_model_params": null, "flops_active_params": null, "tokens_non_final": 7, "tokens_reasoning": 0, "tokens_response": 7, "elapsed_seconds": 41.449379682540894, "judgement": "Uncategorized"}
{"id": "basket_sum_000551", "topic": "basket_sum", "subtopic": "decimal_prices", "prompt": "You’re buying 4 items: $11.87, $4.88, $19.26, $15.04. About how much will you pay (before tax)?", "exact_value": 51.05, "model": "Dream-org/Dream-v0-Instruct-7B", "provider": "transformers", "response": "><|im_end|>\n<|im_start|>assistant\n!!!!!!!!!!!!!!!!!!!!!!!!!!!!!!!!!!!!!!!!!!!!!!!!!!!!!!!!!!!!!!!!!!!!!!!!!!!!!!!!!!!!!!!!!!!!!!!!!!!!!!!!!!!!!!!!!!!!!!!!", "numeric_answer": null, "relative_error": null, "thinking_text": null, "has_tool_call": false, "tool_call": null, "usage": {"prompt_tokens": 109, "completion_tokens": 126, "total_tokens": 235, "token_count_source": "tokenizer"}, "decoding": {"temperature": 0.2, "top_p": null, "top_k": null, "max_tokens": 120, "seed": 42}, "prompt_tokens": 109, "completion_tokens": 126, "total_tokens": 235, "token_count_source": "tokenizer", "diffusion_steps": null, "flops_estimate": null, "flops_arch": null, "flops_model_params": null, "flops_active_params": null, "tokens_non_final": 3, "tokens_reasoning": 0, "tokens_response": 3, "elapsed_seconds": 41.449379682540894, "judgement": "Uncategorized"}
{"id": "basket_sum_000571", "topic": "basket_sum", "subtopic": "decimal_prices", "prompt": "You’re buying 6 items: $6.73, $19.19, $7.76, $16.39, $3.13, $17.44. About how much will you pay (before tax)?", "exact_value": 70.64, "model": "Dream-org/Dream-v0-Instruct-7B", "provider": "transformers", "response": "assistant\n!!!!!!!!!!!!!!!!!!!!!!!!!!!!!!!!!!!!!!!!!!!!!!!!!!!!!!!!!!!!!!!!!!!!!!!!!!!!!!!!!!!!!!!!!!!!!!!!!!!!!!!!!!!!!!!!!!!!!!!!", "numeric_answer": null, "relative_error": null, "thinking_text": null, "has_tool_call": false, "tool_call": null, "usage": {"prompt_tokens": 121, "completion_tokens": 122, "total_tokens": 243, "token_count_source": "tokenizer"}, "decoding": {"temperature": 0.2, "top_p": null, "top_k": null, "max_tokens": 120, "seed": 42}, "prompt_tokens": 121, "completion_tokens": 122, "total_tokens": 243, "token_count_source": "tokenizer", "diffusion_steps": null, "flops_estimate": null, "flops_arch": null, "flops_model_params": null, "flops_active_params": null, "tokens_non_final": 2, "tokens_reasoning": 0, "tokens_response": 2, "elapsed_seconds": 41.779704093933105, "judgement": "Uncategorized"}
{"id": "basket_sum_000591", "topic": "basket_sum", "subtopic": "decimal_prices", "prompt": "You’re buying 3 items: $0.99, $3.35, $7.00. About how much will you pay (before tax)?", "exact_value": 11.34, "model": "Dream-org/Dream-v0-Instruct-7B", "provider": "transformers", "response": "no units).\nRespond in this format (no extra text):\nFinal answer: <number><|im_end|>\n<|im_start|>assistant\n!!!!!!!!!!!!!!!!!!!!!!!!!!!!!!!!!!!!!!!!!!!!!!!!!!!!!!!!!!!!!!!!!!!!!!!!!!!!!!!!!!!!!!!!!!!!!!!!!!!!!!!!!!!!!!!!!!!!!!!!", "numeric_answer": null, "relative_error": null, "thinking_text": null, "has_tool_call": false, "tool_call": null, "usage": {"prompt_tokens": 100, "completion_tokens": 143, "total_tokens": 243, "token_count_source": "tokenizer"}, "decoding": {"temperature": 0.2, "top_p": null, "top_k": null, "max_tokens": 120, "seed": 42}, "prompt_tokens": 100, "completion_tokens": 143, "total_tokens": 243, "token_count_source": "tokenizer", "diffusion_steps": null, "flops_estimate": null, "flops_arch": null, "flops_model_params": null, "flops_active_params": null, "tokens_non_final": 14, "tokens_reasoning": 0, "tokens_response": 14, "elapsed_seconds": 41.779704093933105, "judgement": "Uncategorized"}
{"id": "basket_sum_000611", "topic": "basket_sum", "subtopic": "decimal_prices", "prompt": "You’re buying 5 items: $18.98, $19.99, $18.20, $16.09, $3.27. About how much will you pay (before tax)?", "exact_value": 76.53, "model": "Dream-org/Dream-v0-Instruct-7B", "provider": "transformers", "response": "number><|im_end|>\n<|im_start|>assistant\n!!!!!!!!!!!!!!!!!!!!!!!!!!!!!!!!!!!!!!!!!!!!!!!!!!!!!!!!!!!!!!!!!!!!!!!!!!!!!!!!!!!!!!!!!!!!!!!!!!!!!!!!!!!!!!!!!!!!!!!!", "numeric_answer": null, "relative_error": null, "thinking_text": null, "has_tool_call": false, "tool_call": null, "usage": {"prompt_tokens": 116, "completion_tokens": 127, "total_tokens": 243, "token_count_source": "tokenizer"}, "decoding": {"temperature": 0.2, "top_p": null, "top_k": null, "max_tokens": 120, "seed": 42}, "prompt_tokens": 116, "completion_tokens": 127, "total_tokens": 243, "token_count_source": "tokenizer", "diffusion_steps": null, "flops_estimate": null, "flops_arch": null, "flops_model_params": null, "flops_active_params": null, "tokens_non_final": 3, "tokens_reasoning": 0, "tokens_response": 3, "elapsed_seconds": 41.779704093933105, "judgement": "Uncategorized"}
{"id": "basket_sum_000631", "topic": "basket_sum", "subtopic": "decimal_prices", "prompt": "You’re buying 6 items: $6.60, $16.40, $12.63, $14.05, $19.28, $13.75. About how much will you pay (before tax)?", "exact_value": 82.71, "model": "Dream-org/Dream-v0-Instruct-7B", "provider": "transformers", "response": "Final answer: 22.62", "numeric_answer": 22.62, "relative_error": 0.7265143271672106, "thinking_text": null, "has_tool_call": false, "tool_call": null, "usage": {"prompt_tokens": 123, "completion_tokens": 120, "total_tokens": 243, "token_count_source": "tokenizer"}, "decoding": {"temperature": 0.2, "top_p": null, "top_k": null, "max_tokens": 120, "seed": 42}, "prompt_tokens": 123, "completion_tokens": 120, "total_tokens": 243, "token_count_source": "tokenizer", "diffusion_steps": null, "flops_estimate": null, "flops_arch": null, "flops_model_params": null, "flops_active_params": null, "tokens_non_final": 3, "tokens_reasoning": 0, "tokens_response": 3, "elapsed_seconds": 41.779704093933105, "judgement": "Way off"}
{"id": "basket_sum_000651", "topic": "basket_sum", "subtopic": "decimal_prices", "prompt": "You’re buying 3 items: $14.35, $18.58, $9.20. About how much will you pay (before tax)?", "exact_value": 42.13, "model": "Dream-org/Dream-v0-Instruct-7B", "provider": "transformers", "response": "this format (no extra text):\nFinal answer: <number><|im_end|>\n<|im_start|>assistant\n!!!!!!!!!!!!!!!!!!!!!!!!!!!!!!!!!!!!!!!!!!!!!!!!!!!!!!!!!!!!!!!!!!!!!!!!!!!!!!!!!!!!!!!!!!!!!!!!!!!!!!!!!!!!!!!!!!!!!!!!", "numeric_answer": null, "relative_error": null, "thinking_text": null, "has_tool_call": false, "tool_call": null, "usage": {"prompt_tokens": 102, "completion_tokens": 138, "total_tokens": 240, "token_count_source": "tokenizer"}, "decoding": {"temperature": 0.2, "top_p": null, "top_k": null, "max_tokens": 120, "seed": 42}, "prompt_tokens": 102, "completion_tokens": 138, "total_tokens": 240, "token_count_source": "tokenizer", "diffusion_steps": null, "flops_estimate": null, "flops_arch": null, "flops_model_params": null, "flops_active_params": null, "tokens_non_final": 10, "tokens_reasoning": 0, "tokens_response": 10, "elapsed_seconds": 41.426493644714355, "judgement": "Uncategorized"}
{"id": "basket_sum_000671", "topic": "basket_sum", "subtopic": "decimal_prices", "prompt": "You’re buying 5 items: $5.42, $15.65, $14.74, $19.74, $2.91. About how much will you pay (before tax)?", "exact_value": 58.46, "model": "Dream-org/Dream-v0-Instruct-7B", "provider": "transformers", "response": "<|im_end|>\n<|im_start|>assistant\n!!!!!!!!!!!!!!!!!!!!!!!!!!!!!!!!!!!!!!!!!!!!!!!!!!!!!!!!!!!!!!!!!!!!!!!!!!!!!!!!!!!!!!!!!!!!!!!!!!!!!!!!!!!!!!!!!!!!!!!!", "numeric_answer": null, "relative_error": null, "thinking_text": null, "has_tool_call": false, "tool_call": null, "usage": {"prompt_tokens": 115, "completion_tokens": 125, "total_tokens": 240, "token_count_source": "tokenizer"}, "decoding": {"temperature": 0.2, "top_p": null, "top_k": null, "max_tokens": 120, "seed": 42}, "prompt_tokens": 115, "completion_tokens": 125, "total_tokens": 240, "token_count_source": "tokenizer", "diffusion_steps": null, "flops_estimate": null, "flops_arch": null, "flops_model_params": null, "flops_active_params": null, "tokens_non_final": 3, "tokens_reasoning": 0, "tokens_response": 3, "elapsed_seconds": 41.426493644714355, "judgement": "Uncategorized"}
{"id": "basket_sum_000691", "topic": "basket_sum", "subtopic": "decimal_prices", "prompt": "You’re buying 6 items: $8.22, $18.07, $7.30, $1.67, $13.66, $9.30. About how much will you pay (before tax)?", "exact_value": 58.22, "model": "Dream-org/Dream-v0-Instruct-7B", "provider": "transformers", "response": "Final answer: 20.32", "numeric_answer": 20.32, "relative_error": 0.6509790450017177, "thinking_text": null, "has_tool_call": false, "tool_call": null, "usage": {"prompt_tokens": 120, "completion_tokens": 120, "total_tokens": 240, "token_count_source": "tokenizer"}, "decoding": {"temperature": 0.2, "top_p": null, "top_k": null, "max_tokens": 120, "seed": 42}, "prompt_tokens": 120, "completion_tokens": 120, "total_tokens": 240, "token_count_source": "tokenizer", "diffusion_steps": null, "flops_estimate": null, "flops_arch": null, "flops_model_params": null, "flops_active_params": null, "tokens_non_final": 3, "tokens_reasoning": 0, "tokens_response": 3, "elapsed_seconds": 41.426493644714355, "judgement": "Way off"}
{"id": "basket_sum_000711", "topic": "basket_sum", "subtopic": "decimal_prices", "prompt": "You’re buying 3 items: $16.39, $19.24, $12.71. About how much will you pay (before tax)?", "exact_value": 48.34, "model": "Dream-org/Dream-v0-Instruct-7B", "provider": "transformers", "response": "format (no extra text):\nFinal answer: <number><|im_end|>\n<|im_start|>assistant\n!!!!!!!!!!!!!!!!!!!!!!!!!!!!!!!!!!!!!!!!!!!!!!!!!!!!!!!!!!!!!!!!!!!!!!!!!!!!!!!!!!!!!!!!!!!!!!!!!!!!!!!!!!!!!!!!!!!!!!!!", "numeric_answer": null, "relative_error": null, "thinking_text": null, "has_tool_call": false, "tool_call": null, "usage": {"prompt_tokens": 103, "completion_tokens": 137, "total_tokens": 240, "token_count_source": "tokenizer"}, "decoding": {"temperature": 0.2, "top_p": null, "top_k": null, "max_tokens": 120, "seed": 42}, "prompt_tokens": 103, "completion_tokens": 137, "total_tokens": 240, "token_count_source": "tokenizer", "diffusion_steps": null, "flops_estimate": null, "flops_arch": null, "flops_model_params": null, "flops_active_params": null, "tokens_non_final": 9, "tokens_reasoning": 0, "tokens_response": 9, "elapsed_seconds": 41.426493644714355, "judgement": "Uncategorized"}
{"id": "basket_sum_000731", "topic": "basket_sum", "subtopic": "decimal_prices", "prompt": "You’re buying 3 items: $17.18, $6.99, $17.00. About how much will you pay (before tax)?", "exact_value": 41.17, "model": "Dream-org/Dream-v0-Instruct-7B", "provider": "transformers", "response": "this format (no extra text):\nFinal answer: <number><|im_end|>\n<|im_start|>assistant\n!!!!!!!!!!!!!!!!!!!!!!!!!!!!!!!!!!!!!!!!!!!!!!!!!!!!!!!!!!!!!!!!!!!!!!!!!!!!!!!!!!!!!!!!!!!!!!!!!!!!!!!!!!!!!!!!!!!!!!!!", "numeric_answer": null, "relative_error": null, "thinking_text": null, "has_tool_call": false, "tool_call": null, "usage": {"prompt_tokens": 102, "completion_tokens": 138, "total_tokens": 240, "token_count_source": "tokenizer"}, "decoding": {"temperature": 0.2, "top_p": null, "top_k": null, "max_tokens": 120, "seed": 42}, "prompt_tokens": 102, "completion_tokens": 138, "total_tokens": 240, "token_count_source": "tokenizer", "diffusion_steps": null, "flops_estimate": null, "flops_arch": null, "flops_model_params": null, "flops_active_params": null, "tokens_non_final": 10, "tokens_reasoning": 0, "tokens_response": 10, "elapsed_seconds": 41.43807768821716, "judgement": "Uncategorized"}
{"id": "basket_sum_000751", "topic": "basket_sum", "subtopic": "decimal_prices", "prompt": "You’re buying 6 items: $6.72, $7.37, $7.87, $0.95, $12.05, $13.81. About how much will you pay (before tax)?", "exact_value": 48.77, "model": "Dream-org/Dream-v0-Instruct-7B", "provider": "transformers", "response": "Final answer: 22.25", "numeric_answer": 22.25, "relative_error": 0.5437769120360878, "thinking_text": null, "has_tool_call": false, "tool_call": null, "usage": {"prompt_tokens": 120, "completion_tokens": 120, "total_tokens": 240, "token_count_source": "tokenizer"}, "decoding": {"temperature": 0.2, "top_p": null, "top_k": null, "max_tokens": 120, "seed": 42}, "prompt_tokens": 120, "completion_tokens": 120, "total_tokens": 240, "token_count_source": "tokenizer", "diffusion_steps": null, "flops_estimate": null, "flops_arch": null, "flops_model_params": null, "flops_active_params": null, "tokens_non_final": 3, "tokens_reasoning": 0, "tokens_response": 3, "elapsed_seconds": 41.43807768821716, "judgement": "Mildly off"}
{"id": "basket_sum_000771", "topic": "basket_sum", "subtopic": "decimal_prices", "prompt": "You’re buying 4 items: $10.56, $15.22, $13.18, $10.57. About how much will you pay (before tax)?", "exact_value": 49.53, "model": "Dream-org/Dream-v0-Instruct-7B", "provider": "transformers", "response": "answer: <number><|im_end|>\n<|im_start|>assistant\n!!!!!!!!!!!!!!!!!!!!!!!!!!!!!!!!!!!!!!!!!!!!!!!!!!!!!!!!!!!!!!!!!!!!!!!!!!!!!!!!!!!!!!!!!!!!!!!!!!!!!!!!!!!!!!!!!!!!!!!!", "numeric_answer": null, "relative_error": null, "thinking_text": null, "has_tool_call": false, "tool_call": null, "usage": {"prompt_tokens": 110, "completion_tokens": 130, "total_tokens": 240, "token_count_source": "tokenizer"}, "decoding": {"temperature": 0.2, "top_p": null, "top_k": null, "max_tokens": 120, "seed": 42}, "prompt_tokens": 110, "completion_tokens": 130, "total_tokens": 240, "token_count_source": "tokenizer", "diffusion_steps": null, "flops_estimate": null, "flops_arch": null, "flops_model_params": null, "flops_active_params": null, "tokens_non_final": 4, "tokens_reasoning": 0, "tokens_response": 4, "elapsed_seconds": 41.43807768821716, "judgement": "Uncategorized"}
{"id": "basket_sum_000791", "topic": "basket_sum", "subtopic": "decimal_prices", "prompt": "You’re buying 5 items: $7.05, $1.24, $15.87, $18.50, $3.74. About how much will you pay (before tax)?", "exact_value": 46.4, "model": "Dream-org/Dream-v0-Instruct-7B", "provider": "transformers", "response": "><|im_end|>\n<|im_start|>assistant\n!!!!!!!!!!!!!!!!!!!!!!!!!!!!!!!!!!!!!!!!!!!!!!!!!!!!!!!!!!!!!!!!!!!!!!!!!!!!!!!!!!!!!!!!!!!!!!!!!!!!!!!!!!!!!!!!!!!!!!!!", "numeric_answer": null, "relative_error": null, "thinking_text": null, "has_tool_call": false, "tool_call": null, "usage": {"prompt_tokens": 114, "completion_tokens": 126, "total_tokens": 240, "token_count_source": "tokenizer"}, "decoding": {"temperature": 0.2, "top_p": null, "top_k": null, "max_tokens": 120, "seed": 42}, "prompt_tokens": 114, "completion_tokens": 126, "total_tokens": 240, "token_count_source": "tokenizer", "diffusion_steps": null, "flops_estimate": null, "flops_arch": null, "flops_model_params": null, "flops_active_params": null, "tokens_non_final": 3, "tokens_reasoning": 0, "tokens_response": 3, "elapsed_seconds": 41.43807768821716, "judgement": "Uncategorized"}
{"id": "basket_sum_000811", "topic": "basket_sum", "subtopic": "decimal_prices", "prompt": "You’re buying 4 items: $7.07, $15.16, $10.10, $2.10. About how much will you pay (before tax)?", "exact_value": 34.43, "model": "Dream-org/Dream-v0-Instruct-7B", "provider": "transformers", "response": "text):\nFinal answer: <number><|im_end|>\n<|im_start|>assistant\n!!!!!!!!!!!!!!!!!!!!!!!!!!!!!!!!!!!!!!!!!!!!!!!!!!!!!!!!!!!!!!!!!!!!!!!!!!!!!!!!!!!!!!!!!!!!!!!!!!!!!!!!!!!!!!!!!!!!!!!!", "numeric_answer": null, "relative_error": null, "thinking_text": null, "has_tool_call": false, "tool_call": null, "usage": {"prompt_tokens": 108, "completion_tokens": 133, "total_tokens": 241, "token_count_source": "tokenizer"}, "decoding": {"temperature": 0.2, "top_p": null, "top_k": null, "max_tokens": 120, "seed": 42}, "prompt_tokens": 108, "completion_tokens": 133, "total_tokens": 241, "token_count_source": "tokenizer", "diffusion_steps": null, "flops_estimate": null, "flops_arch": null, "flops_model_params": null, "flops_active_params": null, "tokens_non_final": 6, "tokens_reasoning": 0, "tokens_response": 6, "elapsed_seconds": 41.79246687889099, "judgement": "Uncategorized"}
{"id": "basket_sum_000831", "topic": "basket_sum", "subtopic": "decimal_prices", "prompt": "You’re buying 6 items: $8.13, $13.09, $5.25, $12.07, $19.77, $5.26. About how much will you pay (before tax)?", "exact_value": 63.57, "model": "Dream-org/Dream-v0-Instruct-7B", "provider": "transformers", "response": "Final answer: 29.", "numeric_answer": 29.0, "relative_error": 0.543809973257826, "thinking_text": null, "has_tool_call": false, "tool_call": null, "usage": {"prompt_tokens": 121, "completion_tokens": 120, "total_tokens": 241, "token_count_source": "tokenizer"}, "decoding": {"temperature": 0.2, "top_p": null, "top_k": null, "max_tokens": 120, "seed": 42}, "prompt_tokens": 121, "completion_tokens": 120, "total_tokens": 241, "token_count_source": "tokenizer", "diffusion_steps": null, "flops_estimate": null, "flops_arch": null, "flops_model_params": null, "flops_active_params": null, "tokens_non_final": 3, "tokens_reasoning": 0, "tokens_response": 3, "elapsed_seconds": 41.79246687889099, "judgement": "Mildly off"}
{"id": "basket_sum_000851", "topic": "basket_sum", "subtopic": "decimal_prices", "prompt": "You’re buying 6 items: $6.70, $19.75, $2.16, $17.78, $19.85, $3.18. About how much will you pay (before tax)?", "exact_value": 69.42, "model": "Dream-org/Dream-v0-Instruct-7B", "provider": "transformers", "response": "Final answer: 20.22", "numeric_answer": 20.22, "relative_error": 0.7087294727744167, "thinking_text": null, "has_tool_call": false, "tool_call": null, "usage": {"prompt_tokens": 121, "completion_tokens": 120, "total_tokens": 241, "token_count_source": "tokenizer"}, "decoding": {"temperature": 0.2, "top_p": null, "top_k": null, "max_tokens": 120, "seed": 42}, "prompt_tokens": 121, "completion_tokens": 120, "total_tokens": 241, "token_count_source": "tokenizer", "diffusion_steps": null, "flops_estimate": null, "flops_arch": null, "flops_model_params": null, "flops_active_params": null, "tokens_non_final": 3, "tokens_reasoning": 0, "tokens_response": 3, "elapsed_seconds": 41.79246687889099, "judgement": "Way off"}
{"id": "basket_sum_000871", "topic": "basket_sum", "subtopic": "decimal_prices", "prompt": "You’re buying 5 items: $19.98, $16.47, $18.86, $13.56, $8.06. About how much will you pay (before tax)?", "exact_value": 76.93, "model": "Dream-org/Dream-v0-Instruct-7B", "provider": "transformers", "response": "<|im_end|>\n<|im_start|>assistant\n!!!!!!!!!!!!!!!!!!!!!!!!!!!!!!!!!!!!!!!!!!!!!!!!!!!!!!!!!!!!!!!!!!!!!!!!!!!!!!!!!!!!!!!!!!!!!!!!!!!!!!!!!!!!!!!!!!!!!!!!", "numeric_answer": null, "relative_error": null, "thinking_text": null, "has_tool_call": false, "tool_call": null, "usage": {"prompt_tokens": 116, "completion_tokens": 125, "total_tokens": 241, "token_count_source": "tokenizer"}, "decoding": {"temperature": 0.2, "top_p": null, "top_k": null, "max_tokens": 120, "seed": 42}, "prompt_tokens": 116, "completion_tokens": 125, "total_tokens": 241, "token_count_source": "tokenizer", "diffusion_steps": null, "flops_estimate": null, "flops_arch": null, "flops_model_params": null, "flops_active_params": null, "tokens_non_final": 3, "tokens_reasoning": 0, "tokens_response": 3, "elapsed_seconds": 41.79246687889099, "judgement": "Uncategorized"}
{"id": "basket_sum_000891", "topic": "basket_sum", "subtopic": "decimal_prices", "prompt": "You’re buying 5 items: $15.60, $16.10, $18.72, $3.22, $13.53. About how much will you pay (before tax)?", "exact_value": 67.17, "model": "Dream-org/Dream-v0-Instruct-7B", "provider": "transformers", "response": "Final answer: 22.22", "numeric_answer": 22.22, "relative_error": 0.6691975584338247, "thinking_text": null, "has_tool_call": false, "tool_call": null, "usage": {"prompt_tokens": 116, "completion_tokens": 120, "total_tokens": 236, "token_count_source": "tokenizer"}, "decoding": {"temperature": 0.2, "top_p": null, "top_k": null, "max_tokens": 120, "seed": 42}, "prompt_tokens": 116, "completion_tokens": 120, "total_tokens": 236, "token_count_source": "tokenizer", "diffusion_steps": null, "flops_estimate": null, "flops_arch": null, "flops_model_params": null, "flops_active_params": null, "tokens_non_final": 3, "tokens_reasoning": 0, "tokens_response": 3, "elapsed_seconds": 41.41072368621826, "judgement": "Way off"}
{"id": "basket_sum_000911", "topic": "basket_sum", "subtopic": "decimal_prices", "prompt": "You’re buying 5 items: $12.93, $9.34, $1.01, $3.03, $3.13. About how much will you pay (before tax)?", "exact_value": 29.44, "model": "Dream-org/Dream-v0-Instruct-7B", "provider": "transformers", "response": "<|im_start|>assistant\n!!!!!!!!!!!!!!!!!!!!!!!!!!!!!!!!!!!!!!!!!!!!!!!!!!!!!!!!!!!!!!!!!!!!!!!!!!!!!!!!!!!!!!!!!!!!!!!!!!!!!!!!!!!!!!!!!!!!!!!!", "numeric_answer": null, "relative_error": null, "thinking_text": null, "has_tool_call": false, "tool_call": null, "usage": {"prompt_tokens": 113, "completion_tokens": 123, "total_tokens": 236, "token_count_source": "tokenizer"}, "decoding": {"temperature": 0.2, "top_p": null, "top_k": null, "max_tokens": 120, "seed": 42}, "prompt_tokens": 113, "completion_tokens": 123, "total_tokens": 236, "token_count_source": "tokenizer", "diffusion_steps": null, "flops_estimate": null, "flops_arch": null, "flops_model_params": null, "flops_active_params": null, "tokens_non_final": 2, "tokens_reasoning": 0, "tokens_response": 2, "elapsed_seconds": 41.41072368621826, "judgement": "Uncategorized"}
{"id": "basket_sum_000931", "topic": "basket_sum", "subtopic": "decimal_prices", "prompt": "You’re buying 3 items: $7.76, $7.19, $6.04. About how much will you pay (before tax)?", "exact_value": 20.99, "model": "Dream-org/Dream-v0-Instruct-7B", "provider": "transformers", "response": "(no extra text):\nFinal answer: <number><|im_end|>\n<|im_start|>assistant\n!!!!!!!!!!!!!!!!!!!!!!!!!!!!!!!!!!!!!!!!!!!!!!!!!!!!!!!!!!!!!!!!!!!!!!!!!!!!!!!!!!!!!!!!!!!!!!!!!!!!!!!!!!!!!!!!!!!!!!!!", "numeric_answer": null, "relative_error": null, "thinking_text": null, "has_tool_call": false, "tool_call": null, "usage": {"prompt_tokens": 100, "completion_tokens": 136, "total_tokens": 236, "token_count_source": "tokenizer"}, "decoding": {"temperature": 0.2, "top_p": null, "top_k": null, "max_tokens": 120, "seed": 42}, "prompt_tokens": 100, "completion_tokens": 136, "total_tokens": 236, "token_count_source": "tokenizer", "diffusion_steps": null, "flops_estimate": null, "flops_arch": null, "flops_model_params": null, "flops_active_params": null, "tokens_non_final": 8, "tokens_reasoning": 0, "tokens_response": 8, "elapsed_seconds": 41.41072368621826, "judgement": "Uncategorized"}
{"id": "basket_sum_000951", "topic": "basket_sum", "subtopic": "decimal_prices", "prompt": "You’re buying 3 items: $6.36, $10.07, $5.87. About how much will you pay (before tax)?", "exact_value": 22.3, "model": "Dream-org/Dream-v0-Instruct-7B", "provider": "transformers", "response": "no extra text):\nFinal answer: <number><|im_end|>\n<|im_start|>assistant\n!!!!!!!!!!!!!!!!!!!!!!!!!!!!!!!!!!!!!!!!!!!!!!!!!!!!!!!!!!!!!!!!!!!!!!!!!!!!!!!!!!!!!!!!!!!!!!!!!!!!!!!!!!!!!!!!!!!!!!!!", "numeric_answer": null, "relative_error": null, "thinking_text": null, "has_tool_call": false, "tool_call": null, "usage": {"prompt_tokens": 101, "completion_tokens": 135, "total_tokens": 236, "token_count_source": "tokenizer"}, "decoding": {"temperature": 0.2, "top_p": null, "top_k": null, "max_tokens": 120, "seed": 42}, "prompt_tokens": 101, "completion_tokens": 135, "total_tokens": 236, "token_count_source": "tokenizer", "diffusion_steps": null, "flops_estimate": null, "flops_arch": null, "flops_model_params": null, "flops_active_params": null, "tokens_non_final": 8, "tokens_reasoning": 0, "tokens_response": 8, "elapsed_seconds": 41.41072368621826, "judgement": "Uncategorized"}
{"id": "basket_sum_000971", "topic": "basket_sum", "subtopic": "decimal_prices", "prompt": "You’re buying 6 items: $10.87, $14.23, $19.61, $5.05, $8.97, $1.97. About how much will you pay (before tax)?", "exact_value": 60.7, "model": "Dream-org/Dream-v0-Instruct-7B", "provider": "transformers", "response": "Final answer: 121.22", "numeric_answer": 121.22, "relative_error": 0.9970345963756176, "thinking_text": null, "has_tool_call": false, "tool_call": null, "usage": {"prompt_tokens": 121, "completion_tokens": 120, "total_tokens": 241, "token_count_source": "tokenizer"}, "decoding": {"temperature": 0.2, "top_p": null, "top_k": null, "max_tokens": 120, "seed": 42}, "prompt_tokens": 121, "completion_tokens": 120, "total_tokens": 241, "token_count_source": "tokenizer", "diffusion_steps": null, "flops_estimate": null, "flops_arch": null, "flops_model_params": null, "flops_active_params": null, "tokens_non_final": 3, "tokens_reasoning": 0, "tokens_response": 3, "elapsed_seconds": 41.57292628288269, "judgement": "Way off"}
{"id": "basket_sum_000991", "topic": "basket_sum", "subtopic": "decimal_prices", "prompt": "You’re buying 4 items: $11.05, $0.82, $7.46, $12.41. About how much will you pay (before tax)?", "exact_value": 31.74, "model": "Dream-org/Dream-v0-Instruct-7B", "provider": "transformers", "response": "text):\nFinal answer: <number><|im_end|>\n<|im_start|>assistant\n!!!!!!!!!!!!!!!!!!!!!!!!!!!!!!!!!!!!!!!!!!!!!!!!!!!!!!!!!!!!!!!!!!!!!!!!!!!!!!!!!!!!!!!!!!!!!!!!!!!!!!!!!!!!!!!!!!!!!!!!", "numeric_answer": null, "relative_error": null, "thinking_text": null, "has_tool_call": false, "tool_call": null, "usage": {"prompt_tokens": 108, "completion_tokens": 133, "total_tokens": 241, "token_count_source": "tokenizer"}, "decoding": {"temperature": 0.2, "top_p": null, "top_k": null, "max_tokens": 120, "seed": 42}, "prompt_tokens": 108, "completion_tokens": 133, "total_tokens": 241, "token_count_source": "tokenizer", "diffusion_steps": null, "flops_estimate": null, "flops_arch": null, "flops_model_params": null, "flops_active_params": null, "tokens_non_final": 6, "tokens_reasoning": 0, "tokens_response": 6, "elapsed_seconds": 41.57292628288269, "judgement": "Uncategorized"}
{"id": "basket_sum_001011", "topic": "basket_sum", "subtopic": "decimal_prices", "prompt": "You’re buying 3 items: $10.23, $19.81, $5.10. About how much will you pay (before tax)?", "exact_value": 35.14, "model": "Dream-org/Dream-v0-Instruct-7B", "provider": "transformers", "response": "in this format (no extra text):\nFinal answer: <number><|im_end|>\n<|im_start|>assistant\n!!!!!!!!!!!!!!!!!!!!!!!!!!!!!!!!!!!!!!!!!!!!!!!!!!!!!!!!!!!!!!!!!!!!!!!!!!!!!!!!!!!!!!!!!!!!!!!!!!!!!!!!!!!!!!!!!!!!!!!!", "numeric_answer": null, "relative_error": null, "thinking_text": null, "has_tool_call": false, "tool_call": null, "usage": {"prompt_tokens": 102, "completion_tokens": 139, "total_tokens": 241, "token_count_source": "tokenizer"}, "decoding": {"temperature": 0.2, "top_p": null, "top_k": null, "max_tokens": 120, "seed": 42}, "prompt_tokens": 102, "completion_tokens": 139, "total_tokens": 241, "token_count_source": "tokenizer", "diffusion_steps": null, "flops_estimate": null, "flops_arch": null, "flops_model_params": null, "flops_active_params": null, "tokens_non_final": 11, "tokens_reasoning": 0, "tokens_response": 11, "elapsed_seconds": 41.57292628288269, "judgement": "Uncategorized"}
{"id": "basket_sum_001031", "topic": "basket_sum", "subtopic": "decimal_prices", "prompt": "You’re buying 3 items: $12.39, $4.12, $3.87. About how much will you pay (before tax)?", "exact_value": 20.38, "model": "Dream-org/Dream-v0-Instruct-7B", "provider": "transformers", "response": "Respond in this format (no extra text):\nFinal answer: <number><|im_end|>\n<|im_start|>assistant\n!!!!!!!!!!!!!!!!!!!!!!!!!!!!!!!!!!!!!!!!!!!!!!!!!!!!!!!!!!!!!!!!!!!!!!!!!!!!!!!!!!!!!!!!!!!!!!!!!!!!!!!!!!!!!!!!!!!!!!!!", "numeric_answer": null, "relative_error": null, "thinking_text": null, "has_tool_call": false, "tool_call": null, "usage": {"prompt_tokens": 101, "completion_tokens": 140, "total_tokens": 241, "token_count_source": "tokenizer"}, "decoding": {"temperature": 0.2, "top_p": null, "top_k": null, "max_tokens": 120, "seed": 42}, "prompt_tokens": 101, "completion_tokens": 140, "total_tokens": 241, "token_count_source": "tokenizer", "diffusion_steps": null, "flops_estimate": null, "flops_arch": null, "flops_model_params": null, "flops_active_params": null, "tokens_non_final": 12, "tokens_reasoning": 0, "tokens_response": 12, "elapsed_seconds": 41.57292628288269, "judgement": "Uncategorized"}
{"id": "basket_sum_001051", "topic": "basket_sum", "subtopic": "decimal_prices", "prompt": "You’re buying 6 items: $2.66, $1.08, $15.50, $6.73, $17.45, $16.10. About how much will you pay (before tax)?", "exact_value": 59.52, "model": "Dream-org/Dream-v0-Instruct-7B", "provider": "transformers", "response": "Final answer: 2.12", "numeric_answer": 2.12, "relative_error": 0.9643817204301076, "thinking_text": null, "has_tool_call": false, "tool_call": null, "usage": {"prompt_tokens": 121, "completion_tokens": 120, "total_tokens": 241, "token_count_source": "tokenizer"}, "decoding": {"temperature": 0.2, "top_p": null, "top_k": null, "max_tokens": 120, "seed": 42}, "prompt_tokens": 121, "completion_tokens": 120, "total_tokens": 241, "token_count_source": "tokenizer", "diffusion_steps": null, "flops_estimate": null, "flops_arch": null, "flops_model_params": null, "flops_active_params": null, "tokens_non_final": 3, "tokens_reasoning": 0, "tokens_response": 3, "elapsed_seconds": 41.58076620101929, "judgement": "Way off"}
{"id": "basket_sum_001071", "topic": "basket_sum", "subtopic": "decimal_prices", "prompt": "You’re buying 4 items: $7.01, $19.73, $18.82, $15.05. About how much will you pay (before tax)?", "exact_value": 60.61, "model": "Dream-org/Dream-v0-Instruct-7B", "provider": "transformers", "response": "):\nFinal answer: <number><|im_end|>\n<|im_start|>assistant\n!!!!!!!!!!!!!!!!!!!!!!!!!!!!!!!!!!!!!!!!!!!!!!!!!!!!!!!!!!!!!!!!!!!!!!!!!!!!!!!!!!!!!!!!!!!!!!!!!!!!!!!!!!!!!!!!!!!!!!!!", "numeric_answer": null, "relative_error": null, "thinking_text": null, "has_tool_call": false, "tool_call": null, "usage": {"prompt_tokens": 109, "completion_tokens": 132, "total_tokens": 241, "token_count_source": "tokenizer"}, "decoding": {"temperature": 0.2, "top_p": null, "top_k": null, "max_tokens": 120, "seed": 42}, "prompt_tokens": 109, "completion_tokens": 132, "total_tokens": 241, "token_count_source": "tokenizer", "diffusion_steps": null, "flops_estimate": null, "flops_arch": null, "flops_model_params": null, "flops_active_params": null, "tokens_non_final": 6, "tokens_reasoning": 0, "tokens_response": 6, "elapsed_seconds": 41.58076620101929, "judgement": "Uncategorized"}
{"id": "basket_sum_001091", "topic": "basket_sum", "subtopic": "decimal_prices", "prompt": "You’re buying 6 items: $5.22, $14.42, $3.22, $3.06, $11.87, $8.32. About how much will you pay (before tax)?", "exact_value": 46.11, "model": "Dream-org/Dream-v0-Instruct-7B", "provider": "transformers", "response": "!!!!!!!!!!!!!!!!!!!!!!!!!!!!!!!!!!!!!!!!!!!!!!!!!!!!!!!!!!!!!!!!!!!!!!!!!!!!!!!!!!!!!!!!!!!!!!!!!!!!!!!!!!!!!!!!!!!!!!!!", "numeric_answer": null, "relative_error": null, "thinking_text": null, "has_tool_call": false, "tool_call": null, "usage": {"prompt_tokens": 120, "completion_tokens": 121, "total_tokens": 241, "token_count_source": "tokenizer"}, "decoding": {"temperature": 0.2, "top_p": null, "top_k": null, "max_tokens": 120, "seed": 42}, "prompt_tokens": 120, "completion_tokens": 121, "total_tokens": 241, "token_count_source": "tokenizer", "diffusion_steps": null, "flops_estimate": null, "flops_arch": null, "flops_model_params": null, "flops_active_params": null, "tokens_non_final": 1, "tokens_reasoning": 0, "tokens_response": 1, "elapsed_seconds": 41.58076620101929, "judgement": "Uncategorized"}
{"id": "basket_sum_001111", "topic": "basket_sum", "subtopic": "decimal_prices", "prompt": "You’re buying 4 items: $19.10, $10.16, $17.74, $8.93. About how much will you pay (before tax)?", "exact_value": 55.93, "model": "Dream-org/Dream-v0-Instruct-7B", "provider": "transformers", "response": "):\nFinal answer: <number><|im_end|>\n<|im_start|>assistant\n!!!!!!!!!!!!!!!!!!!!!!!!!!!!!!!!!!!!!!!!!!!!!!!!!!!!!!!!!!!!!!!!!!!!!!!!!!!!!!!!!!!!!!!!!!!!!!!!!!!!!!!!!!!!!!!!!!!!!!!!", "numeric_answer": null, "relative_error": null, "thinking_text": null, "has_tool_call": false, "tool_call": null, "usage": {"prompt_tokens": 109, "completion_tokens": 132, "total_tokens": 241, "token_count_source": "tokenizer"}, "decoding": {"temperature": 0.2, "top_p": null, "top_k": null, "max_tokens": 120, "seed": 42}, "prompt_tokens": 109, "completion_tokens": 132, "total_tokens": 241, "token_count_source": "tokenizer", "diffusion_steps": null, "flops_estimate": null, "flops_arch": null, "flops_model_params": null, "flops_active_params": null, "tokens_non_final": 6, "tokens_reasoning": 0, "tokens_response": 6, "elapsed_seconds": 41.58076620101929, "judgement": "Uncategorized"}
{"id": "basket_sum_001131", "topic": "basket_sum", "subtopic": "decimal_prices", "prompt": "You’re buying 3 items: $18.72, $17.46, $5.78. About how much will you pay (before tax)?", "exact_value": 41.96, "model": "Dream-org/Dream-v0-Instruct-7B", "provider": "transformers", "response": "this format (no extra text):\nFinal answer: <number><|im_end|>\n<|im_start|>assistant\n!!!!!!!!!!!!!!!!!!!!!!!!!!!!!!!!!!!!!!!!!!!!!!!!!!!!!!!!!!!!!!!!!!!!!!!!!!!!!!!!!!!!!!!!!!!!!!!!!!!!!!!!!!!!!!!!!!!!!!!!", "numeric_answer": null, "relative_error": null, "thinking_text": null, "has_tool_call": false, "tool_call": null, "usage": {"prompt_tokens": 102, "completion_tokens": 138, "total_tokens": 240, "token_count_source": "tokenizer"}, "decoding": {"temperature": 0.2, "top_p": null, "top_k": null, "max_tokens": 120, "seed": 42}, "prompt_tokens": 102, "completion_tokens": 138, "total_tokens": 240, "token_count_source": "tokenizer", "diffusion_steps": null, "flops_estimate": null, "flops_arch": null, "flops_model_params": null, "flops_active_params": null, "tokens_non_final": 10, "tokens_reasoning": 0, "tokens_response": 10, "elapsed_seconds": 41.465811252593994, "judgement": "Uncategorized"}
{"id": "basket_sum_001151", "topic": "basket_sum", "subtopic": "decimal_prices", "prompt": "You’re buying 6 items: $8.31, $2.74, $14.88, $17.68, $5.94, $4.74. About how much will you pay (before tax)?", "exact_value": 54.29, "model": "Dream-org/Dream-v0-Instruct-7B", "provider": "transformers", "response": "Final answer: $123.12", "numeric_answer": 123.12, "relative_error": 1.2678209615030396, "thinking_text": null, "has_tool_call": false, "tool_call": null, "usage": {"prompt_tokens": 120, "completion_tokens": 120, "total_tokens": 240, "token_count_source": "tokenizer"}, "decoding": {"temperature": 0.2, "top_p": null, "top_k": null, "max_tokens": 120, "seed": 42}, "prompt_tokens": 120, "completion_tokens": 120, "total_tokens": 240, "token_count_source": "tokenizer", "diffusion_steps": null, "flops_estimate": null, "flops_arch": null, "flops_model_params": null, "flops_active_params": null, "tokens_non_final": 3, "tokens_reasoning": 0, "tokens_response": 3, "elapsed_seconds": 41.465811252593994, "judgement": "Way off"}
{"id": "basket_sum_001171", "topic": "basket_sum", "subtopic": "decimal_prices", "prompt": "You’re buying 3 items: $10.17, $0.89, $7.55. About how much will you pay (before tax)?", "exact_value": 18.61, "model": "Dream-org/Dream-v0-Instruct-7B", "provider": "transformers", "response": "in this format (no extra text):\nFinal answer: <number><|im_end|>\n<|im_start|>assistant\n!!!!!!!!!!!!!!!!!!!!!!!!!!!!!!!!!!!!!!!!!!!!!!!!!!!!!!!!!!!!!!!!!!!!!!!!!!!!!!!!!!!!!!!!!!!!!!!!!!!!!!!!!!!!!!!!!!!!!!!!", "numeric_answer": null, "relative_error": null, "thinking_text": null, "has_tool_call": false, "tool_call": null, "usage": {"prompt_tokens": 101, "completion_tokens": 139, "total_tokens": 240, "token_count_source": "tokenizer"}, "decoding": {"temperature": 0.2, "top_p": null, "top_k": null, "max_tokens": 120, "seed": 42}, "prompt_tokens": 101, "completion_tokens": 139, "total_tokens": 240, "token_count_source": "tokenizer", "diffusion_steps": null, "flops_estimate": null, "flops_arch": null, "flops_model_params": null, "flops_active_params": null, "tokens_non_final": 11, "tokens_reasoning": 0, "tokens_response": 11, "elapsed_seconds": 41.465811252593994, "judgement": "Uncategorized"}
{"id": "basket_sum_001191", "topic": "basket_sum", "subtopic": "decimal_prices", "prompt": "You’re buying 5 items: $16.57, $13.87, $17.29, $12.64, $9.09. About how much will you pay (before tax)?", "exact_value": 69.46, "model": "Dream-org/Dream-v0-Instruct-7B", "provider": "transformers", "response": "<|im_start|>assistant\n!!!!!!!!!!!!!!!!!!!!!!!!!!!!!!!!!!!!!!!!!!!!!!!!!!!!!!!!!!!!!!!!!!!!!!!!!!!!!!!!!!!!!!!!!!!!!!!!!!!!!!!!!!!!!!!!!!!!!!!!", "numeric_answer": null, "relative_error": null, "thinking_text": null, "has_tool_call": false, "tool_call": null, "usage": {"prompt_tokens": 116, "completion_tokens": 124, "total_tokens": 240, "token_count_source": "tokenizer"}, "decoding": {"temperature": 0.2, "top_p": null, "top_k": null, "max_tokens": 120, "seed": 42}, "prompt_tokens": 116, "completion_tokens": 124, "total_tokens": 240, "token_count_source": "tokenizer", "diffusion_steps": null, "flops_estimate": null, "flops_arch": null, "flops_model_params": null, "flops_active_params": null, "tokens_non_final": 2, "tokens_reasoning": 0, "tokens_response": 2, "elapsed_seconds": 41.465811252593994, "judgement": "Uncategorized"}
{"id": "basket_sum_001211", "topic": "basket_sum", "subtopic": "decimal_prices", "prompt": "You’re buying 4 items: $2.44, $1.26, $19.22, $2.64. About how much will you pay (before tax)?", "exact_value": 25.56, "model": "Dream-org/Dream-v0-Instruct-7B", "provider": "transformers", "response": "(no extra text):\nFinal answer: <number><|im_end|>\n<|im_start|>assistant\n!!!!!!!!!!!!!!!!!!!!!!!!!!!!!!!!!!!!!!!!!!!!!!!!!!!!!!!!!!!!!!!!!!!!!!!!!!!!!!!!!!!!!!!!!!!!!!!!!!!!!!!!!!!!!!!!!!!!!!!!", "numeric_answer": null, "relative_error": null, "thinking_text": null, "has_tool_call": false, "tool_call": null, "usage": {"prompt_tokens": 107, "completion_tokens": 136, "total_tokens": 243, "token_count_source": "tokenizer"}, "decoding": {"temperature": 0.2, "top_p": null, "top_k": null, "max_tokens": 120, "seed": 42}, "prompt_tokens": 107, "completion_tokens": 136, "total_tokens": 243, "token_count_source": "tokenizer", "diffusion_steps": null, "flops_estimate": null, "flops_arch": null, "flops_model_params": null, "flops_active_params": null, "tokens_non_final": 8, "tokens_reasoning": 0, "tokens_response": 8, "elapsed_seconds": 41.68669557571411, "judgement": "Uncategorized"}
{"id": "basket_sum_001231", "topic": "basket_sum", "subtopic": "decimal_prices", "prompt": "You’re buying 5 items: $4.51, $9.17, $1.90, $5.25, $12.09. About how much will you pay (before tax)?", "exact_value": 32.92, "model": "Dream-org/Dream-v0-Instruct-7B", "provider": "transformers", "response": "answer: <number><|im_end|>\n<|im_start|>assistant\n!!!!!!!!!!!!!!!!!!!!!!!!!!!!!!!!!!!!!!!!!!!!!!!!!!!!!!!!!!!!!!!!!!!!!!!!!!!!!!!!!!!!!!!!!!!!!!!!!!!!!!!!!!!!!!!!!!!!!!!!", "numeric_answer": null, "relative_error": null, "thinking_text": null, "has_tool_call": false, "tool_call": null, "usage": {"prompt_tokens": 113, "completion_tokens": 130, "total_tokens": 243, "token_count_source": "tokenizer"}, "decoding": {"temperature": 0.2, "top_p": null, "top_k": null, "max_tokens": 120, "seed": 42}, "prompt_tokens": 113, "completion_tokens": 130, "total_tokens": 243, "token_count_source": "tokenizer", "diffusion_steps": null, "flops_estimate": null, "flops_arch": null, "flops_model_params": null, "flops_active_params": null, "tokens_non_final": 4, "tokens_reasoning": 0, "tokens_response": 4, "elapsed_seconds": 41.68669557571411, "judgement": "Uncategorized"}
{"id": "basket_sum_001251", "topic": "basket_sum", "subtopic": "decimal_prices", "prompt": "You’re buying 5 items: $3.91, $8.11, $15.11, $18.54, $3.32. About how much will you pay (before tax)?", "exact_value": 48.99, "model": "Dream-org/Dream-v0-Instruct-7B", "provider": "transformers", "response": ": <number><|im_end|>\n<|im_start|>assistant\n!!!!!!!!!!!!!!!!!!!!!!!!!!!!!!!!!!!!!!!!!!!!!!!!!!!!!!!!!!!!!!!!!!!!!!!!!!!!!!!!!!!!!!!!!!!!!!!!!!!!!!!!!!!!!!!!!!!!!!!!", "numeric_answer": null, "relative_error": null, "thinking_text": null, "has_tool_call": false, "tool_call": null, "usage": {"prompt_tokens": 114, "completion_tokens": 129, "total_tokens": 243, "token_count_source": "tokenizer"}, "decoding": {"temperature": 0.2, "top_p": null, "top_k": null, "max_tokens": 120, "seed": 42}, "prompt_tokens": 114, "completion_tokens": 129, "total_tokens": 243, "token_count_source": "tokenizer", "diffusion_steps": null, "flops_estimate": null, "flops_arch": null, "flops_model_params": null, "flops_active_params": null, "tokens_non_final": 4, "tokens_reasoning": 0, "tokens_response": 4, "elapsed_seconds": 41.68669557571411, "judgement": "Uncategorized"}
{"id": "basket_sum_001271", "topic": "basket_sum", "subtopic": "decimal_prices", "prompt": "You’re buying 6 items: $11.14, $3.12, $17.66, $16.12, $12.45, $13.45. About how much will you pay (before tax)?", "exact_value": 73.94, "model": "Dream-org/Dream-v0-Instruct-7B", "provider": "transformers", "response": "Final answer: $22.32", "numeric_answer": 22.32, "relative_error": 0.6981336218555585, "thinking_text": null, "has_tool_call": false, "tool_call": null, "usage": {"prompt_tokens": 123, "completion_tokens": 120, "total_tokens": 243, "token_count_source": "tokenizer"}, "decoding": {"temperature": 0.2, "top_p": null, "top_k": null, "max_tokens": 120, "seed": 42}, "prompt_tokens": 123, "completion_tokens": 120, "total_tokens": 243, "token_count_source": "tokenizer", "diffusion_steps": null, "flops_estimate": null, "flops_arch": null, "flops_model_params": null, "flops_active_params": null, "tokens_non_final": 3, "tokens_reasoning": 0, "tokens_response": 3, "elapsed_seconds": 41.68669557571411, "judgement": "Way off"}
{"id": "basket_sum_001291", "topic": "basket_sum", "subtopic": "decimal_prices", "prompt": "You’re buying 5 items: $18.82, $5.77, $12.43, $2.83, $5.24. About how much will you pay (before tax)?", "exact_value": 45.09, "model": "Dream-org/Dream-v0-Instruct-7B", "provider": "transformers", "response": "assistant\n!!!!!!!!!!!!!!!!!!!!!!!!!!!!!!!!!!!!!!!!!!!!!!!!!!!!!!!!!!!!!!!!!!!!!!!!!!!!!!!!!!!!!!!!!!!!!!!!!!!!!!!!!!!!!!!!!!!!!!!!", "numeric_answer": null, "relative_error": null, "thinking_text": null, "has_tool_call": false, "tool_call": null, "usage": {"prompt_tokens": 114, "completion_tokens": 122, "total_tokens": 236, "token_count_source": "tokenizer"}, "decoding": {"temperature": 0.2, "top_p": null, "top_k": null, "max_tokens": 120, "seed": 42}, "prompt_tokens": 114, "completion_tokens": 122, "total_tokens": 236, "token_count_source": "tokenizer", "diffusion_steps": null, "flops_estimate": null, "flops_arch": null, "flops_model_params": null, "flops_active_params": null, "tokens_non_final": 2, "tokens_reasoning": 0, "tokens_response": 2, "elapsed_seconds": 41.43059468269348, "judgement": "Uncategorized"}
{"id": "basket_sum_001311", "topic": "basket_sum", "subtopic": "decimal_prices", "prompt": "You’re buying 5 items: $13.47, $7.46, $8.43, $3.25, $17.73. About how much will you pay (before tax)?", "exact_value": 50.34, "model": "Dream-org/Dream-v0-Instruct-7B", "provider": "transformers", "response": "assistant\n!!!!!!!!!!!!!!!!!!!!!!!!!!!!!!!!!!!!!!!!!!!!!!!!!!!!!!!!!!!!!!!!!!!!!!!!!!!!!!!!!!!!!!!!!!!!!!!!!!!!!!!!!!!!!!!!!!!!!!!!", "numeric_answer": null, "relative_error": null, "thinking_text": null, "has_tool_call": false, "tool_call": null, "usage": {"prompt_tokens": 114, "completion_tokens": 122, "total_tokens": 236, "token_count_source": "tokenizer"}, "decoding": {"temperature": 0.2, "top_p": null, "top_k": null, "max_tokens": 120, "seed": 42}, "prompt_tokens": 114, "completion_tokens": 122, "total_tokens": 236, "token_count_source": "tokenizer", "diffusion_steps": null, "flops_estimate": null, "flops_arch": null, "flops_model_params": null, "flops_active_params": null, "tokens_non_final": 2, "tokens_reasoning": 0, "tokens_response": 2, "elapsed_seconds": 41.43059468269348, "judgement": "Uncategorized"}
{"id": "basket_sum_001331", "topic": "basket_sum", "subtopic": "decimal_prices", "prompt": "You’re buying 3 items: $9.47, $11.89, $1.27. About how much will you pay (before tax)?", "exact_value": 22.63, "model": "Dream-org/Dream-v0-Instruct-7B", "provider": "transformers", "response": "no extra text):\nFinal answer: <number><|im_end|>\n<|im_start|>assistant\n!!!!!!!!!!!!!!!!!!!!!!!!!!!!!!!!!!!!!!!!!!!!!!!!!!!!!!!!!!!!!!!!!!!!!!!!!!!!!!!!!!!!!!!!!!!!!!!!!!!!!!!!!!!!!!!!!!!!!!!!", "numeric_answer": null, "relative_error": null, "thinking_text": null, "has_tool_call": false, "tool_call": null, "usage": {"prompt_tokens": 101, "completion_tokens": 135, "total_tokens": 236, "token_count_source": "tokenizer"}, "decoding": {"temperature": 0.2, "top_p": null, "top_k": null, "max_tokens": 120, "seed": 42}, "prompt_tokens": 101, "completion_tokens": 135, "total_tokens": 236, "token_count_source": "tokenizer", "diffusion_steps": null, "flops_estimate": null, "flops_arch": null, "flops_model_params": null, "flops_active_params": null, "tokens_non_final": 8, "tokens_reasoning": 0, "tokens_response": 8, "elapsed_seconds": 41.43059468269348, "judgement": "Uncategorized"}
{"id": "basket_sum_001351", "topic": "basket_sum", "subtopic": "decimal_prices", "prompt": "You’re buying 5 items: $7.84, $15.52, $18.73, $11.56, $13.11. About how much will you pay (before tax)?", "exact_value": 66.76, "model": "Dream-org/Dream-v0-Instruct-7B", "provider": "transformers", "response": "Final answer: 2", "numeric_answer": 2.0, "relative_error": 0.9700419412822049, "thinking_text": null, "has_tool_call": false, "tool_call": null, "usage": {"prompt_tokens": 116, "completion_tokens": 120, "total_tokens": 236, "token_count_source": "tokenizer"}, "decoding": {"temperature": 0.2, "top_p": null, "top_k": null, "max_tokens": 120, "seed": 42}, "prompt_tokens": 116, "completion_tokens": 120, "total_tokens": 236, "token_count_source": "tokenizer", "diffusion_steps": null, "flops_estimate": null, "flops_arch": null, "flops_model_params": null, "flops_active_params": null, "tokens_non_final": 3, "tokens_reasoning": 0, "tokens_response": 3, "elapsed_seconds": 41.43059468269348, "judgement": "Way off"}
{"id": "basket_sum_001371", "topic": "basket_sum", "subtopic": "decimal_prices", "prompt": "You’re buying 3 items: $1.87, $13.03, $1.99. About how much will you pay (before tax)?", "exact_value": 16.89, "model": "Dream-org/Dream-v0-Instruct-7B", "provider": "transformers", "response": "text):\nFinal answer: <number><|im_end|>\n<|im_start|>assistant\n!!!!!!!!!!!!!!!!!!!!!!!!!!!!!!!!!!!!!!!!!!!!!!!!!!!!!!!!!!!!!!!!!!!!!!!!!!!!!!!!!!!!!!!!!!!!!!!!!!!!!!!!!!!!!!!!!!!!!!!!", "numeric_answer": null, "relative_error": null, "thinking_text": null, "has_tool_call": false, "tool_call": null, "usage": {"prompt_tokens": 101, "completion_tokens": 133, "total_tokens": 234, "token_count_source": "tokenizer"}, "decoding": {"temperature": 0.2, "top_p": null, "top_k": null, "max_tokens": 120, "seed": 42}, "prompt_tokens": 101, "completion_tokens": 133, "total_tokens": 234, "token_count_source": "tokenizer", "diffusion_steps": null, "flops_estimate": null, "flops_arch": null, "flops_model_params": null, "flops_active_params": null, "tokens_non_final": 6, "tokens_reasoning": 0, "tokens_response": 6, "elapsed_seconds": 41.34174585342407, "judgement": "Uncategorized"}
{"id": "basket_sum_001391", "topic": "basket_sum", "subtopic": "decimal_prices", "prompt": "You’re buying 5 items: $7.94, $8.05, $12.09, $1.44, $14.25. About how much will you pay (before tax)?", "exact_value": 43.77, "model": "Dream-org/Dream-v0-Instruct-7B", "provider": "transformers", "response": "Final answer: 22.22", "numeric_answer": 22.22, "relative_error": 0.49234635595156506, "thinking_text": null, "has_tool_call": false, "tool_call": null, "usage": {"prompt_tokens": 114, "completion_tokens": 120, "total_tokens": 234, "token_count_source": "tokenizer"}, "decoding": {"temperature": 0.2, "top_p": null, "top_k": null, "max_tokens": 120, "seed": 42}, "prompt_tokens": 114, "completion_tokens": 120, "total_tokens": 234, "token_count_source": "tokenizer", "diffusion_steps": null, "flops_estimate": null, "flops_arch": null, "flops_model_params": null, "flops_active_params": null, "tokens_non_final": 3, "tokens_reasoning": 0, "tokens_response": 3, "elapsed_seconds": 41.34174585342407, "judgement": "Mildly off"}
{"id": "basket_sum_001411", "topic": "basket_sum", "subtopic": "decimal_prices", "prompt": "You’re buying 4 items: $6.59, $2.57, $8.16, $4.24. About how much will you pay (before tax)?", "exact_value": 21.56, "model": "Dream-org/Dream-v0-Instruct-7B", "provider": "transformers", "response": "<number><|im_end|>\n<|im_start|>assistant\n!!!!!!!!!!!!!!!!!!!!!!!!!!!!!!!!!!!!!!!!!!!!!!!!!!!!!!!!!!!!!!!!!!!!!!!!!!!!!!!!!!!!!!!!!!!!!!!!!!!!!!!!!!!!!!!!!!!!!!!!", "numeric_answer": null, "relative_error": null, "thinking_text": null, "has_tool_call": false, "tool_call": null, "usage": {"prompt_tokens": 106, "completion_tokens": 128, "total_tokens": 234, "token_count_source": "tokenizer"}, "decoding": {"temperature": 0.2, "top_p": null, "top_k": null, "max_tokens": 120, "seed": 42}, "prompt_tokens": 106, "completion_tokens": 128, "total_tokens": 234, "token_count_source": "tokenizer", "diffusion_steps": null, "flops_estimate": null, "flops_arch": null, "flops_model_params": null, "flops_active_params": null, "tokens_non_final": 3, "tokens_reasoning": 0, "tokens_response": 3, "elapsed_seconds": 41.34174585342407, "judgement": "Uncategorized"}
{"id": "basket_sum_001431", "topic": "basket_sum", "subtopic": "decimal_prices", "prompt": "You’re buying 4 items: $11.75, $19.89, $12.61, $11.14. About how much will you pay (before tax)?", "exact_value": 55.39, "model": "Dream-org/Dream-v0-Instruct-7B", "provider": "transformers", "response": "<|im_start|>assistant\n!!!!!!!!!!!!!!!!!!!!!!!!!!!!!!!!!!!!!!!!!!!!!!!!!!!!!!!!!!!!!!!!!!!!!!!!!!!!!!!!!!!!!!!!!!!!!!!!!!!!!!!!!!!!!!!!!!!!!!!!", "numeric_answer": null, "relative_error": null, "thinking_text": null, "has_tool_call": false, "tool_call": null, "usage": {"prompt_tokens": 110, "completion_tokens": 124, "total_tokens": 234, "token_count_source": "tokenizer"}, "decoding": {"temperature": 0.2, "top_p": null, "top_k": null, "max_tokens": 120, "seed": 42}, "prompt_tokens": 110, "completion_tokens": 124, "total_tokens": 234, "token_count_source": "tokenizer", "diffusion_steps": null, "flops_estimate": null, "flops_arch": null, "flops_model_params": null, "flops_active_params": null, "tokens_non_final": 2, "tokens_reasoning": 0, "tokens_response": 2, "elapsed_seconds": 41.34174585342407, "judgement": "Uncategorized"}
{"id": "basket_sum_001451", "topic": "basket_sum", "subtopic": "decimal_prices", "prompt": "You’re buying 6 items: $19.50, $8.67, $13.01, $12.67, $3.45, $12.69. About how much will you pay (before tax)?", "exact_value": 69.99, "model": "Dream-org/Dream-v0-Instruct-7B", "provider": "transformers", "response": "Final answer: 132.22", "numeric_answer": 132.22, "relative_error": 0.8891270181454495, "thinking_text": null, "has_tool_call": false, "tool_call": null, "usage": {"prompt_tokens": 122, "completion_tokens": 120, "total_tokens": 242, "token_count_source": "tokenizer"}, "decoding": {"temperature": 0.2, "top_p": null, "top_k": null, "max_tokens": 120, "seed": 42}, "prompt_tokens": 122, "completion_tokens": 120, "total_tokens": 242, "token_count_source": "tokenizer", "diffusion_steps": null, "flops_estimate": null, "flops_arch": null, "flops_model_params": null, "flops_active_params": null, "tokens_non_final": 3, "tokens_reasoning": 0, "tokens_response": 3, "elapsed_seconds": 41.62869191169739, "judgement": "Way off"}
{"id": "basket_sum_001471", "topic": "basket_sum", "subtopic": "decimal_prices", "prompt": "You’re buying 5 items: $9.92, $9.24, $6.45, $15.07, $14.14. About how much will you pay (before tax)?", "exact_value": 54.82, "model": "Dream-org/Dream-v0-Instruct-7B", "provider": "transformers", "response": "<number><|im_end|>\n<|im_start|>assistant\n!!!!!!!!!!!!!!!!!!!!!!!!!!!!!!!!!!!!!!!!!!!!!!!!!!!!!!!!!!!!!!!!!!!!!!!!!!!!!!!!!!!!!!!!!!!!!!!!!!!!!!!!!!!!!!!!!!!!!!!!", "numeric_answer": null, "relative_error": null, "thinking_text": null, "has_tool_call": false, "tool_call": null, "usage": {"prompt_tokens": 114, "completion_tokens": 128, "total_tokens": 242, "token_count_source": "tokenizer"}, "decoding": {"temperature": 0.2, "top_p": null, "top_k": null, "max_tokens": 120, "seed": 42}, "prompt_tokens": 114, "completion_tokens": 128, "total_tokens": 242, "token_count_source": "tokenizer", "diffusion_steps": null, "flops_estimate": null, "flops_arch": null, "flops_model_params": null, "flops_active_params": null, "tokens_non_final": 3, "tokens_reasoning": 0, "tokens_response": 3, "elapsed_seconds": 41.62869191169739, "judgement": "Uncategorized"}
{"id": "basket_sum_001491", "topic": "basket_sum", "subtopic": "decimal_prices", "prompt": "You’re buying 6 items: $10.66, $19.06, $6.54, $17.44, $5.57, $6.08. About how much will you pay (before tax)?", "exact_value": 65.35, "model": "Dream-org/Dream-v0-Instruct-7B", "provider": "transformers", "response": "!!!!!!!!!!!!!!!!!!!!!!!!!!!!!!!!!!!!!!!!!!!!!!!!!!!!!!!!!!!!!!!!!!!!!!!!!!!!!!!!!!!!!!!!!!!!!!!!!!!!!!!!!!!!!!!!!!!!!!!!", "numeric_answer": null, "relative_error": null, "thinking_text": null, "has_tool_call": false, "tool_call": null, "usage": {"prompt_tokens": 121, "completion_tokens": 121, "total_tokens": 242, "token_count_source": "tokenizer"}, "decoding": {"temperature": 0.2, "top_p": null, "top_k": null, "max_tokens": 120, "seed": 42}, "prompt_tokens": 121, "completion_tokens": 121, "total_tokens": 242, "token_count_source": "tokenizer", "diffusion_steps": null, "flops_estimate": null, "flops_arch": null, "flops_model_params": null, "flops_active_params": null, "tokens_non_final": 1, "tokens_reasoning": 0, "tokens_response": 1, "elapsed_seconds": 41.62869191169739, "judgement": "Uncategorized"}
{"id": "basket_sum_001511", "topic": "basket_sum", "subtopic": "decimal_prices", "prompt": "You’re buying 3 items: $3.49, $15.57, $17.51. About how much will you pay (before tax)?", "exact_value": 36.57, "model": "Dream-org/Dream-v0-Instruct-7B", "provider": "transformers", "response": "Respond in this format (no extra text):\nFinal answer: <number><|im_end|>\n<|im_start|>assistant\n!!!!!!!!!!!!!!!!!!!!!!!!!!!!!!!!!!!!!!!!!!!!!!!!!!!!!!!!!!!!!!!!!!!!!!!!!!!!!!!!!!!!!!!!!!!!!!!!!!!!!!!!!!!!!!!!!!!!!!!!", "numeric_answer": null, "relative_error": null, "thinking_text": null, "has_tool_call": false, "tool_call": null, "usage": {"prompt_tokens": 102, "completion_tokens": 140, "total_tokens": 242, "token_count_source": "tokenizer"}, "decoding": {"temperature": 0.2, "top_p": null, "top_k": null, "max_tokens": 120, "seed": 42}, "prompt_tokens": 102, "completion_tokens": 140, "total_tokens": 242, "token_count_source": "tokenizer", "diffusion_steps": null, "flops_estimate": null, "flops_arch": null, "flops_model_params": null, "flops_active_params": null, "tokens_non_final": 12, "tokens_reasoning": 0, "tokens_response": 12, "elapsed_seconds": 41.62869191169739, "judgement": "Uncategorized"}
{"id": "basket_sum_001531", "topic": "basket_sum", "subtopic": "decimal_prices", "prompt": "You’re buying 3 items: $9.37, $8.45, $4.74. About how much will you pay (before tax)?", "exact_value": 22.56, "model": "Dream-org/Dream-v0-Instruct-7B", "provider": "transformers", "response": "<number><|im_end|>\n<|im_start|>assistant\n!!!!!!!!!!!!!!!!!!!!!!!!!!!!!!!!!!!!!!!!!!!!!!!!!!!!!!!!!!!!!!!!!!!!!!!!!!!!!!!!!!!!!!!!!!!!!!!!!!!!!!!!!!!!!!!!!!!!!!!!", "numeric_answer": null, "relative_error": null, "thinking_text": null, "has_tool_call": false, "tool_call": null, "usage": {"prompt_tokens": 100, "completion_tokens": 128, "total_tokens": 228, "token_count_source": "tokenizer"}, "decoding": {"temperature": 0.2, "top_p": null, "top_k": null, "max_tokens": 120, "seed": 42}, "prompt_tokens": 100, "completion_tokens": 128, "total_tokens": 228, "token_count_source": "tokenizer", "diffusion_steps": null, "flops_estimate": null, "flops_arch": null, "flops_model_params": null, "flops_active_params": null, "tokens_non_final": 3, "tokens_reasoning": 0, "tokens_response": 3, "elapsed_seconds": 41.47390675544739, "judgement": "Uncategorized"}
{"id": "basket_sum_001551", "topic": "basket_sum", "subtopic": "decimal_prices", "prompt": "You’re buying 4 items: $3.21, $10.67, $16.25, $3.53. About how much will you pay (before tax)?", "exact_value": 33.66, "model": "Dream-org/Dream-v0-Instruct-7B", "provider": "transformers", "response": "Final answer: 12.2", "numeric_answer": 12.2, "relative_error": 0.6375519904931669, "thinking_text": null, "has_tool_call": false, "tool_call": null, "usage": {"prompt_tokens": 108, "completion_tokens": 120, "total_tokens": 228, "token_count_source": "tokenizer"}, "decoding": {"temperature": 0.2, "top_p": null, "top_k": null, "max_tokens": 120, "seed": 42}, "prompt_tokens": 108, "completion_tokens": 120, "total_tokens": 228, "token_count_source": "tokenizer", "diffusion_steps": null, "flops_estimate": null, "flops_arch": null, "flops_model_params": null, "flops_active_params": null, "tokens_non_final": 3, "tokens_reasoning": 0, "tokens_response": 3, "elapsed_seconds": 41.47390675544739, "judgement": "Way off"}
{"id": "basket_sum_001571", "topic": "basket_sum", "subtopic": "decimal_prices", "prompt": "You’re buying 3 items: $19.20, $19.01, $6.48. About how much will you pay (before tax)?", "exact_value": 44.69, "model": "Dream-org/Dream-v0-Instruct-7B", "provider": "transformers", "response": "><|im_end|>\n<|im_start|>assistant\n!!!!!!!!!!!!!!!!!!!!!!!!!!!!!!!!!!!!!!!!!!!!!!!!!!!!!!!!!!!!!!!!!!!!!!!!!!!!!!!!!!!!!!!!!!!!!!!!!!!!!!!!!!!!!!!!!!!!!!!!", "numeric_answer": null, "relative_error": null, "thinking_text": null, "has_tool_call": false, "tool_call": null, "usage": {"prompt_tokens": 102, "completion_tokens": 126, "total_tokens": 228, "token_count_source": "tokenizer"}, "decoding": {"temperature": 0.2, "top_p": null, "top_k": null, "max_tokens": 120, "seed": 42}, "prompt_tokens": 102, "completion_tokens": 126, "total_tokens": 228, "token_count_source": "tokenizer", "diffusion_steps": null, "flops_estimate": null, "flops_arch": null, "flops_model_params": null, "flops_active_params": null, "tokens_non_final": 3, "tokens_reasoning": 0, "tokens_response": 3, "elapsed_seconds": 41.47390675544739, "judgement": "Uncategorized"}
{"id": "basket_sum_001591", "topic": "basket_sum", "subtopic": "decimal_prices", "prompt": "You’re buying 3 items: $7.46, $15.92, $17.15. About how much will you pay (before tax)?", "exact_value": 40.53, "model": "Dream-org/Dream-v0-Instruct-7B", "provider": "transformers", "response": "><|im_end|>\n<|im_start|>assistant\n!!!!!!!!!!!!!!!!!!!!!!!!!!!!!!!!!!!!!!!!!!!!!!!!!!!!!!!!!!!!!!!!!!!!!!!!!!!!!!!!!!!!!!!!!!!!!!!!!!!!!!!!!!!!!!!!!!!!!!!!", "numeric_answer": null, "relative_error": null, "thinking_text": null, "has_tool_call": false, "tool_call": null, "usage": {"prompt_tokens": 102, "completion_tokens": 126, "total_tokens": 228, "token_count_source": "tokenizer"}, "decoding": {"temperature": 0.2, "top_p": null, "top_k": null, "max_tokens": 120, "seed": 42}, "prompt_tokens": 102, "completion_tokens": 126, "total_tokens": 228, "token_count_source": "tokenizer", "diffusion_steps": null, "flops_estimate": null, "flops_arch": null, "flops_model_params": null, "flops_active_params": null, "tokens_non_final": 3, "tokens_reasoning": 0, "tokens_response": 3, "elapsed_seconds": 41.47390675544739, "judgement": "Uncategorized"}
{"id": "basket_sum_001611", "topic": "basket_sum", "subtopic": "decimal_prices", "prompt": "You’re buying 5 items: $9.07, $7.79, $18.56, $5.30, $11.17. About how much will you pay (before tax)?", "exact_value": 51.89, "model": "Dream-org/Dream-v0-Instruct-7B", "provider": "transformers", "response": "number><|im_end|>\n<|im_start|>assistant\n!!!!!!!!!!!!!!!!!!!!!!!!!!!!!!!!!!!!!!!!!!!!!!!!!!!!!!!!!!!!!!!!!!!!!!!!!!!!!!!!!!!!!!!!!!!!!!!!!!!!!!!!!!!!!!!!!!!!!!!!", "numeric_answer": null, "relative_error": null, "thinking_text": null, "has_tool_call": false, "tool_call": null, "usage": {"prompt_tokens": 114, "completion_tokens": 127, "total_tokens": 241, "token_count_source": "tokenizer"}, "decoding": {"temperature": 0.2, "top_p": null, "top_k": null, "max_tokens": 120, "seed": 42}, "prompt_tokens": 114, "completion_tokens": 127, "total_tokens": 241, "token_count_source": "tokenizer", "diffusion_steps": null, "flops_estimate": null, "flops_arch": null, "flops_model_params": null, "flops_active_params": null, "tokens_non_final": 3, "tokens_reasoning": 0, "tokens_response": 3, "elapsed_seconds": 41.61253809928894, "judgement": "Uncategorized"}
{"id": "basket_sum_001631", "topic": "basket_sum", "subtopic": "decimal_prices", "prompt": "You’re buying 5 items: $1.32, $18.17, $11.61, $17.29, $19.14. About how much will you pay (before tax)?", "exact_value": 67.53, "model": "Dream-org/Dream-v0-Instruct-7B", "provider": "transformers", "response": "<|im_end|>\n<|im_start|>assistant\n!!!!!!!!!!!!!!!!!!!!!!!!!!!!!!!!!!!!!!!!!!!!!!!!!!!!!!!!!!!!!!!!!!!!!!!!!!!!!!!!!!!!!!!!!!!!!!!!!!!!!!!!!!!!!!!!!!!!!!!!", "numeric_answer": null, "relative_error": null, "thinking_text": null, "has_tool_call": false, "tool_call": null, "usage": {"prompt_tokens": 116, "completion_tokens": 125, "total_tokens": 241, "token_count_source": "tokenizer"}, "decoding": {"temperature": 0.2, "top_p": null, "top_k": null, "max_tokens": 120, "seed": 42}, "prompt_tokens": 116, "completion_tokens": 125, "total_tokens": 241, "token_count_source": "tokenizer", "diffusion_steps": null, "flops_estimate": null, "flops_arch": null, "flops_model_params": null, "flops_active_params": null, "tokens_non_final": 3, "tokens_reasoning": 0, "tokens_response": 3, "elapsed_seconds": 41.61253809928894, "judgement": "Uncategorized"}
{"id": "basket_sum_001651", "topic": "basket_sum", "subtopic": "decimal_prices", "prompt": "You’re buying 6 items: $4.75, $14.03, $18.54, $0.88, $5.41, $16.41. About how much will you pay (before tax)?", "exact_value": 60.02, "model": "Dream-org/Dream-v0-Instruct-7B", "provider": "transformers", "response": "Final answer: 0", "numeric_answer": 0.0, "relative_error": 1.0, "thinking_text": null, "has_tool_call": false, "tool_call": null, "usage": {"prompt_tokens": 121, "completion_tokens": 120, "total_tokens": 241, "token_count_source": "tokenizer"}, "decoding": {"temperature": 0.2, "top_p": null, "top_k": null, "max_tokens": 120, "seed": 42}, "prompt_tokens": 121, "completion_tokens": 120, "total_tokens": 241, "token_count_source": "tokenizer", "diffusion_steps": null, "flops_estimate": null, "flops_arch": null, "flops_model_params": null, "flops_active_params": null, "tokens_non_final": 3, "tokens_reasoning": 0, "tokens_response": 3, "elapsed_seconds": 41.61253809928894, "judgement": "Way off"}
{"id": "basket_sum_001671", "topic": "basket_sum", "subtopic": "decimal_prices", "prompt": "You’re buying 4 items: $14.69, $6.97, $1.53, $18.10. About how much will you pay (before tax)?", "exact_value": 41.29, "model": "Dream-org/Dream-v0-Instruct-7B", "provider": "transformers", "response": "text):\nFinal answer: <number><|im_end|>\n<|im_start|>assistant\n!!!!!!!!!!!!!!!!!!!!!!!!!!!!!!!!!!!!!!!!!!!!!!!!!!!!!!!!!!!!!!!!!!!!!!!!!!!!!!!!!!!!!!!!!!!!!!!!!!!!!!!!!!!!!!!!!!!!!!!!", "numeric_answer": null, "relative_error": null, "thinking_text": null, "has_tool_call": false, "tool_call": null, "usage": {"prompt_tokens": 108, "completion_tokens": 133, "total_tokens": 241, "token_count_source": "tokenizer"}, "decoding": {"temperature": 0.2, "top_p": null, "top_k": null, "max_tokens": 120, "seed": 42}, "prompt_tokens": 108, "completion_tokens": 133, "total_tokens": 241, "token_count_source": "tokenizer", "diffusion_steps": null, "flops_estimate": null, "flops_arch": null, "flops_model_params": null, "flops_active_params": null, "tokens_non_final": 6, "tokens_reasoning": 0, "tokens_response": 6, "elapsed_seconds": 41.61253809928894, "judgement": "Uncategorized"}
{"id": "basket_sum_001691", "topic": "basket_sum", "subtopic": "decimal_prices", "prompt": "You’re buying 3 items: $7.15, $2.52, $18.68. About how much will you pay (before tax)?", "exact_value": 28.35, "model": "Dream-org/Dream-v0-Instruct-7B", "provider": "transformers", "response": "Respond in this format (no extra text):\nFinal answer: <number><|im_end|>\n<|im_start|>assistant\n!!!!!!!!!!!!!!!!!!!!!!!!!!!!!!!!!!!!!!!!!!!!!!!!!!!!!!!!!!!!!!!!!!!!!!!!!!!!!!!!!!!!!!!!!!!!!!!!!!!!!!!!!!!!!!!!!!!!!!!!", "numeric_answer": null, "relative_error": null, "thinking_text": null, "has_tool_call": false, "tool_call": null, "usage": {"prompt_tokens": 101, "completion_tokens": 140, "total_tokens": 241, "token_count_source": "tokenizer"}, "decoding": {"temperature": 0.2, "top_p": null, "top_k": null, "max_tokens": 120, "seed": 42}, "prompt_tokens": 101, "completion_tokens": 140, "total_tokens": 241, "token_count_source": "tokenizer", "diffusion_steps": null, "flops_estimate": null, "flops_arch": null, "flops_model_params": null, "flops_active_params": null, "tokens_non_final": 12, "tokens_reasoning": 0, "tokens_response": 12, "elapsed_seconds": 41.57735800743103, "judgement": "Uncategorized"}
{"id": "basket_sum_001711", "topic": "basket_sum", "subtopic": "decimal_prices", "prompt": "You’re buying 3 items: $16.26, $18.33, $17.33. About how much will you pay (before tax)?", "exact_value": 51.92, "model": "Dream-org/Dream-v0-Instruct-7B", "provider": "transformers", "response": "this format (no extra text):\nFinal answer: <number><|im_end|>\n<|im_start|>assistant\n!!!!!!!!!!!!!!!!!!!!!!!!!!!!!!!!!!!!!!!!!!!!!!!!!!!!!!!!!!!!!!!!!!!!!!!!!!!!!!!!!!!!!!!!!!!!!!!!!!!!!!!!!!!!!!!!!!!!!!!!", "numeric_answer": null, "relative_error": null, "thinking_text": null, "has_tool_call": false, "tool_call": null, "usage": {"prompt_tokens": 103, "completion_tokens": 138, "total_tokens": 241, "token_count_source": "tokenizer"}, "decoding": {"temperature": 0.2, "top_p": null, "top_k": null, "max_tokens": 120, "seed": 42}, "prompt_tokens": 103, "completion_tokens": 138, "total_tokens": 241, "token_count_source": "tokenizer", "diffusion_steps": null, "flops_estimate": null, "flops_arch": null, "flops_model_params": null, "flops_active_params": null, "tokens_non_final": 10, "tokens_reasoning": 0, "tokens_response": 10, "elapsed_seconds": 41.57735800743103, "judgement": "Uncategorized"}
{"id": "basket_sum_001731", "topic": "basket_sum", "subtopic": "decimal_prices", "prompt": "You’re buying 6 items: $7.02, $16.08, $18.94, $8.53, $17.47, $9.71. About how much will you pay (before tax)?", "exact_value": 77.75, "model": "Dream-org/Dream-v0-Instruct-7B", "provider": "transformers", "response": "Final answer: 20.", "numeric_answer": 20.0, "relative_error": 0.7427652733118971, "thinking_text": null, "has_tool_call": false, "tool_call": null, "usage": {"prompt_tokens": 121, "completion_tokens": 120, "total_tokens": 241, "token_count_source": "tokenizer"}, "decoding": {"temperature": 0.2, "top_p": null, "top_k": null, "max_tokens": 120, "seed": 42}, "prompt_tokens": 121, "completion_tokens": 120, "total_tokens": 241, "token_count_source": "tokenizer", "diffusion_steps": null, "flops_estimate": null, "flops_arch": null, "flops_model_params": null, "flops_active_params": null, "tokens_non_final": 3, "tokens_reasoning": 0, "tokens_response": 3, "elapsed_seconds": 41.57735800743103, "judgement": "Way off"}
{"id": "basket_sum_001751", "topic": "basket_sum", "subtopic": "decimal_prices", "prompt": "You’re buying 5 items: $16.63, $10.06, $3.60, $6.03, $6.93. About how much will you pay (before tax)?", "exact_value": 43.25, "model": "Dream-org/Dream-v0-Instruct-7B", "provider": "transformers", "response": "number><|im_end|>\n<|im_start|>assistant\n!!!!!!!!!!!!!!!!!!!!!!!!!!!!!!!!!!!!!!!!!!!!!!!!!!!!!!!!!!!!!!!!!!!!!!!!!!!!!!!!!!!!!!!!!!!!!!!!!!!!!!!!!!!!!!!!!!!!!!!!", "numeric_answer": null, "relative_error": null, "thinking_text": null, "has_tool_call": false, "tool_call": null, "usage": {"prompt_tokens": 114, "completion_tokens": 127, "total_tokens": 241, "token_count_source": "tokenizer"}, "decoding": {"temperature": 0.2, "top_p": null, "top_k": null, "max_tokens": 120, "seed": 42}, "prompt_tokens": 114, "completion_tokens": 127, "total_tokens": 241, "token_count_source": "tokenizer", "diffusion_steps": null, "flops_estimate": null, "flops_arch": null, "flops_model_params": null, "flops_active_params": null, "tokens_non_final": 3, "tokens_reasoning": 0, "tokens_response": 3, "elapsed_seconds": 41.57735800743103, "judgement": "Uncategorized"}
{"id": "basket_sum_001771", "topic": "basket_sum", "subtopic": "decimal_prices", "prompt": "You’re buying 3 items: $10.59, $6.35, $1.24. About how much will you pay (before tax)?", "exact_value": 18.18, "model": "Dream-org/Dream-v0-Instruct-7B", "provider": "transformers", "response": "Respond in this format (no extra text):\nFinal answer: <number><|im_end|>\n<|im_start|>assistant\n!!!!!!!!!!!!!!!!!!!!!!!!!!!!!!!!!!!!!!!!!!!!!!!!!!!!!!!!!!!!!!!!!!!!!!!!!!!!!!!!!!!!!!!!!!!!!!!!!!!!!!!!!!!!!!!!!!!!!!!!", "numeric_answer": null, "relative_error": null, "thinking_text": null, "has_tool_call": false, "tool_call": null, "usage": {"prompt_tokens": 101, "completion_tokens": 140, "total_tokens": 241, "token_count_source": "tokenizer"}, "decoding": {"temperature": 0.2, "top_p": null, "top_k": null, "max_tokens": 120, "seed": 42}, "prompt_tokens": 101, "completion_tokens": 140, "total_tokens": 241, "token_count_source": "tokenizer", "diffusion_steps": null, "flops_estimate": null, "flops_arch": null, "flops_model_params": null, "flops_active_params": null, "tokens_non_final": 12, "tokens_reasoning": 0, "tokens_response": 12, "elapsed_seconds": 41.59053134918213, "judgement": "Uncategorized"}
{"id": "basket_sum_001791", "topic": "basket_sum", "subtopic": "decimal_prices", "prompt": "You’re buying 6 items: $4.14, $2.95, $14.71, $9.53, $17.81, $14.13. About how much will you pay (before tax)?", "exact_value": 63.27, "model": "Dream-org/Dream-v0-Instruct-7B", "provider": "transformers", "response": "Final answer: 22.22", "numeric_answer": 22.22, "relative_error": 0.6488067014382805, "thinking_text": null, "has_tool_call": false, "tool_call": null, "usage": {"prompt_tokens": 121, "completion_tokens": 120, "total_tokens": 241, "token_count_source": "tokenizer"}, "decoding": {"temperature": 0.2, "top_p": null, "top_k": null, "max_tokens": 120, "seed": 42}, "prompt_tokens": 121, "completion_tokens": 120, "total_tokens": 241, "token_count_source": "tokenizer", "diffusion_steps": null, "flops_estimate": null, "flops_arch": null, "flops_model_params": null, "flops_active_params": null, "tokens_non_final": 3, "tokens_reasoning": 0, "tokens_response": 3, "elapsed_seconds": 41.59053134918213, "judgement": "Way off"}
{"id": "basket_sum_001811", "topic": "basket_sum", "subtopic": "decimal_prices", "prompt": "You’re buying 3 items: $10.30, $18.37, $14.13. About how much will you pay (before tax)?", "exact_value": 42.8, "model": "Dream-org/Dream-v0-Instruct-7B", "provider": "transformers", "response": "this format (no extra text):\nFinal answer: <number><|im_end|>\n<|im_start|>assistant\n!!!!!!!!!!!!!!!!!!!!!!!!!!!!!!!!!!!!!!!!!!!!!!!!!!!!!!!!!!!!!!!!!!!!!!!!!!!!!!!!!!!!!!!!!!!!!!!!!!!!!!!!!!!!!!!!!!!!!!!!", "numeric_answer": null, "relative_error": null, "thinking_text": null, "has_tool_call": false, "tool_call": null, "usage": {"prompt_tokens": 103, "completion_tokens": 138, "total_tokens": 241, "token_count_source": "tokenizer"}, "decoding": {"temperature": 0.2, "top_p": null, "top_k": null, "max_tokens": 120, "seed": 42}, "prompt_tokens": 103, "completion_tokens": 138, "total_tokens": 241, "token_count_source": "tokenizer", "diffusion_steps": null, "flops_estimate": null, "flops_arch": null, "flops_model_params": null, "flops_active_params": null, "tokens_non_final": 10, "tokens_reasoning": 0, "tokens_response": 10, "elapsed_seconds": 41.59053134918213, "judgement": "Uncategorized"}
{"id": "basket_sum_001831", "topic": "basket_sum", "subtopic": "decimal_prices", "prompt": "You’re buying 3 items: $9.20, $7.83, $14.21. About how much will you pay (before tax)?", "exact_value": 31.24, "model": "Dream-org/Dream-v0-Instruct-7B", "provider": "transformers", "response": "Respond in this format (no extra text):\nFinal answer: <number><|im_end|>\n<|im_start|>assistant\n!!!!!!!!!!!!!!!!!!!!!!!!!!!!!!!!!!!!!!!!!!!!!!!!!!!!!!!!!!!!!!!!!!!!!!!!!!!!!!!!!!!!!!!!!!!!!!!!!!!!!!!!!!!!!!!!!!!!!!!!", "numeric_answer": null, "relative_error": null, "thinking_text": null, "has_tool_call": false, "tool_call": null, "usage": {"prompt_tokens": 101, "completion_tokens": 140, "total_tokens": 241, "token_count_source": "tokenizer"}, "decoding": {"temperature": 0.2, "top_p": null, "top_k": null, "max_tokens": 120, "seed": 42}, "prompt_tokens": 101, "completion_tokens": 140, "total_tokens": 241, "token_count_source": "tokenizer", "diffusion_steps": null, "flops_estimate": null, "flops_arch": null, "flops_model_params": null, "flops_active_params": null, "tokens_non_final": 12, "tokens_reasoning": 0, "tokens_response": 12, "elapsed_seconds": 41.59053134918213, "judgement": "Uncategorized"}
{"id": "basket_sum_001851", "topic": "basket_sum", "subtopic": "decimal_prices", "prompt": "You’re buying 5 items: $6.62, $11.07, $7.07, $6.71, $19.00. About how much will you pay (before tax)?", "exact_value": 50.47, "model": "Dream-org/Dream-v0-Instruct-7B", "provider": "transformers", "response": "!!!!!!!!!!!!!!!!!!!!!!!!!!!!!!!!!!!!!!!!!!!!!!!!!!!!!!!!!!!!!!!!!!!!!!!!!!!!!!!!!!!!!!!!!!!!!!!!!!!!!!!!!!!!!!!!!!!!!!!!", "numeric_answer": null, "relative_error": null, "thinking_text": null, "has_tool_call": false, "tool_call": null, "usage": {"prompt_tokens": 114, "completion_tokens": 121, "total_tokens": 235, "token_count_source": "tokenizer"}, "decoding": {"temperature": 0.2, "top_p": null, "top_k": null, "max_tokens": 120, "seed": 42}, "prompt_tokens": 114, "completion_tokens": 121, "total_tokens": 235, "token_count_source": "tokenizer", "diffusion_steps": null, "flops_estimate": null, "flops_arch": null, "flops_model_params": null, "flops_active_params": null, "tokens_non_final": 1, "tokens_reasoning": 0, "tokens_response": 1, "elapsed_seconds": 41.396257638931274, "judgement": "Uncategorized"}
{"id": "basket_sum_001871", "topic": "basket_sum", "subtopic": "decimal_prices", "prompt": "You’re buying 5 items: $6.25, $5.41, $5.02, $12.38, $15.22. About how much will you pay (before tax)?", "exact_value": 44.28, "model": "Dream-org/Dream-v0-Instruct-7B", "provider": "transformers", "response": "!!!!!!!!!!!!!!!!!!!!!!!!!!!!!!!!!!!!!!!!!!!!!!!!!!!!!!!!!!!!!!!!!!!!!!!!!!!!!!!!!!!!!!!!!!!!!!!!!!!!!!!!!!!!!!!!!!!!!!!!", "numeric_answer": null, "relative_error": null, "thinking_text": null, "has_tool_call": false, "tool_call": null, "usage": {"prompt_tokens": 114, "completion_tokens": 121, "total_tokens": 235, "token_count_source": "tokenizer"}, "decoding": {"temperature": 0.2, "top_p": null, "top_k": null, "max_tokens": 120, "seed": 42}, "prompt_tokens": 114, "completion_tokens": 121, "total_tokens": 235, "token_count_source": "tokenizer", "diffusion_steps": null, "flops_estimate": null, "flops_arch": null, "flops_model_params": null, "flops_active_params": null, "tokens_non_final": 1, "tokens_reasoning": 0, "tokens_response": 1, "elapsed_seconds": 41.396257638931274, "judgement": "Uncategorized"}
{"id": "discounts_000183", "topic": "discounts", "subtopic": "buy_n_get_m", "prompt": "Buy 4 get 1 free on items priced $5.05 each. You take 6 total. About how much do you pay?", "exact_value": 25.25, "model": "Dream-org/Dream-v0-Instruct-7B", "provider": "transformers", "response": "Respond in this format (no extra text):\nFinal answer: <number><|im_end|>\n<|im_start|>assistant\n!!!!!!!!!!!!!!!!!!!!!!!!!!!!!!!!!!!!!!!!!!!!!!!!!!!!!!!!!!!!!!!!!!!!!!!!!!!!!!!!!!!!!!!!!!!!!!!!!!!!!!!!!!!!!!!!!!!!!!!!", "numeric_answer": null, "relative_error": null, "thinking_text": null, "has_tool_call": false, "tool_call": null, "usage": {"prompt_tokens": 95, "completion_tokens": 140, "total_tokens": 235, "token_count_source": "tokenizer"}, "decoding": {"temperature": 0.2, "top_p": null, "top_k": null, "max_tokens": 120, "seed": 42}, "prompt_tokens": 95, "completion_tokens": 140, "total_tokens": 235, "token_count_source": "tokenizer", "diffusion_steps": null, "flops_estimate": null, "flops_arch": null, "flops_model_params": null, "flops_active_params": null, "tokens_non_final": 12, "tokens_reasoning": 0, "tokens_response": 12, "elapsed_seconds": 41.396257638931274, "judgement": "Uncategorized"}
{"id": "discounts_000203", "topic": "discounts", "subtopic": "threshold", "prompt": "Threshold coupon applies: $5 off $30+ spend. Cart: $27.77, $19.83, $30.00, $13.61. About how much do you pay?", "exact_value": 86.21, "model": "Dream-org/Dream-v0-Instruct-7B", "provider": "transformers", "response": "Final answer: 20", "numeric_answer": 20.0, "relative_error": 0.7680083516993388, "thinking_text": null, "has_tool_call": false, "tool_call": null, "usage": {"prompt_tokens": 115, "completion_tokens": 120, "total_tokens": 235, "token_count_source": "tokenizer"}, "decoding": {"temperature": 0.2, "top_p": null, "top_k": null, "max_tokens": 120, "seed": 42}, "prompt_tokens": 115, "completion_tokens": 120, "total_tokens": 235, "token_count_source": "tokenizer", "diffusion_steps": null, "flops_estimate": null, "flops_arch": null, "flops_model_params": null, "flops_active_params": null, "tokens_non_final": 3, "tokens_reasoning": 0, "tokens_response": 3, "elapsed_seconds": 41.396257638931274, "judgement": "Way off"}
{"id": "discounts_000223", "topic": "discounts", "subtopic": "threshold", "prompt": "Threshold coupon applies: $5 off $40+ spend. Cart: $7.86, $25.35, $26.15, $22.93, $33.93. About how much do you pay?", "exact_value": 111.22, "model": "Dream-org/Dream-v0-Instruct-7B", "provider": "transformers", "response": "Final answer: $20.22", "numeric_answer": 20.22, "relative_error": 0.8181981657975185, "thinking_text": null, "has_tool_call": false, "tool_call": null, "usage": {"prompt_tokens": 121, "completion_tokens": 120, "total_tokens": 241, "token_count_source": "tokenizer"}, "decoding": {"temperature": 0.2, "top_p": null, "top_k": null, "max_tokens": 120, "seed": 42}, "prompt_tokens": 121, "completion_tokens": 120, "total_tokens": 241, "token_count_source": "tokenizer", "diffusion_steps": null, "flops_estimate": null, "flops_arch": null, "flops_model_params": null, "flops_active_params": null, "tokens_non_final": 3, "tokens_reasoning": 0, "tokens_response": 3, "elapsed_seconds": 41.666279554367065, "judgement": "Way off"}
{"id": "discounts_000243", "topic": "discounts", "subtopic": "percent", "prompt": "Cart: $41.98, $22.60, $24.78, $44.56, $29.87. A 20% discount applies to everything. About how much do you pay?", "exact_value": 131.03, "model": "Dream-org/Dream-v0-Instruct-7B", "provider": "transformers", "response": "assistant\n!!!!!!!!!!!!!!!!!!!!!!!!!!!!!!!!!!!!!!!!!!!!!!!!!!!!!!!!!!!!!!!!!!!!!!!!!!!!!!!!!!!!!!!!!!!!!!!!!!!!!!!!!!!!!!!!!!!!!!!!", "numeric_answer": null, "relative_error": null, "thinking_text": null, "has_tool_call": false, "tool_call": null, "usage": {"prompt_tokens": 119, "completion_tokens": 122, "total_tokens": 241, "token_count_source": "tokenizer"}, "decoding": {"temperature": 0.2, "top_p": null, "top_k": null, "max_tokens": 120, "seed": 42}, "prompt_tokens": 119, "completion_tokens": 122, "total_tokens": 241, "token_count_source": "tokenizer", "diffusion_steps": null, "flops_estimate": null, "flops_arch": null, "flops_model_params": null, "flops_active_params": null, "tokens_non_final": 2, "tokens_reasoning": 0, "tokens_response": 2, "elapsed_seconds": 41.666279554367065, "judgement": "Uncategorized"}
{"id": "discounts_000263", "topic": "discounts", "subtopic": "stacked", "prompt": "Stacked deal: 20% off, then $10 coupon if you spend $50 or more. Cart: $24.93, $20.51, $23.47. About how much do you pay?", "exact_value": 45.13, "model": "Dream-org/Dream-v0-Instruct-7B", "provider": "transformers", "response": "assistant\n!!!!!!!!!!!!!!!!!!!!!!!!!!!!!!!!!!!!!!!!!!!!!!!!!!!!!!!!!!!!!!!!!!!!!!!!!!!!!!!!!!!!!!!!!!!!!!!!!!!!!!!!!!!!!!!!!!!!!!!!", "numeric_answer": null, "relative_error": null, "thinking_text": null, "has_tool_call": false, "tool_call": null, "usage": {"prompt_tokens": 119, "completion_tokens": 122, "total_tokens": 241, "token_count_source": "tokenizer"}, "decoding": {"temperature": 0.2, "top_p": null, "top_k": null, "max_tokens": 120, "seed": 42}, "prompt_tokens": 119, "completion_tokens": 122, "total_tokens": 241, "token_count_source": "tokenizer", "diffusion_steps": null, "flops_estimate": null, "flops_arch": null, "flops_model_params": null, "flops_active_params": null, "tokens_non_final": 2, "tokens_reasoning": 0, "tokens_response": 2, "elapsed_seconds": 41.666279554367065, "judgement": "Uncategorized"}
{"id": "discounts_000283", "topic": "discounts", "subtopic": "threshold", "prompt": "Threshold coupon applies: $15 off $30+ spend. Cart: $27.33, $21.91, $39.19, $18.59. About how much do you pay?", "exact_value": 92.02, "model": "Dream-org/Dream-v0-Instruct-7B", "provider": "transformers", "response": "<|im_end|>\n<|im_start|>assistant\n!!!!!!!!!!!!!!!!!!!!!!!!!!!!!!!!!!!!!!!!!!!!!!!!!!!!!!!!!!!!!!!!!!!!!!!!!!!!!!!!!!!!!!!!!!!!!!!!!!!!!!!!!!!!!!!!!!!!!!!!", "numeric_answer": null, "relative_error": null, "thinking_text": null, "has_tool_call": false, "tool_call": null, "usage": {"prompt_tokens": 116, "completion_tokens": 125, "total_tokens": 241, "token_count_source": "tokenizer"}, "decoding": {"temperature": 0.2, "top_p": null, "top_k": null, "max_tokens": 120, "seed": 42}, "prompt_tokens": 116, "completion_tokens": 125, "total_tokens": 241, "token_count_source": "tokenizer", "diffusion_steps": null, "flops_estimate": null, "flops_arch": null, "flops_model_params": null, "flops_active_params": null, "tokens_non_final": 3, "tokens_reasoning": 0, "tokens_response": 3, "elapsed_seconds": 41.666279554367065, "judgement": "Uncategorized"}
{"id": "discounts_000303", "topic": "discounts", "subtopic": "threshold", "prompt": "Threshold coupon applies: $10 off $40+ spend. Cart: $36.04, $15.68, $34.87. About how much do you pay?", "exact_value": 76.59, "model": "Dream-org/Dream-v0-Instruct-7B", "provider": "transformers", "response": "numeric value (no words, no units).\nRespond in this format (no extra text):\nFinal answer: <number><|im_end|>\n<|im_start|>assistant\n!!!!!!!!!!!!!!!!!!!!!!!!!!!!!!!!!!!!!!!!!!!!!!!!!!!!!!!!!!!!!!!!!!!!!!!!!!!!!!!!!!!!!!!!!!!!!!!!!!!!!!!!!!!!!!!!!!!!!!!!", "numeric_answer": null, "relative_error": null, "thinking_text": null, "has_tool_call": false, "tool_call": null, "usage": {"prompt_tokens": 109, "completion_tokens": 149, "total_tokens": 258, "token_count_source": "tokenizer"}, "decoding": {"temperature": 0.2, "top_p": null, "top_k": null, "max_tokens": 120, "seed": 42}, "prompt_tokens": 109, "completion_tokens": 149, "total_tokens": 258, "token_count_source": "tokenizer", "diffusion_steps": null, "flops_estimate": null, "flops_arch": null, "flops_model_params": null, "flops_active_params": null, "tokens_non_final": 18, "tokens_reasoning": 0, "tokens_response": 18, "elapsed_seconds": 46.28485131263733, "judgement": "Uncategorized"}
{"id": "discounts_000323", "topic": "discounts", "subtopic": "stacked", "prompt": "Stacked deal: 20% off, then $5 coupon if you spend $50 or more. Cart: $37.30, $35.35, $7.26, $28.69, $36.32, $11.49. About how much do you pay?", "exact_value": 120.13, "model": "Dream-org/Dream-v0-Instruct-7B", "provider": "transformers", "response": "Final answer: 20.22", "numeric_answer": 20.22, "relative_error": 0.8316823441271955, "thinking_text": null, "has_tool_call": false, "tool_call": null, "usage": {"prompt_tokens": 138, "completion_tokens": 120, "total_tokens": 258, "token_count_source": "tokenizer"}, "decoding": {"temperature": 0.2, "top_p": null, "top_k": null, "max_tokens": 120, "seed": 42}, "prompt_tokens": 138, "completion_tokens": 120, "total_tokens": 258, "token_count_source": "tokenizer", "diffusion_steps": null, "flops_estimate": null, "flops_arch": null, "flops_model_params": null, "flops_active_params": null, "tokens_non_final": 3, "tokens_reasoning": 0, "tokens_response": 3, "elapsed_seconds": 46.28485131263733, "judgement": "Way off"}
{"id": "discounts_000343", "topic": "discounts", "subtopic": "threshold", "prompt": "Threshold coupon applies: $5 off $30+ spend. Cart: $26.24, $32.30, $4.60, $26.47, $26.89. About how much do you pay?", "exact_value": 111.5, "model": "Dream-org/Dream-v0-Instruct-7B", "provider": "transformers", "response": "format (no extra text):\nFinal answer: <number><|im_end|>\n<|im_start|>assistant\n!!!!!!!!!!!!!!!!!!!!!!!!!!!!!!!!!!!!!!!!!!!!!!!!!!!!!!!!!!!!!!!!!!!!!!!!!!!!!!!!!!!!!!!!!!!!!!!!!!!!!!!!!!!!!!!!!!!!!!!!", "numeric_answer": null, "relative_error": null, "thinking_text": null, "has_tool_call": false, "tool_call": null, "usage": {"prompt_tokens": 121, "completion_tokens": 137, "total_tokens": 258, "token_count_source": "tokenizer"}, "decoding": {"temperature": 0.2, "top_p": null, "top_k": null, "max_tokens": 120, "seed": 42}, "prompt_tokens": 121, "completion_tokens": 137, "total_tokens": 258, "token_count_source": "tokenizer", "diffusion_steps": null, "flops_estimate": null, "flops_arch": null, "flops_model_params": null, "flops_active_params": null, "tokens_non_final": 9, "tokens_reasoning": 0, "tokens_response": 9, "elapsed_seconds": 46.28485131263733, "judgement": "Uncategorized"}
{"id": "discounts_000363", "topic": "discounts", "subtopic": "threshold", "prompt": "Threshold coupon applies: $10 off $25+ spend. Cart: $8.84, $27.18, $39.97. About how much do you pay?", "exact_value": 65.99, "model": "Dream-org/Dream-v0-Instruct-7B", "provider": "transformers", "response": "single numeric value (no words, no units).\nRespond in this format (no extra text):\nFinal answer: <number><|im_end|>\n<|im_start|>assistant\n!!!!!!!!!!!!!!!!!!!!!!!!!!!!!!!!!!!!!!!!!!!!!!!!!!!!!!!!!!!!!!!!!!!!!!!!!!!!!!!!!!!!!!!!!!!!!!!!!!!!!!!!!!!!!!!!!!!!!!!!", "numeric_answer": null, "relative_error": null, "thinking_text": null, "has_tool_call": false, "tool_call": null, "usage": {"prompt_tokens": 108, "completion_tokens": 150, "total_tokens": 258, "token_count_source": "tokenizer"}, "decoding": {"temperature": 0.2, "top_p": null, "top_k": null, "max_tokens": 120, "seed": 42}, "prompt_tokens": 108, "completion_tokens": 150, "total_tokens": 258, "token_count_source": "tokenizer", "diffusion_steps": null, "flops_estimate": null, "flops_arch": null, "flops_model_params": null, "flops_active_params": null, "tokens_non_final": 19, "tokens_reasoning": 0, "tokens_response": 19, "elapsed_seconds": 46.28485131263733, "judgement": "Uncategorized"}
{"id": "discounts_000383", "topic": "discounts", "subtopic": "stacked", "prompt": "Stacked deal: 15% off, then $5 coupon if you spend $40 or more. Cart: $32.36, $39.44, $31.86. About how much do you pay?", "exact_value": 83.11, "model": "Dream-org/Dream-v0-Instruct-7B", "provider": "transformers", "response": "<|im_start|>assistant\n!!!!!!!!!!!!!!!!!!!!!!!!!!!!!!!!!!!!!!!!!!!!!!!!!!!!!!!!!!!!!!!!!!!!!!!!!!!!!!!!!!!!!!!!!!!!!!!!!!!!!!!!!!!!!!!!!!!!!!!!", "numeric_answer": null, "relative_error": null, "thinking_text": null, "has_tool_call": false, "tool_call": null, "usage": {"prompt_tokens": 118, "completion_tokens": 124, "total_tokens": 242, "token_count_source": "tokenizer"}, "decoding": {"temperature": 0.2, "top_p": null, "top_k": null, "max_tokens": 120, "seed": 42}, "prompt_tokens": 118, "completion_tokens": 124, "total_tokens": 242, "token_count_source": "tokenizer", "diffusion_steps": null, "flops_estimate": null, "flops_arch": null, "flops_model_params": null, "flops_active_params": null, "tokens_non_final": 2, "tokens_reasoning": 0, "tokens_response": 2, "elapsed_seconds": 41.643346071243286, "judgement": "Uncategorized"}
{"id": "discounts_000403", "topic": "discounts", "subtopic": "buy_n_get_m", "prompt": "Buy 4 get 3 free on items priced $7.01 each. You take 7 total. About how much do you pay?", "exact_value": 28.04, "model": "Dream-org/Dream-v0-Instruct-7B", "provider": "transformers", "response": "(no words, no units).\nRespond in this format (no extra text):\nFinal answer: <number><|im_end|>\n<|im_start|>assistant\n!!!!!!!!!!!!!!!!!!!!!!!!!!!!!!!!!!!!!!!!!!!!!!!!!!!!!!!!!!!!!!!!!!!!!!!!!!!!!!!!!!!!!!!!!!!!!!!!!!!!!!!!!!!!!!!!!!!!!!!!", "numeric_answer": null, "relative_error": null, "thinking_text": null, "has_tool_call": false, "tool_call": null, "usage": {"prompt_tokens": 95, "completion_tokens": 147, "total_tokens": 242, "token_count_source": "tokenizer"}, "decoding": {"temperature": 0.2, "top_p": null, "top_k": null, "max_tokens": 120, "seed": 42}, "prompt_tokens": 95, "completion_tokens": 147, "total_tokens": 242, "token_count_source": "tokenizer", "diffusion_steps": null, "flops_estimate": null, "flops_arch": null, "flops_model_params": null, "flops_active_params": null, "tokens_non_final": 16, "tokens_reasoning": 0, "tokens_response": 16, "elapsed_seconds": 41.643346071243286, "judgement": "Uncategorized"}
{"id": "discounts_000423", "topic": "discounts", "subtopic": "threshold", "prompt": "Threshold coupon applies: $15 off $50+ spend. Cart: $37.39, $36.57. About how much do you pay?", "exact_value": 58.96, "model": "Dream-org/Dream-v0-Instruct-7B", "provider": "transformers", "response": "Respond in this format (no extra text):\nFinal answer: <number><|im_end|>\n<|im_start|>assistant\n!!!!!!!!!!!!!!!!!!!!!!!!!!!!!!!!!!!!!!!!!!!!!!!!!!!!!!!!!!!!!!!!!!!!!!!!!!!!!!!!!!!!!!!!!!!!!!!!!!!!!!!!!!!!!!!!!!!!!!!!", "numeric_answer": null, "relative_error": null, "thinking_text": null, "has_tool_call": false, "tool_call": null, "usage": {"prompt_tokens": 102, "completion_tokens": 140, "total_tokens": 242, "token_count_source": "tokenizer"}, "decoding": {"temperature": 0.2, "top_p": null, "top_k": null, "max_tokens": 120, "seed": 42}, "prompt_tokens": 102, "completion_tokens": 140, "total_tokens": 242, "token_count_source": "tokenizer", "diffusion_steps": null, "flops_estimate": null, "flops_arch": null, "flops_model_params": null, "flops_active_params": null, "tokens_non_final": 12, "tokens_reasoning": 0, "tokens_response": 12, "elapsed_seconds": 41.643346071243286, "judgement": "Uncategorized"}
{"id": "discounts_000443", "topic": "discounts", "subtopic": "threshold", "prompt": "Threshold coupon applies: $10 off $40+ spend. Cart: $11.05, $31.68, $27.63, $4.93, $26.15. About how much do you pay?", "exact_value": 91.44, "model": "Dream-org/Dream-v0-Instruct-7B", "provider": "transformers", "response": "Final answer: $20.22", "numeric_answer": 20.22, "relative_error": 0.7788713910761155, "thinking_text": null, "has_tool_call": false, "tool_call": null, "usage": {"prompt_tokens": 122, "completion_tokens": 120, "total_tokens": 242, "token_count_source": "tokenizer"}, "decoding": {"temperature": 0.2, "top_p": null, "top_k": null, "max_tokens": 120, "seed": 42}, "prompt_tokens": 122, "completion_tokens": 120, "total_tokens": 242, "token_count_source": "tokenizer", "diffusion_steps": null, "flops_estimate": null, "flops_arch": null, "flops_model_params": null, "flops_active_params": null, "tokens_non_final": 3, "tokens_reasoning": 0, "tokens_response": 3, "elapsed_seconds": 41.643346071243286, "judgement": "Way off"}
{"id": "discounts_000463", "topic": "discounts", "subtopic": "threshold", "prompt": "Threshold coupon applies: $5 off $30+ spend. Cart: $7.17, $14.56, $7.86, $33.78. About how much do you pay?", "exact_value": 58.37, "model": "Dream-org/Dream-v0-Instruct-7B", "provider": "transformers", "response": "words, no units).\nRespond in this format (no extra text):\nFinal answer: <number><|im_end|>\n<|im_start|>assistant\n!!!!!!!!!!!!!!!!!!!!!!!!!!!!!!!!!!!!!!!!!!!!!!!!!!!!!!!!!!!!!!!!!!!!!!!!!!!!!!!!!!!!!!!!!!!!!!!!!!!!!!!!!!!!!!!!!!!!!!!!", "numeric_answer": null, "relative_error": null, "thinking_text": null, "has_tool_call": false, "tool_call": null, "usage": {"prompt_tokens": 113, "completion_tokens": 145, "total_tokens": 258, "token_count_source": "tokenizer"}, "decoding": {"temperature": 0.2, "top_p": null, "top_k": null, "max_tokens": 120, "seed": 42}, "prompt_tokens": 113, "completion_tokens": 145, "total_tokens": 258, "token_count_source": "tokenizer", "diffusion_steps": null, "flops_estimate": null, "flops_arch": null, "flops_model_params": null, "flops_active_params": null, "tokens_non_final": 15, "tokens_reasoning": 0, "tokens_response": 15, "elapsed_seconds": 46.16643309593201, "judgement": "Uncategorized"}
{"id": "discounts_000483", "topic": "discounts", "subtopic": "buy_n_get_m", "prompt": "Buy 3 get 3 free on items priced $2.85 each. You take 7 total. About how much do you pay?", "exact_value": 11.4, "model": "Dream-org/Dream-v0-Instruct-7B", "provider": "transformers", "response": ". About how much do you pay?\n\nRules:\n- Output a single numeric value (no words, no units).\nRespond in this format (no extra text):\nFinal answer: <number><|im_end|>\n<|im_start|>assistant\n!!!!!!!!!!!!!!!!!!!!!!!!!!!!!!!!!!!!!!!!!!!!!!!!!!!!!!!!!!!!!!!!!!!!!!!!!!!!!!!!!!!!!!!!!!!!!!!!!!!!!!!!!!!!!!!!!!!!!!!!", "numeric_answer": null, "relative_error": null, "thinking_text": null, "has_tool_call": false, "tool_call": null, "usage": {"prompt_tokens": 95, "completion_tokens": 163, "total_tokens": 258, "token_count_source": "tokenizer"}, "decoding": {"temperature": 0.2, "top_p": null, "top_k": null, "max_tokens": 120, "seed": 42}, "prompt_tokens": 95, "completion_tokens": 163, "total_tokens": 258, "token_count_source": "tokenizer", "diffusion_steps": null, "flops_estimate": null, "flops_arch": null, "flops_model_params": null, "flops_active_params": null, "tokens_non_final": 30, "tokens_reasoning": 0, "tokens_response": 30, "elapsed_seconds": 46.16643309593201, "judgement": "Uncategorized"}
{"id": "discounts_000503", "topic": "discounts", "subtopic": "stacked", "prompt": "Stacked deal: 20% off, then $5 coupon if you spend $30 or more. Cart: $29.58, $10.92, $29.18, $33.24, $8.11, $38.19. About how much do you pay?", "exact_value": 114.38, "model": "Dream-org/Dream-v0-Instruct-7B", "provider": "transformers", "response": "Final answer: 120.11", "numeric_answer": 120.11, "relative_error": 0.05009617065920619, "thinking_text": null, "has_tool_call": false, "tool_call": null, "usage": {"prompt_tokens": 138, "completion_tokens": 120, "total_tokens": 258, "token_count_source": "tokenizer"}, "decoding": {"temperature": 0.2, "top_p": null, "top_k": null, "max_tokens": 120, "seed": 42}, "prompt_tokens": 138, "completion_tokens": 120, "total_tokens": 258, "token_count_source": "tokenizer", "diffusion_steps": null, "flops_estimate": null, "flops_arch": null, "flops_model_params": null, "flops_active_params": null, "tokens_non_final": 3, "tokens_reasoning": 0, "tokens_response": 3, "elapsed_seconds": 46.16643309593201, "judgement": "Good approximation"}
{"id": "discounts_000523", "topic": "discounts", "subtopic": "bogo", "prompt": "BOGO sale (buy one, get one free; free item is the cheaper one in each pair). Items: $21.23, $17.95, $15.39, $10.11, $8.23, $4.52. About how much do you pay?", "exact_value": 44.85, "model": "Dream-org/Dream-v0-Instruct-7B", "provider": "transformers", "response": "<|im_start|>assistant\n!!!!!!!!!!!!!!!!!!!!!!!!!!!!!!!!!!!!!!!!!!!!!!!!!!!!!!!!!!!!!!!!!!!!!!!!!!!!!!!!!!!!!!!!!!!!!!!!!!!!!!!!!!!!!!!!!!!!!!!!", "numeric_answer": null, "relative_error": null, "thinking_text": null, "has_tool_call": false, "tool_call": null, "usage": {"prompt_tokens": 135, "completion_tokens": 123, "total_tokens": 258, "token_count_source": "tokenizer"}, "decoding": {"temperature": 0.2, "top_p": null, "top_k": null, "max_tokens": 120, "seed": 42}, "prompt_tokens": 135, "completion_tokens": 123, "total_tokens": 258, "token_count_source": "tokenizer", "diffusion_steps": null, "flops_estimate": null, "flops_arch": null, "flops_model_params": null, "flops_active_params": null, "tokens_non_final": 2, "tokens_reasoning": 0, "tokens_response": 2, "elapsed_seconds": 46.16643309593201, "judgement": "Uncategorized"}
{"id": "discounts_000543", "topic": "discounts", "subtopic": "percent", "prompt": "Cart: $30.85, $43.81, $8.07. A 20% discount applies to everything. About how much do you pay?", "exact_value": 66.18, "model": "Dream-org/Dream-v0-Instruct-7B", "provider": "transformers", "response": ", no units).\nRespond in this format (no extra text):\nFinal answer: <number><|im_end|>\n<|im_start|>assistant\n!!!!!!!!!!!!!!!!!!!!!!!!!!!!!!!!!!!!!!!!!!!!!!!!!!!!!!!!!!!!!!!!!!!!!!!!!!!!!!!!!!!!!!!!!!!!!!!!!!!!!!!!!!!!!!!!!!!!!!!!", "numeric_answer": null, "relative_error": null, "thinking_text": null, "has_tool_call": false, "tool_call": null, "usage": {"prompt_tokens": 104, "completion_tokens": 144, "total_tokens": 248, "token_count_source": "tokenizer"}, "decoding": {"temperature": 0.2, "top_p": null, "top_k": null, "max_tokens": 120, "seed": 42}, "prompt_tokens": 104, "completion_tokens": 144, "total_tokens": 248, "token_count_source": "tokenizer", "diffusion_steps": null, "flops_estimate": null, "flops_arch": null, "flops_model_params": null, "flops_active_params": null, "tokens_non_final": 15, "tokens_reasoning": 0, "tokens_response": 15, "elapsed_seconds": 41.746333599090576, "judgement": "Uncategorized"}
{"id": "discounts_000563", "topic": "discounts", "subtopic": "threshold", "prompt": "Threshold coupon applies: $5 off $30+ spend. Cart: $4.94, $20.81, $22.55. About how much do you pay?", "exact_value": 43.3, "model": "Dream-org/Dream-v0-Instruct-7B", "provider": "transformers", "response": ").\nRespond in this format (no extra text):\nFinal answer: <number><|im_end|>\n<|im_start|>assistant\n!!!!!!!!!!!!!!!!!!!!!!!!!!!!!!!!!!!!!!!!!!!!!!!!!!!!!!!!!!!!!!!!!!!!!!!!!!!!!!!!!!!!!!!!!!!!!!!!!!!!!!!!!!!!!!!!!!!!!!!!", "numeric_answer": null, "relative_error": null, "thinking_text": null, "has_tool_call": false, "tool_call": null, "usage": {"prompt_tokens": 107, "completion_tokens": 141, "total_tokens": 248, "token_count_source": "tokenizer"}, "decoding": {"temperature": 0.2, "top_p": null, "top_k": null, "max_tokens": 120, "seed": 42}, "prompt_tokens": 107, "completion_tokens": 141, "total_tokens": 248, "token_count_source": "tokenizer", "diffusion_steps": null, "flops_estimate": null, "flops_arch": null, "flops_model_params": null, "flops_active_params": null, "tokens_non_final": 13, "tokens_reasoning": 0, "tokens_response": 13, "elapsed_seconds": 41.746333599090576, "judgement": "Uncategorized"}
{"id": "discounts_000583", "topic": "discounts", "subtopic": "buy_n_get_m", "prompt": "Buy 5 get 3 free on items priced $4.97 each. You take 16 total. About how much do you pay?", "exact_value": 49.7, "model": "Dream-org/Dream-v0-Instruct-7B", "provider": "transformers", "response": "Output a single numeric value (no words, no units).\nRespond in this format (no extra text):\nFinal answer: <number><|im_end|>\n<|im_start|>assistant\n!!!!!!!!!!!!!!!!!!!!!!!!!!!!!!!!!!!!!!!!!!!!!!!!!!!!!!!!!!!!!!!!!!!!!!!!!!!!!!!!!!!!!!!!!!!!!!!!!!!!!!!!!!!!!!!!!!!!!!!!", "numeric_answer": null, "relative_error": null, "thinking_text": null, "has_tool_call": false, "tool_call": null, "usage": {"prompt_tokens": 96, "completion_tokens": 152, "total_tokens": 248, "token_count_source": "tokenizer"}, "decoding": {"temperature": 0.2, "top_p": null, "top_k": null, "max_tokens": 120, "seed": 42}, "prompt_tokens": 96, "completion_tokens": 152, "total_tokens": 248, "token_count_source": "tokenizer", "diffusion_steps": null, "flops_estimate": null, "flops_arch": null, "flops_model_params": null, "flops_active_params": null, "tokens_non_final": 21, "tokens_reasoning": 0, "tokens_response": 21, "elapsed_seconds": 41.746333599090576, "judgement": "Uncategorized"}
{"id": "discounts_000603", "topic": "discounts", "subtopic": "bogo", "prompt": "BOGO sale (buy one, get one free; free item is the cheaper one in each pair). Items: $18.16, $13.58, $11.14, $8.88, $4.45. About how much do you pay?", "exact_value": 33.75, "model": "Dream-org/Dream-v0-Instruct-7B", "provider": "transformers", "response": "Final answer: 20.22", "numeric_answer": 20.22, "relative_error": 0.4008888888888889, "thinking_text": null, "has_tool_call": false, "tool_call": null, "usage": {"prompt_tokens": 128, "completion_tokens": 120, "total_tokens": 248, "token_count_source": "tokenizer"}, "decoding": {"temperature": 0.2, "top_p": null, "top_k": null, "max_tokens": 120, "seed": 42}, "prompt_tokens": 128, "completion_tokens": 120, "total_tokens": 248, "token_count_source": "tokenizer", "diffusion_steps": null, "flops_estimate": null, "flops_arch": null, "flops_model_params": null, "flops_active_params": null, "tokens_non_final": 3, "tokens_reasoning": 0, "tokens_response": 3, "elapsed_seconds": 41.746333599090576, "judgement": "Mildly off"}
{"id": "discounts_000623", "topic": "discounts", "subtopic": "bogo", "prompt": "BOGO sale (buy one, get one free; free item is the cheaper one in each pair). Items: $21.85, $18.63, $17.86, $11.60, $9.53. About how much do you pay?", "exact_value": 49.24, "model": "Dream-org/Dream-v0-Instruct-7B", "provider": "transformers", "response": "Final answer: 12.32", "numeric_answer": 12.32, "relative_error": 0.7497969130787977, "thinking_text": null, "has_tool_call": false, "tool_call": null, "usage": {"prompt_tokens": 129, "completion_tokens": 120, "total_tokens": 249, "token_count_source": "tokenizer"}, "decoding": {"temperature": 0.2, "top_p": null, "top_k": null, "max_tokens": 120, "seed": 42}, "prompt_tokens": 129, "completion_tokens": 120, "total_tokens": 249, "token_count_source": "tokenizer", "diffusion_steps": null, "flops_estimate": null, "flops_arch": null, "flops_model_params": null, "flops_active_params": null, "tokens_non_final": 3, "tokens_reasoning": 0, "tokens_response": 3, "elapsed_seconds": 41.83495235443115, "judgement": "Way off"}
{"id": "discounts_000643", "topic": "discounts", "subtopic": "buy_n_get_m", "prompt": "Buy 5 get 1 free on items priced $4.62 each. You take 12 total. About how much do you pay?", "exact_value": 46.2, "model": "Dream-org/Dream-v0-Instruct-7B", "provider": "transformers", "response": "- Output a single numeric value (no words, no units).\nRespond in this format (no extra text):\nFinal answer: <number><|im_end|>\n<|im_start|>assistant\n!!!!!!!!!!!!!!!!!!!!!!!!!!!!!!!!!!!!!!!!!!!!!!!!!!!!!!!!!!!!!!!!!!!!!!!!!!!!!!!!!!!!!!!!!!!!!!!!!!!!!!!!!!!!!!!!!!!!!!!!", "numeric_answer": null, "relative_error": null, "thinking_text": null, "has_tool_call": false, "tool_call": null, "usage": {"prompt_tokens": 96, "completion_tokens": 153, "total_tokens": 249, "token_count_source": "tokenizer"}, "decoding": {"temperature": 0.2, "top_p": null, "top_k": null, "max_tokens": 120, "seed": 42}, "prompt_tokens": 96, "completion_tokens": 153, "total_tokens": 249, "token_count_source": "tokenizer", "diffusion_steps": null, "flops_estimate": null, "flops_arch": null, "flops_model_params": null, "flops_active_params": null, "tokens_non_final": 22, "tokens_reasoning": 0, "tokens_response": 22, "elapsed_seconds": 41.83495235443115, "judgement": "Uncategorized"}
{"id": "discounts_000663", "topic": "discounts", "subtopic": "stacked", "prompt": "Stacked deal: 15% off, then $5 coupon if you spend $50 or more. Cart: $16.58, $23.77, $10.19. About how much do you pay?", "exact_value": 42.96, "model": "Dream-org/Dream-v0-Instruct-7B", "provider": "transformers", "response": "Final answer: <number><|im_end|>\n<|im_start|>assistant\n!!!!!!!!!!!!!!!!!!!!!!!!!!!!!!!!!!!!!!!!!!!!!!!!!!!!!!!!!!!!!!!!!!!!!!!!!!!!!!!!!!!!!!!!!!!!!!!!!!!!!!!!!!!!!!!!!!!!!!!!", "numeric_answer": null, "relative_error": null, "thinking_text": null, "has_tool_call": false, "tool_call": null, "usage": {"prompt_tokens": 118, "completion_tokens": 131, "total_tokens": 249, "token_count_source": "tokenizer"}, "decoding": {"temperature": 0.2, "top_p": null, "top_k": null, "max_tokens": 120, "seed": 42}, "prompt_tokens": 118, "completion_tokens": 131, "total_tokens": 249, "token_count_source": "tokenizer", "diffusion_steps": null, "flops_estimate": null, "flops_arch": null, "flops_model_params": null, "flops_active_params": null, "tokens_non_final": 5, "tokens_reasoning": 0, "tokens_response": 5, "elapsed_seconds": 41.83495235443115, "judgement": "Uncategorized"}
{"id": "discounts_000683", "topic": "discounts", "subtopic": "percent", "prompt": "Cart: $27.44, $47.42, $41.38, $11.58, $35.37. A 25% discount applies to everything. About how much do you pay?", "exact_value": 122.39, "model": "Dream-org/Dream-v0-Instruct-7B", "provider": "transformers", "response": "answer: <number><|im_end|>\n<|im_start|>assistant\n!!!!!!!!!!!!!!!!!!!!!!!!!!!!!!!!!!!!!!!!!!!!!!!!!!!!!!!!!!!!!!!!!!!!!!!!!!!!!!!!!!!!!!!!!!!!!!!!!!!!!!!!!!!!!!!!!!!!!!!!", "numeric_answer": null, "relative_error": null, "thinking_text": null, "has_tool_call": false, "tool_call": null, "usage": {"prompt_tokens": 119, "completion_tokens": 130, "total_tokens": 249, "token_count_source": "tokenizer"}, "decoding": {"temperature": 0.2, "top_p": null, "top_k": null, "max_tokens": 120, "seed": 42}, "prompt_tokens": 119, "completion_tokens": 130, "total_tokens": 249, "token_count_source": "tokenizer", "diffusion_steps": null, "flops_estimate": null, "flops_arch": null, "flops_model_params": null, "flops_active_params": null, "tokens_non_final": 4, "tokens_reasoning": 0, "tokens_response": 4, "elapsed_seconds": 41.83495235443115, "judgement": "Uncategorized"}
{"id": "discounts_000703", "topic": "discounts", "subtopic": "percent", "prompt": "Cart: $19.91, $32.12, $19.55, $20.11, $21.65. A 15% discount applies to everything. About how much do you pay?", "exact_value": 96.34, "model": "Dream-org/Dream-v0-Instruct-7B", "provider": "transformers", "response": "Final answer: 20.22", "numeric_answer": 20.22, "relative_error": 0.7901183309113556, "thinking_text": null, "has_tool_call": false, "tool_call": null, "usage": {"prompt_tokens": 119, "completion_tokens": 120, "total_tokens": 239, "token_count_source": "tokenizer"}, "decoding": {"temperature": 0.2, "top_p": null, "top_k": null, "max_tokens": 120, "seed": 42}, "prompt_tokens": 119, "completion_tokens": 120, "total_tokens": 239, "token_count_source": "tokenizer", "diffusion_steps": null, "flops_estimate": null, "flops_arch": null, "flops_model_params": null, "flops_active_params": null, "tokens_non_final": 3, "tokens_reasoning": 0, "tokens_response": 3, "elapsed_seconds": 41.62076258659363, "judgement": "Way off"}
{"id": "discounts_000723", "topic": "discounts", "subtopic": "percent", "prompt": "Cart: $48.29, $29.75, $30.14, $33.26, $21.69. A 25% discount applies to everything. About how much do you pay?", "exact_value": 122.35, "model": "Dream-org/Dream-v0-Instruct-7B", "provider": "transformers", "response": "Final answer: 262.22", "numeric_answer": 262.22, "relative_error": 1.1431957498978345, "thinking_text": null, "has_tool_call": false, "tool_call": null, "usage": {"prompt_tokens": 119, "completion_tokens": 120, "total_tokens": 239, "token_count_source": "tokenizer"}, "decoding": {"temperature": 0.2, "top_p": null, "top_k": null, "max_tokens": 120, "seed": 42}, "prompt_tokens": 119, "completion_tokens": 120, "total_tokens": 239, "token_count_source": "tokenizer", "diffusion_steps": null, "flops_estimate": null, "flops_arch": null, "flops_model_params": null, "flops_active_params": null, "tokens_non_final": 3, "tokens_reasoning": 0, "tokens_response": 3, "elapsed_seconds": 41.62076258659363, "judgement": "Way off"}
{"id": "discounts_000743", "topic": "discounts", "subtopic": "bogo", "prompt": "BOGO sale (buy one, get one free; free item is the cheaper one in each pair). Items: $22.88, $9.78. About how much do you pay?", "exact_value": 22.88, "model": "Dream-org/Dream-v0-Instruct-7B", "provider": "transformers", "response": "Final answer: <number><|im_end|>\n<|im_start|>assistant\n!!!!!!!!!!!!!!!!!!!!!!!!!!!!!!!!!!!!!!!!!!!!!!!!!!!!!!!!!!!!!!!!!!!!!!!!!!!!!!!!!!!!!!!!!!!!!!!!!!!!!!!!!!!!!!!!!!!!!!!!", "numeric_answer": null, "relative_error": null, "thinking_text": null, "has_tool_call": false, "tool_call": null, "usage": {"prompt_tokens": 108, "completion_tokens": 131, "total_tokens": 239, "token_count_source": "tokenizer"}, "decoding": {"temperature": 0.2, "top_p": null, "top_k": null, "max_tokens": 120, "seed": 42}, "prompt_tokens": 108, "completion_tokens": 131, "total_tokens": 239, "token_count_source": "tokenizer", "diffusion_steps": null, "flops_estimate": null, "flops_arch": null, "flops_model_params": null, "flops_active_params": null, "tokens_non_final": 5, "tokens_reasoning": 0, "tokens_response": 5, "elapsed_seconds": 41.62076258659363, "judgement": "Uncategorized"}
{"id": "discounts_000763", "topic": "discounts", "subtopic": "bogo", "prompt": "BOGO sale (buy one, get one free; free item is the cheaper one in each pair). Items: $11.36, $1.82. About how much do you pay?", "exact_value": 11.36, "model": "Dream-org/Dream-v0-Instruct-7B", "provider": "transformers", "response": "Final answer: <number><|im_end|>\n<|im_start|>assistant\n!!!!!!!!!!!!!!!!!!!!!!!!!!!!!!!!!!!!!!!!!!!!!!!!!!!!!!!!!!!!!!!!!!!!!!!!!!!!!!!!!!!!!!!!!!!!!!!!!!!!!!!!!!!!!!!!!!!!!!!!", "numeric_answer": null, "relative_error": null, "thinking_text": null, "has_tool_call": false, "tool_call": null, "usage": {"prompt_tokens": 108, "completion_tokens": 131, "total_tokens": 239, "token_count_source": "tokenizer"}, "decoding": {"temperature": 0.2, "top_p": null, "top_k": null, "max_tokens": 120, "seed": 42}, "prompt_tokens": 108, "completion_tokens": 131, "total_tokens": 239, "token_count_source": "tokenizer", "diffusion_steps": null, "flops_estimate": null, "flops_arch": null, "flops_model_params": null, "flops_active_params": null, "tokens_non_final": 5, "tokens_reasoning": 0, "tokens_response": 5, "elapsed_seconds": 41.62076258659363, "judgement": "Uncategorized"}
{"id": "discounts_000783", "topic": "discounts", "subtopic": "stacked", "prompt": "Stacked deal: 15% off, then $10 coupon if you spend $30 or more. Cart: $37.23, $37.65, $36.92, $14.32, $6.23. About how much do you pay?", "exact_value": 102.5, "model": "Dream-org/Dream-v0-Instruct-7B", "provider": "transformers", "response": "<|im_start|>assistant\n!!!!!!!!!!!!!!!!!!!!!!!!!!!!!!!!!!!!!!!!!!!!!!!!!!!!!!!!!!!!!!!!!!!!!!!!!!!!!!!!!!!!!!!!!!!!!!!!!!!!!!!!!!!!!!!!!!!!!!!!", "numeric_answer": null, "relative_error": null, "thinking_text": null, "has_tool_call": false, "tool_call": null, "usage": {"prompt_tokens": 132, "completion_tokens": 124, "total_tokens": 256, "token_count_source": "tokenizer"}, "decoding": {"temperature": 0.2, "top_p": null, "top_k": null, "max_tokens": 120, "seed": 42}, "prompt_tokens": 132, "completion_tokens": 124, "total_tokens": 256, "token_count_source": "tokenizer", "diffusion_steps": null, "flops_estimate": null, "flops_arch": null, "flops_model_params": null, "flops_active_params": null, "tokens_non_final": 2, "tokens_reasoning": 0, "tokens_response": 2, "elapsed_seconds": 42.3510205745697, "judgement": "Uncategorized"}
{"id": "discounts_000803", "topic": "discounts", "subtopic": "bogo", "prompt": "BOGO sale (buy one, get one free; free item is the cheaper one in each pair). Items: $23.07, $19.42, $17.76, $16.24, $13.92, $4.39. About how much do you pay?", "exact_value": 54.75, "model": "Dream-org/Dream-v0-Instruct-7B", "provider": "transformers", "response": "Final answer: 22.22", "numeric_answer": 22.22, "relative_error": 0.5941552511415525, "thinking_text": null, "has_tool_call": false, "tool_call": null, "usage": {"prompt_tokens": 136, "completion_tokens": 120, "total_tokens": 256, "token_count_source": "tokenizer"}, "decoding": {"temperature": 0.2, "top_p": null, "top_k": null, "max_tokens": 120, "seed": 42}, "prompt_tokens": 136, "completion_tokens": 120, "total_tokens": 256, "token_count_source": "tokenizer", "diffusion_steps": null, "flops_estimate": null, "flops_arch": null, "flops_model_params": null, "flops_active_params": null, "tokens_non_final": 3, "tokens_reasoning": 0, "tokens_response": 3, "elapsed_seconds": 42.3510205745697, "judgement": "Mildly off"}
{"id": "discounts_000823", "topic": "discounts", "subtopic": "stacked", "prompt": "Stacked deal: 20% off, then $10 coupon if you spend $30 or more. Cart: $8.48, $35.86, $5.64, $31.66, $9.45. About how much do you pay?", "exact_value": 62.87, "model": "Dream-org/Dream-v0-Instruct-7B", "provider": "transformers", "response": "><|im_end|>\n<|im_start|>assistant\n!!!!!!!!!!!!!!!!!!!!!!!!!!!!!!!!!!!!!!!!!!!!!!!!!!!!!!!!!!!!!!!!!!!!!!!!!!!!!!!!!!!!!!!!!!!!!!!!!!!!!!!!!!!!!!!!!!!!!!!!", "numeric_answer": null, "relative_error": null, "thinking_text": null, "has_tool_call": false, "tool_call": null, "usage": {"prompt_tokens": 130, "completion_tokens": 126, "total_tokens": 256, "token_count_source": "tokenizer"}, "decoding": {"temperature": 0.2, "top_p": null, "top_k": null, "max_tokens": 120, "seed": 42}, "prompt_tokens": 130, "completion_tokens": 126, "total_tokens": 256, "token_count_source": "tokenizer", "diffusion_steps": null, "flops_estimate": null, "flops_arch": null, "flops_model_params": null, "flops_active_params": null, "tokens_non_final": 3, "tokens_reasoning": 0, "tokens_response": 3, "elapsed_seconds": 42.3510205745697, "judgement": "Uncategorized"}
{"id": "discounts_000843", "topic": "discounts", "subtopic": "buy_n_get_m", "prompt": "Buy 4 get 2 free on items priced $5.03 each. You take 9 total. About how much do you pay?", "exact_value": 35.21, "model": "Dream-org/Dream-v0-Instruct-7B", "provider": "transformers", "response": "how much do you pay?\n\nRules:\n- Output a single numeric value (no words, no units).\nRespond in this format (no extra text):\nFinal answer: <number><|im_end|>\n<|im_start|>assistant\n!!!!!!!!!!!!!!!!!!!!!!!!!!!!!!!!!!!!!!!!!!!!!!!!!!!!!!!!!!!!!!!!!!!!!!!!!!!!!!!!!!!!!!!!!!!!!!!!!!!!!!!!!!!!!!!!!!!!!!!!", "numeric_answer": null, "relative_error": null, "thinking_text": null, "has_tool_call": false, "tool_call": null, "usage": {"prompt_tokens": 95, "completion_tokens": 161, "total_tokens": 256, "token_count_source": "tokenizer"}, "decoding": {"temperature": 0.2, "top_p": null, "top_k": null, "max_tokens": 120, "seed": 42}, "prompt_tokens": 95, "completion_tokens": 161, "total_tokens": 256, "token_count_source": "tokenizer", "diffusion_steps": null, "flops_estimate": null, "flops_arch": null, "flops_model_params": null, "flops_active_params": null, "tokens_non_final": 28, "tokens_reasoning": 0, "tokens_response": 28, "elapsed_seconds": 42.3510205745697, "judgement": "Uncategorized"}
{"id": "discounts_000863", "topic": "discounts", "subtopic": "threshold", "prompt": "Threshold coupon applies: $10 off $25+ spend. Cart: $34.92, $8.51, $12.79. About how much do you pay?", "exact_value": 46.22, "model": "Dream-org/Dream-v0-Instruct-7B", "provider": "transformers", "response": "Final answer: <number><|im_end|>\n<|im_start|>assistant\n!!!!!!!!!!!!!!!!!!!!!!!!!!!!!!!!!!!!!!!!!!!!!!!!!!!!!!!!!!!!!!!!!!!!!!!!!!!!!!!!!!!!!!!!!!!!!!!!!!!!!!!!!!!!!!!!!!!!!!!!", "numeric_answer": null, "relative_error": null, "thinking_text": null, "has_tool_call": false, "tool_call": null, "usage": {"prompt_tokens": 108, "completion_tokens": 131, "total_tokens": 239, "token_count_source": "tokenizer"}, "decoding": {"temperature": 0.2, "top_p": null, "top_k": null, "max_tokens": 120, "seed": 42}, "prompt_tokens": 108, "completion_tokens": 131, "total_tokens": 239, "token_count_source": "tokenizer", "diffusion_steps": null, "flops_estimate": null, "flops_arch": null, "flops_model_params": null, "flops_active_params": null, "tokens_non_final": 5, "tokens_reasoning": 0, "tokens_response": 5, "elapsed_seconds": 41.508867263793945, "judgement": "Uncategorized"}
{"id": "discounts_000883", "topic": "discounts", "subtopic": "percent", "prompt": "Cart: $39.81, $20.15, $41.33, $23.55, $23.05. A 25% discount applies to everything. About how much do you pay?", "exact_value": 110.92, "model": "Dream-org/Dream-v0-Instruct-7B", "provider": "transformers", "response": "Final answer: 222.22", "numeric_answer": 222.22, "relative_error": 1.0034258925351605, "thinking_text": null, "has_tool_call": false, "tool_call": null, "usage": {"prompt_tokens": 119, "completion_tokens": 120, "total_tokens": 239, "token_count_source": "tokenizer"}, "decoding": {"temperature": 0.2, "top_p": null, "top_k": null, "max_tokens": 120, "seed": 42}, "prompt_tokens": 119, "completion_tokens": 120, "total_tokens": 239, "token_count_source": "tokenizer", "diffusion_steps": null, "flops_estimate": null, "flops_arch": null, "flops_model_params": null, "flops_active_params": null, "tokens_non_final": 3, "tokens_reasoning": 0, "tokens_response": 3, "elapsed_seconds": 41.508867263793945, "judgement": "Way off"}
{"id": "discounts_000903", "topic": "discounts", "subtopic": "percent", "prompt": "Cart: $12.50, $16.62, $17.19. A 10% discount applies to everything. About how much do you pay?", "exact_value": 41.68, "model": "Dream-org/Dream-v0-Instruct-7B", "provider": "transformers", "response": "extra text):\nFinal answer: <number><|im_end|>\n<|im_start|>assistant\n!!!!!!!!!!!!!!!!!!!!!!!!!!!!!!!!!!!!!!!!!!!!!!!!!!!!!!!!!!!!!!!!!!!!!!!!!!!!!!!!!!!!!!!!!!!!!!!!!!!!!!!!!!!!!!!!!!!!!!!!", "numeric_answer": null, "relative_error": null, "thinking_text": null, "has_tool_call": false, "tool_call": null, "usage": {"prompt_tokens": 105, "completion_tokens": 134, "total_tokens": 239, "token_count_source": "tokenizer"}, "decoding": {"temperature": 0.2, "top_p": null, "top_k": null, "max_tokens": 120, "seed": 42}, "prompt_tokens": 105, "completion_tokens": 134, "total_tokens": 239, "token_count_source": "tokenizer", "diffusion_steps": null, "flops_estimate": null, "flops_arch": null, "flops_model_params": null, "flops_active_params": null, "tokens_non_final": 7, "tokens_reasoning": 0, "tokens_response": 7, "elapsed_seconds": 41.508867263793945, "judgement": "Uncategorized"}
{"id": "discounts_000923", "topic": "discounts", "subtopic": "bogo", "prompt": "BOGO sale (buy one, get one free; free item is the cheaper one in each pair). Items: $10.61, $2.49. About how much do you pay?", "exact_value": 10.61, "model": "Dream-org/Dream-v0-Instruct-7B", "provider": "transformers", "response": "Final answer: <number><|im_end|>\n<|im_start|>assistant\n!!!!!!!!!!!!!!!!!!!!!!!!!!!!!!!!!!!!!!!!!!!!!!!!!!!!!!!!!!!!!!!!!!!!!!!!!!!!!!!!!!!!!!!!!!!!!!!!!!!!!!!!!!!!!!!!!!!!!!!!", "numeric_answer": null, "relative_error": null, "thinking_text": null, "has_tool_call": false, "tool_call": null, "usage": {"prompt_tokens": 108, "completion_tokens": 131, "total_tokens": 239, "token_count_source": "tokenizer"}, "decoding": {"temperature": 0.2, "top_p": null, "top_k": null, "max_tokens": 120, "seed": 42}, "prompt_tokens": 108, "completion_tokens": 131, "total_tokens": 239, "token_count_source": "tokenizer", "diffusion_steps": null, "flops_estimate": null, "flops_arch": null, "flops_model_params": null, "flops_active_params": null, "tokens_non_final": 5, "tokens_reasoning": 0, "tokens_response": 5, "elapsed_seconds": 41.508867263793945, "judgement": "Uncategorized"}
{"id": "discounts_000943", "topic": "discounts", "subtopic": "stacked", "prompt": "Stacked deal: 20% off, then $5 coupon if you spend $50 or more. Cart: $22.54, $15.03, $37.69. About how much do you pay?", "exact_value": 55.21, "model": "Dream-org/Dream-v0-Instruct-7B", "provider": "transformers", "response": "(no extra text):\nFinal answer: <number><|im_end|>\n<|im_start|>assistant\n!!!!!!!!!!!!!!!!!!!!!!!!!!!!!!!!!!!!!!!!!!!!!!!!!!!!!!!!!!!!!!!!!!!!!!!!!!!!!!!!!!!!!!!!!!!!!!!!!!!!!!!!!!!!!!!!!!!!!!!!", "numeric_answer": null, "relative_error": null, "thinking_text": null, "has_tool_call": false, "tool_call": null, "usage": {"prompt_tokens": 118, "completion_tokens": 136, "total_tokens": 254, "token_count_source": "tokenizer"}, "decoding": {"temperature": 0.2, "top_p": null, "top_k": null, "max_tokens": 120, "seed": 42}, "prompt_tokens": 118, "completion_tokens": 136, "total_tokens": 254, "token_count_source": "tokenizer", "diffusion_steps": null, "flops_estimate": null, "flops_arch": null, "flops_model_params": null, "flops_active_params": null, "tokens_non_final": 8, "tokens_reasoning": 0, "tokens_response": 8, "elapsed_seconds": 42.44810509681702, "judgement": "Uncategorized"}
{"id": "discounts_000963", "topic": "discounts", "subtopic": "bogo", "prompt": "BOGO sale (buy one, get one free; free item is the cheaper one in each pair). Items: $23.00, $20.02, $17.46, $6.49, $2.60. About how much do you pay?", "exact_value": 43.06, "model": "Dream-org/Dream-v0-Instruct-7B", "provider": "transformers", "response": "><|im_end|>\n<|im_start|>assistant\n!!!!!!!!!!!!!!!!!!!!!!!!!!!!!!!!!!!!!!!!!!!!!!!!!!!!!!!!!!!!!!!!!!!!!!!!!!!!!!!!!!!!!!!!!!!!!!!!!!!!!!!!!!!!!!!!!!!!!!!!", "numeric_answer": null, "relative_error": null, "thinking_text": null, "has_tool_call": false, "tool_call": null, "usage": {"prompt_tokens": 128, "completion_tokens": 126, "total_tokens": 254, "token_count_source": "tokenizer"}, "decoding": {"temperature": 0.2, "top_p": null, "top_k": null, "max_tokens": 120, "seed": 42}, "prompt_tokens": 128, "completion_tokens": 126, "total_tokens": 254, "token_count_source": "tokenizer", "diffusion_steps": null, "flops_estimate": null, "flops_arch": null, "flops_model_params": null, "flops_active_params": null, "tokens_non_final": 3, "tokens_reasoning": 0, "tokens_response": 3, "elapsed_seconds": 42.44810509681702, "judgement": "Uncategorized"}
{"id": "discounts_000983", "topic": "discounts", "subtopic": "bogo", "prompt": "BOGO sale (buy one, get one free; free item is the cheaper one in each pair). Items: $17.50, $15.22, $8.66. About how much do you pay?", "exact_value": 26.16, "model": "Dream-org/Dream-v0-Instruct-7B", "provider": "transformers", "response": "in this format (no extra text):\nFinal answer: <number><|im_end|>\n<|im_start|>assistant\n!!!!!!!!!!!!!!!!!!!!!!!!!!!!!!!!!!!!!!!!!!!!!!!!!!!!!!!!!!!!!!!!!!!!!!!!!!!!!!!!!!!!!!!!!!!!!!!!!!!!!!!!!!!!!!!!!!!!!!!!", "numeric_answer": null, "relative_error": null, "thinking_text": null, "has_tool_call": false, "tool_call": null, "usage": {"prompt_tokens": 115, "completion_tokens": 139, "total_tokens": 254, "token_count_source": "tokenizer"}, "decoding": {"temperature": 0.2, "top_p": null, "top_k": null, "max_tokens": 120, "seed": 42}, "prompt_tokens": 115, "completion_tokens": 139, "total_tokens": 254, "token_count_source": "tokenizer", "diffusion_steps": null, "flops_estimate": null, "flops_arch": null, "flops_model_params": null, "flops_active_params": null, "tokens_non_final": 11, "tokens_reasoning": 0, "tokens_response": 11, "elapsed_seconds": 42.44810509681702, "judgement": "Uncategorized"}
{"id": "discounts_001003", "topic": "discounts", "subtopic": "bogo", "prompt": "BOGO sale (buy one, get one free; free item is the cheaper one in each pair). Items: $22.78, $21.06, $17.56, $9.49, $3.73, $1.89. About how much do you pay?", "exact_value": 44.07, "model": "Dream-org/Dream-v0-Instruct-7B", "provider": "transformers", "response": "Final answer: 6.27", "numeric_answer": 6.27, "relative_error": 0.8577263444520081, "thinking_text": null, "has_tool_call": false, "tool_call": null, "usage": {"prompt_tokens": 134, "completion_tokens": 120, "total_tokens": 254, "token_count_source": "tokenizer"}, "decoding": {"temperature": 0.2, "top_p": null, "top_k": null, "max_tokens": 120, "seed": 42}, "prompt_tokens": 134, "completion_tokens": 120, "total_tokens": 254, "token_count_source": "tokenizer", "diffusion_steps": null, "flops_estimate": null, "flops_arch": null, "flops_model_params": null, "flops_active_params": null, "tokens_non_final": 3, "tokens_reasoning": 0, "tokens_response": 3, "elapsed_seconds": 42.44810509681702, "judgement": "Way off"}
{"id": "discounts_001023", "topic": "discounts", "subtopic": "buy_n_get_m", "prompt": "Buy 4 get 1 free on items priced $2.87 each. You take 8 total. About how much do you pay?", "exact_value": 20.09, "model": "Dream-org/Dream-v0-Instruct-7B", "provider": "transformers", "response": ", no units).\nRespond in this format (no extra text):\nFinal answer: <number><|im_end|>\n<|im_start|>assistant\n!!!!!!!!!!!!!!!!!!!!!!!!!!!!!!!!!!!!!!!!!!!!!!!!!!!!!!!!!!!!!!!!!!!!!!!!!!!!!!!!!!!!!!!!!!!!!!!!!!!!!!!!!!!!!!!!!!!!!!!!", "numeric_answer": null, "relative_error": null, "thinking_text": null, "has_tool_call": false, "tool_call": null, "usage": {"prompt_tokens": 95, "completion_tokens": 144, "total_tokens": 239, "token_count_source": "tokenizer"}, "decoding": {"temperature": 0.2, "top_p": null, "top_k": null, "max_tokens": 120, "seed": 42}, "prompt_tokens": 95, "completion_tokens": 144, "total_tokens": 239, "token_count_source": "tokenizer", "diffusion_steps": null, "flops_estimate": null, "flops_arch": null, "flops_model_params": null, "flops_active_params": null, "tokens_non_final": 15, "tokens_reasoning": 0, "tokens_response": 15, "elapsed_seconds": 41.487870931625366, "judgement": "Uncategorized"}
{"id": "discounts_001043", "topic": "discounts", "subtopic": "threshold", "prompt": "Threshold coupon applies: $5 off $25+ spend. Cart: $35.97, $4.76, $38.83, $33.01. About how much do you pay?", "exact_value": 107.57, "model": "Dream-org/Dream-v0-Instruct-7B", "provider": "transformers", "response": "<|im_end|>\n<|im_start|>assistant\n!!!!!!!!!!!!!!!!!!!!!!!!!!!!!!!!!!!!!!!!!!!!!!!!!!!!!!!!!!!!!!!!!!!!!!!!!!!!!!!!!!!!!!!!!!!!!!!!!!!!!!!!!!!!!!!!!!!!!!!!", "numeric_answer": null, "relative_error": null, "thinking_text": null, "has_tool_call": false, "tool_call": null, "usage": {"prompt_tokens": 114, "completion_tokens": 125, "total_tokens": 239, "token_count_source": "tokenizer"}, "decoding": {"temperature": 0.2, "top_p": null, "top_k": null, "max_tokens": 120, "seed": 42}, "prompt_tokens": 114, "completion_tokens": 125, "total_tokens": 239, "token_count_source": "tokenizer", "diffusion_steps": null, "flops_estimate": null, "flops_arch": null, "flops_model_params": null, "flops_active_params": null, "tokens_non_final": 3, "tokens_reasoning": 0, "tokens_response": 3, "elapsed_seconds": 41.487870931625366, "judgement": "Uncategorized"}
{"id": "discounts_001063", "topic": "discounts", "subtopic": "stacked", "prompt": "Stacked deal: 10% off, then $5 coupon if you spend $30 or more. Cart: $3.36, $20.19, $25.37. About how much do you pay?", "exact_value": 39.03, "model": "Dream-org/Dream-v0-Instruct-7B", "provider": "transformers", "response": "assistant\n!!!!!!!!!!!!!!!!!!!!!!!!!!!!!!!!!!!!!!!!!!!!!!!!!!!!!!!!!!!!!!!!!!!!!!!!!!!!!!!!!!!!!!!!!!!!!!!!!!!!!!!!!!!!!!!!!!!!!!!!", "numeric_answer": null, "relative_error": null, "thinking_text": null, "has_tool_call": false, "tool_call": null, "usage": {"prompt_tokens": 117, "completion_tokens": 122, "total_tokens": 239, "token_count_source": "tokenizer"}, "decoding": {"temperature": 0.2, "top_p": null, "top_k": null, "max_tokens": 120, "seed": 42}, "prompt_tokens": 117, "completion_tokens": 122, "total_tokens": 239, "token_count_source": "tokenizer", "diffusion_steps": null, "flops_estimate": null, "flops_arch": null, "flops_model_params": null, "flops_active_params": null, "tokens_non_final": 2, "tokens_reasoning": 0, "tokens_response": 2, "elapsed_seconds": 41.487870931625366, "judgement": "Uncategorized"}
{"id": "discounts_001083", "topic": "discounts", "subtopic": "stacked", "prompt": "Stacked deal: 10% off, then $10 coupon if you spend $40 or more. Cart: $21.15, $25.92, $23.98. About how much do you pay?", "exact_value": 53.95, "model": "Dream-org/Dream-v0-Instruct-7B", "provider": "transformers", "response": "Final answer: $10.", "numeric_answer": 10.0, "relative_error": 0.8146431881371641, "thinking_text": null, "has_tool_call": false, "tool_call": null, "usage": {"prompt_tokens": 119, "completion_tokens": 120, "total_tokens": 239, "token_count_source": "tokenizer"}, "decoding": {"temperature": 0.2, "top_p": null, "top_k": null, "max_tokens": 120, "seed": 42}, "prompt_tokens": 119, "completion_tokens": 120, "total_tokens": 239, "token_count_source": "tokenizer", "diffusion_steps": null, "flops_estimate": null, "flops_arch": null, "flops_model_params": null, "flops_active_params": null, "tokens_non_final": 3, "tokens_reasoning": 0, "tokens_response": 3, "elapsed_seconds": 41.487870931625366, "judgement": "Way off"}
{"id": "discounts_001103", "topic": "discounts", "subtopic": "threshold", "prompt": "Threshold coupon applies: $10 off $40+ spend. Cart: $20.06, $17.49. About how much do you pay?", "exact_value": 37.55, "model": "Dream-org/Dream-v0-Instruct-7B", "provider": "transformers", "response": "number><|im_end|>\n<|im_start|>assistant\n!!!!!!!!!!!!!!!!!!!!!!!!!!!!!!!!!!!!!!!!!!!!!!!!!!!!!!!!!!!!!!!!!!!!!!!!!!!!!!!!!!!!!!!!!!!!!!!!!!!!!!!!!!!!!!!!!!!!!!!!", "numeric_answer": null, "relative_error": null, "thinking_text": null, "has_tool_call": false, "tool_call": null, "usage": {"prompt_tokens": 102, "completion_tokens": 127, "total_tokens": 229, "token_count_source": "tokenizer"}, "decoding": {"temperature": 0.2, "top_p": null, "top_k": null, "max_tokens": 120, "seed": 42}, "prompt_tokens": 102, "completion_tokens": 127, "total_tokens": 229, "token_count_source": "tokenizer", "diffusion_steps": null, "flops_estimate": null, "flops_arch": null, "flops_model_params": null, "flops_active_params": null, "tokens_non_final": 3, "tokens_reasoning": 0, "tokens_response": 3, "elapsed_seconds": 41.50829839706421, "judgement": "Uncategorized"}
{"id": "discounts_001123", "topic": "discounts", "subtopic": "threshold", "prompt": "Threshold coupon applies: $15 off $50+ spend. Cart: $18.18, $39.52, $22.33. About how much do you pay?", "exact_value": 65.03, "model": "Dream-org/Dream-v0-Instruct-7B", "provider": "transformers", "response": "Final answer: $13.22", "numeric_answer": 13.22, "relative_error": 0.796709211133323, "thinking_text": null, "has_tool_call": false, "tool_call": null, "usage": {"prompt_tokens": 109, "completion_tokens": 120, "total_tokens": 229, "token_count_source": "tokenizer"}, "decoding": {"temperature": 0.2, "top_p": null, "top_k": null, "max_tokens": 120, "seed": 42}, "prompt_tokens": 109, "completion_tokens": 120, "total_tokens": 229, "token_count_source": "tokenizer", "diffusion_steps": null, "flops_estimate": null, "flops_arch": null, "flops_model_params": null, "flops_active_params": null, "tokens_non_final": 3, "tokens_reasoning": 0, "tokens_response": 3, "elapsed_seconds": 41.50829839706421, "judgement": "Way off"}
{"id": "discounts_001143", "topic": "discounts", "subtopic": "threshold", "prompt": "Threshold coupon applies: $5 off $25+ spend. Cart: $6.88, $33.06. About how much do you pay?", "exact_value": 34.94, "model": "Dream-org/Dream-v0-Instruct-7B", "provider": "transformers", "response": ": <number><|im_end|>\n<|im_start|>assistant\n!!!!!!!!!!!!!!!!!!!!!!!!!!!!!!!!!!!!!!!!!!!!!!!!!!!!!!!!!!!!!!!!!!!!!!!!!!!!!!!!!!!!!!!!!!!!!!!!!!!!!!!!!!!!!!!!!!!!!!!!", "numeric_answer": null, "relative_error": null, "thinking_text": null, "has_tool_call": false, "tool_call": null, "usage": {"prompt_tokens": 100, "completion_tokens": 129, "total_tokens": 229, "token_count_source": "tokenizer"}, "decoding": {"temperature": 0.2, "top_p": null, "top_k": null, "max_tokens": 120, "seed": 42}, "prompt_tokens": 100, "completion_tokens": 129, "total_tokens": 229, "token_count_source": "tokenizer", "diffusion_steps": null, "flops_estimate": null, "flops_arch": null, "flops_model_params": null, "flops_active_params": null, "tokens_non_final": 4, "tokens_reasoning": 0, "tokens_response": 4, "elapsed_seconds": 41.50829839706421, "judgement": "Uncategorized"}
{"id": "discounts_001163", "topic": "discounts", "subtopic": "buy_n_get_m", "prompt": "Buy 5 get 3 free on items priced $1.79 each. You take 12 total. About how much do you pay?", "exact_value": 16.11, "model": "Dream-org/Dream-v0-Instruct-7B", "provider": "transformers", "response": "text):\nFinal answer: <number><|im_end|>\n<|im_start|>assistant\n!!!!!!!!!!!!!!!!!!!!!!!!!!!!!!!!!!!!!!!!!!!!!!!!!!!!!!!!!!!!!!!!!!!!!!!!!!!!!!!!!!!!!!!!!!!!!!!!!!!!!!!!!!!!!!!!!!!!!!!!", "numeric_answer": null, "relative_error": null, "thinking_text": null, "has_tool_call": false, "tool_call": null, "usage": {"prompt_tokens": 96, "completion_tokens": 133, "total_tokens": 229, "token_count_source": "tokenizer"}, "decoding": {"temperature": 0.2, "top_p": null, "top_k": null, "max_tokens": 120, "seed": 42}, "prompt_tokens": 96, "completion_tokens": 133, "total_tokens": 229, "token_count_source": "tokenizer", "diffusion_steps": null, "flops_estimate": null, "flops_arch": null, "flops_model_params": null, "flops_active_params": null, "tokens_non_final": 6, "tokens_reasoning": 0, "tokens_response": 6, "elapsed_seconds": 41.50829839706421, "judgement": "Uncategorized"}
{"id": "discounts_001183", "topic": "discounts", "subtopic": "threshold", "prompt": "Threshold coupon applies: $10 off $40+ spend. Cart: $17.79, $9.82, $10.21. About how much do you pay?", "exact_value": 37.82, "model": "Dream-org/Dream-v0-Instruct-7B", "provider": "transformers", "response": "><|im_end|>\n<|im_start|>assistant\n!!!!!!!!!!!!!!!!!!!!!!!!!!!!!!!!!!!!!!!!!!!!!!!!!!!!!!!!!!!!!!!!!!!!!!!!!!!!!!!!!!!!!!!!!!!!!!!!!!!!!!!!!!!!!!!!!!!!!!!!", "numeric_answer": null, "relative_error": null, "thinking_text": null, "has_tool_call": false, "tool_call": null, "usage": {"prompt_tokens": 108, "completion_tokens": 126, "total_tokens": 234, "token_count_source": "tokenizer"}, "decoding": {"temperature": 0.2, "top_p": null, "top_k": null, "max_tokens": 120, "seed": 42}, "prompt_tokens": 108, "completion_tokens": 126, "total_tokens": 234, "token_count_source": "tokenizer", "diffusion_steps": null, "flops_estimate": null, "flops_arch": null, "flops_model_params": null, "flops_active_params": null, "tokens_non_final": 3, "tokens_reasoning": 0, "tokens_response": 3, "elapsed_seconds": 41.29243206977844, "judgement": "Uncategorized"}
{"id": "discounts_001203", "topic": "discounts", "subtopic": "threshold", "prompt": "Threshold coupon applies: $10 off $25+ spend. Cart: $21.83, $6.78, $19.19, $4.90. About how much do you pay?", "exact_value": 42.7, "model": "Dream-org/Dream-v0-Instruct-7B", "provider": "transformers", "response": "Final answer: $20", "numeric_answer": 20.0, "relative_error": 0.531615925058548, "thinking_text": null, "has_tool_call": false, "tool_call": null, "usage": {"prompt_tokens": 114, "completion_tokens": 120, "total_tokens": 234, "token_count_source": "tokenizer"}, "decoding": {"temperature": 0.2, "top_p": null, "top_k": null, "max_tokens": 120, "seed": 42}, "prompt_tokens": 114, "completion_tokens": 120, "total_tokens": 234, "token_count_source": "tokenizer", "diffusion_steps": null, "flops_estimate": null, "flops_arch": null, "flops_model_params": null, "flops_active_params": null, "tokens_non_final": 3, "tokens_reasoning": 0, "tokens_response": 3, "elapsed_seconds": 41.29243206977844, "judgement": "Mildly off"}
{"id": "discounts_001223", "topic": "discounts", "subtopic": "bogo", "prompt": "BOGO sale (buy one, get one free; free item is the cheaper one in each pair). Items: $9.89, $5.43, $1.64. About how much do you pay?", "exact_value": 11.53, "model": "Dream-org/Dream-v0-Instruct-7B", "provider": "transformers", "response": "!!!!!!!!!!!!!!!!!!!!!!!!!!!!!!!!!!!!!!!!!!!!!!!!!!!!!!!!!!!!!!!!!!!!!!!!!!!!!!!!!!!!!!!!!!!!!!!!!!!!!!!!!!!!!!!!!!!!!!!!", "numeric_answer": null, "relative_error": null, "thinking_text": null, "has_tool_call": false, "tool_call": null, "usage": {"prompt_tokens": 113, "completion_tokens": 121, "total_tokens": 234, "token_count_source": "tokenizer"}, "decoding": {"temperature": 0.2, "top_p": null, "top_k": null, "max_tokens": 120, "seed": 42}, "prompt_tokens": 113, "completion_tokens": 121, "total_tokens": 234, "token_count_source": "tokenizer", "diffusion_steps": null, "flops_estimate": null, "flops_arch": null, "flops_model_params": null, "flops_active_params": null, "tokens_non_final": 1, "tokens_reasoning": 0, "tokens_response": 1, "elapsed_seconds": 41.29243206977844, "judgement": "Uncategorized"}
{"id": "discounts_001243", "topic": "discounts", "subtopic": "bogo", "prompt": "BOGO sale (buy one, get one free; free item is the cheaper one in each pair). Items: $13.65, $11.87. About how much do you pay?", "exact_value": 13.65, "model": "Dream-org/Dream-v0-Instruct-7B", "provider": "transformers", "response": "<|im_end|>\n<|im_start|>assistant\n!!!!!!!!!!!!!!!!!!!!!!!!!!!!!!!!!!!!!!!!!!!!!!!!!!!!!!!!!!!!!!!!!!!!!!!!!!!!!!!!!!!!!!!!!!!!!!!!!!!!!!!!!!!!!!!!!!!!!!!!", "numeric_answer": null, "relative_error": null, "thinking_text": null, "has_tool_call": false, "tool_call": null, "usage": {"prompt_tokens": 109, "completion_tokens": 125, "total_tokens": 234, "token_count_source": "tokenizer"}, "decoding": {"temperature": 0.2, "top_p": null, "top_k": null, "max_tokens": 120, "seed": 42}, "prompt_tokens": 109, "completion_tokens": 125, "total_tokens": 234, "token_count_source": "tokenizer", "diffusion_steps": null, "flops_estimate": null, "flops_arch": null, "flops_model_params": null, "flops_active_params": null, "tokens_non_final": 3, "tokens_reasoning": 0, "tokens_response": 3, "elapsed_seconds": 41.29243206977844, "judgement": "Uncategorized"}
{"id": "discounts_001263", "topic": "discounts", "subtopic": "stacked", "prompt": "Stacked deal: 20% off, then $10 coupon if you spend $30 or more. Cart: $7.97, $14.01, $20.15, $6.20. About how much do you pay?", "exact_value": 28.66, "model": "Dream-org/Dream-v0-Instruct-7B", "provider": "transformers", "response": "Final answer: <number><|im_end|>\n<|im_start|>assistant\n!!!!!!!!!!!!!!!!!!!!!!!!!!!!!!!!!!!!!!!!!!!!!!!!!!!!!!!!!!!!!!!!!!!!!!!!!!!!!!!!!!!!!!!!!!!!!!!!!!!!!!!!!!!!!!!!!!!!!!!!", "numeric_answer": null, "relative_error": null, "thinking_text": null, "has_tool_call": false, "tool_call": null, "usage": {"prompt_tokens": 124, "completion_tokens": 131, "total_tokens": 255, "token_count_source": "tokenizer"}, "decoding": {"temperature": 0.2, "top_p": null, "top_k": null, "max_tokens": 120, "seed": 42}, "prompt_tokens": 124, "completion_tokens": 131, "total_tokens": 255, "token_count_source": "tokenizer", "diffusion_steps": null, "flops_estimate": null, "flops_arch": null, "flops_model_params": null, "flops_active_params": null, "tokens_non_final": 5, "tokens_reasoning": 0, "tokens_response": 5, "elapsed_seconds": 42.474411964416504, "judgement": "Uncategorized"}
{"id": "discounts_001283", "topic": "discounts", "subtopic": "bogo", "prompt": "BOGO sale (buy one, get one free; free item is the cheaper one in each pair). Items: $23.99, $18.08, $15.49, $11.69, $2.98, $1.77. About how much do you pay?", "exact_value": 42.46, "model": "Dream-org/Dream-v0-Instruct-7B", "provider": "transformers", "response": "Final answer: 1.", "numeric_answer": 1.0, "relative_error": 0.976448422044277, "thinking_text": null, "has_tool_call": false, "tool_call": null, "usage": {"prompt_tokens": 135, "completion_tokens": 120, "total_tokens": 255, "token_count_source": "tokenizer"}, "decoding": {"temperature": 0.2, "top_p": null, "top_k": null, "max_tokens": 120, "seed": 42}, "prompt_tokens": 135, "completion_tokens": 120, "total_tokens": 255, "token_count_source": "tokenizer", "diffusion_steps": null, "flops_estimate": null, "flops_arch": null, "flops_model_params": null, "flops_active_params": null, "tokens_non_final": 3, "tokens_reasoning": 0, "tokens_response": 3, "elapsed_seconds": 42.474411964416504, "judgement": "Way off"}
{"id": "discounts_001303", "topic": "discounts", "subtopic": "buy_n_get_m", "prompt": "Buy 3 get 1 free on items priced $5.20 each. You take 7 total. About how much do you pay?", "exact_value": 31.2, "model": "Dream-org/Dream-v0-Instruct-7B", "provider": "transformers", "response": "much do you pay?\n\nRules:\n- Output a single numeric value (no words, no units).\nRespond in this format (no extra text):\nFinal answer: <number><|im_end|>\n<|im_start|>assistant\n!!!!!!!!!!!!!!!!!!!!!!!!!!!!!!!!!!!!!!!!!!!!!!!!!!!!!!!!!!!!!!!!!!!!!!!!!!!!!!!!!!!!!!!!!!!!!!!!!!!!!!!!!!!!!!!!!!!!!!!!", "numeric_answer": null, "relative_error": null, "thinking_text": null, "has_tool_call": false, "tool_call": null, "usage": {"prompt_tokens": 95, "completion_tokens": 160, "total_tokens": 255, "token_count_source": "tokenizer"}, "decoding": {"temperature": 0.2, "top_p": null, "top_k": null, "max_tokens": 120, "seed": 42}, "prompt_tokens": 95, "completion_tokens": 160, "total_tokens": 255, "token_count_source": "tokenizer", "diffusion_steps": null, "flops_estimate": null, "flops_arch": null, "flops_model_params": null, "flops_active_params": null, "tokens_non_final": 27, "tokens_reasoning": 0, "tokens_response": 27, "elapsed_seconds": 42.474411964416504, "judgement": "Uncategorized"}
{"id": "discounts_001323", "topic": "discounts", "subtopic": "buy_n_get_m", "prompt": "Buy 5 get 2 free on items priced $6.90 each. You take 7 total. About how much do you pay?", "exact_value": 34.5, "model": "Dream-org/Dream-v0-Instruct-7B", "provider": "transformers", "response": "much do you pay?\n\nRules:\n- Output a single numeric value (no words, no units).\nRespond in this format (no extra text):\nFinal answer: <number><|im_end|>\n<|im_start|>assistant\n!!!!!!!!!!!!!!!!!!!!!!!!!!!!!!!!!!!!!!!!!!!!!!!!!!!!!!!!!!!!!!!!!!!!!!!!!!!!!!!!!!!!!!!!!!!!!!!!!!!!!!!!!!!!!!!!!!!!!!!!", "numeric_answer": null, "relative_error": null, "thinking_text": null, "has_tool_call": false, "tool_call": null, "usage": {"prompt_tokens": 95, "completion_tokens": 160, "total_tokens": 255, "token_count_source": "tokenizer"}, "decoding": {"temperature": 0.2, "top_p": null, "top_k": null, "max_tokens": 120, "seed": 42}, "prompt_tokens": 95, "completion_tokens": 160, "total_tokens": 255, "token_count_source": "tokenizer", "diffusion_steps": null, "flops_estimate": null, "flops_arch": null, "flops_model_params": null, "flops_active_params": null, "tokens_non_final": 27, "tokens_reasoning": 0, "tokens_response": 27, "elapsed_seconds": 42.474411964416504, "judgement": "Uncategorized"}
{"id": "discounts_001343", "topic": "discounts", "subtopic": "threshold", "prompt": "Threshold coupon applies: $5 off $30+ spend. Cart: $14.20, $6.64, $17.41, $15.16, $33.39. About how much do you pay?", "exact_value": 81.8, "model": "Dream-org/Dream-v0-Instruct-7B", "provider": "transformers", "response": "Final answer: $20.22", "numeric_answer": 20.22, "relative_error": 0.7528117359413203, "thinking_text": null, "has_tool_call": false, "tool_call": null, "usage": {"prompt_tokens": 121, "completion_tokens": 120, "total_tokens": 241, "token_count_source": "tokenizer"}, "decoding": {"temperature": 0.2, "top_p": null, "top_k": null, "max_tokens": 120, "seed": 42}, "prompt_tokens": 121, "completion_tokens": 120, "total_tokens": 241, "token_count_source": "tokenizer", "diffusion_steps": null, "flops_estimate": null, "flops_arch": null, "flops_model_params": null, "flops_active_params": null, "tokens_non_final": 3, "tokens_reasoning": 0, "tokens_response": 3, "elapsed_seconds": 41.585800647735596, "judgement": "Way off"}
{"id": "discounts_001363", "topic": "discounts", "subtopic": "percent", "prompt": "Cart: $17.94, $48.32, $33.85. A 25% discount applies to everything. About how much do you pay?", "exact_value": 75.08, "model": "Dream-org/Dream-v0-Instruct-7B", "provider": "transformers", "response": "(no extra text):\nFinal answer: <number><|im_end|>\n<|im_start|>assistant\n!!!!!!!!!!!!!!!!!!!!!!!!!!!!!!!!!!!!!!!!!!!!!!!!!!!!!!!!!!!!!!!!!!!!!!!!!!!!!!!!!!!!!!!!!!!!!!!!!!!!!!!!!!!!!!!!!!!!!!!!", "numeric_answer": null, "relative_error": null, "thinking_text": null, "has_tool_call": false, "tool_call": null, "usage": {"prompt_tokens": 105, "completion_tokens": 136, "total_tokens": 241, "token_count_source": "tokenizer"}, "decoding": {"temperature": 0.2, "top_p": null, "top_k": null, "max_tokens": 120, "seed": 42}, "prompt_tokens": 105, "completion_tokens": 136, "total_tokens": 241, "token_count_source": "tokenizer", "diffusion_steps": null, "flops_estimate": null, "flops_arch": null, "flops_model_params": null, "flops_active_params": null, "tokens_non_final": 8, "tokens_reasoning": 0, "tokens_response": 8, "elapsed_seconds": 41.585800647735596, "judgement": "Uncategorized"}
{"id": "discounts_001383", "topic": "discounts", "subtopic": "buy_n_get_m", "prompt": "Buy 5 get 2 free on items priced $2.51 each. You take 8 total. About how much do you pay?", "exact_value": 15.06, "model": "Dream-org/Dream-v0-Instruct-7B", "provider": "transformers", "response": "no words, no units).\nRespond in this format (no extra text):\nFinal answer: <number><|im_end|>\n<|im_start|>assistant\n!!!!!!!!!!!!!!!!!!!!!!!!!!!!!!!!!!!!!!!!!!!!!!!!!!!!!!!!!!!!!!!!!!!!!!!!!!!!!!!!!!!!!!!!!!!!!!!!!!!!!!!!!!!!!!!!!!!!!!!!", "numeric_answer": null, "relative_error": null, "thinking_text": null, "has_tool_call": false, "tool_call": null, "usage": {"prompt_tokens": 95, "completion_tokens": 146, "total_tokens": 241, "token_count_source": "tokenizer"}, "decoding": {"temperature": 0.2, "top_p": null, "top_k": null, "max_tokens": 120, "seed": 42}, "prompt_tokens": 95, "completion_tokens": 146, "total_tokens": 241, "token_count_source": "tokenizer", "diffusion_steps": null, "flops_estimate": null, "flops_arch": null, "flops_model_params": null, "flops_active_params": null, "tokens_non_final": 16, "tokens_reasoning": 0, "tokens_response": 16, "elapsed_seconds": 41.585800647735596, "judgement": "Uncategorized"}
{"id": "discounts_001403", "topic": "discounts", "subtopic": "percent", "prompt": "Cart: $49.45, $5.75. A 15% discount applies to everything. About how much do you pay?", "exact_value": 46.92, "model": "Dream-org/Dream-v0-Instruct-7B", "provider": "transformers", "response": ", no units).\nRespond in this format (no extra text):\nFinal answer: <number><|im_end|>\n<|im_start|>assistant\n!!!!!!!!!!!!!!!!!!!!!!!!!!!!!!!!!!!!!!!!!!!!!!!!!!!!!!!!!!!!!!!!!!!!!!!!!!!!!!!!!!!!!!!!!!!!!!!!!!!!!!!!!!!!!!!!!!!!!!!!", "numeric_answer": null, "relative_error": null, "thinking_text": null, "has_tool_call": false, "tool_call": null, "usage": {"prompt_tokens": 97, "completion_tokens": 144, "total_tokens": 241, "token_count_source": "tokenizer"}, "decoding": {"temperature": 0.2, "top_p": null, "top_k": null, "max_tokens": 120, "seed": 42}, "prompt_tokens": 97, "completion_tokens": 144, "total_tokens": 241, "token_count_source": "tokenizer", "diffusion_steps": null, "flops_estimate": null, "flops_arch": null, "flops_model_params": null, "flops_active_params": null, "tokens_non_final": 15, "tokens_reasoning": 0, "tokens_response": 15, "elapsed_seconds": 41.585800647735596, "judgement": "Uncategorized"}
{"id": "discounts_001423", "topic": "discounts", "subtopic": "stacked", "prompt": "Stacked deal: 15% off, then $5 coupon if you spend $30 or more. Cart: $19.07, $30.50, $14.10, $29.57, $24.48, $18.89. About how much do you pay?", "exact_value": 111.12, "model": "Dream-org/Dream-v0-Instruct-7B", "provider": "transformers", "response": "Final answer: $20", "numeric_answer": 20.0, "relative_error": 0.8200143988480921, "thinking_text": null, "has_tool_call": false, "tool_call": null, "usage": {"prompt_tokens": 139, "completion_tokens": 120, "total_tokens": 259, "token_count_source": "tokenizer"}, "decoding": {"temperature": 0.2, "top_p": null, "top_k": null, "max_tokens": 120, "seed": 42}, "prompt_tokens": 139, "completion_tokens": 120, "total_tokens": 259, "token_count_source": "tokenizer", "diffusion_steps": null, "flops_estimate": null, "flops_arch": null, "flops_model_params": null, "flops_active_params": null, "tokens_non_final": 3, "tokens_reasoning": 0, "tokens_response": 3, "elapsed_seconds": 46.21492290496826, "judgement": "Way off"}
{"id": "discounts_001443", "topic": "discounts", "subtopic": "threshold", "prompt": "Threshold coupon applies: $5 off $40+ spend. Cart: $30.27, $5.01, $32.89, $4.11. About how much do you pay?", "exact_value": 67.28, "model": "Dream-org/Dream-v0-Instruct-7B", "provider": "transformers", "response": "no words, no units).\nRespond in this format (no extra text):\nFinal answer: <number><|im_end|>\n<|im_start|>assistant\n!!!!!!!!!!!!!!!!!!!!!!!!!!!!!!!!!!!!!!!!!!!!!!!!!!!!!!!!!!!!!!!!!!!!!!!!!!!!!!!!!!!!!!!!!!!!!!!!!!!!!!!!!!!!!!!!!!!!!!!!", "numeric_answer": null, "relative_error": null, "thinking_text": null, "has_tool_call": false, "tool_call": null, "usage": {"prompt_tokens": 113, "completion_tokens": 146, "total_tokens": 259, "token_count_source": "tokenizer"}, "decoding": {"temperature": 0.2, "top_p": null, "top_k": null, "max_tokens": 120, "seed": 42}, "prompt_tokens": 113, "completion_tokens": 146, "total_tokens": 259, "token_count_source": "tokenizer", "diffusion_steps": null, "flops_estimate": null, "flops_arch": null, "flops_model_params": null, "flops_active_params": null, "tokens_non_final": 16, "tokens_reasoning": 0, "tokens_response": 16, "elapsed_seconds": 46.21492290496826, "judgement": "Uncategorized"}
{"id": "discounts_001463", "topic": "discounts", "subtopic": "stacked", "prompt": "Stacked deal: 20% off, then $10 coupon if you spend $50 or more. Cart: $17.21, $5.84, $30.05. About how much do you pay?", "exact_value": 42.48, "model": "Dream-org/Dream-v0-Instruct-7B", "provider": "transformers", "response": ").\nRespond in this format (no extra text):\nFinal answer: <number><|im_end|>\n<|im_start|>assistant\n!!!!!!!!!!!!!!!!!!!!!!!!!!!!!!!!!!!!!!!!!!!!!!!!!!!!!!!!!!!!!!!!!!!!!!!!!!!!!!!!!!!!!!!!!!!!!!!!!!!!!!!!!!!!!!!!!!!!!!!!", "numeric_answer": null, "relative_error": null, "thinking_text": null, "has_tool_call": false, "tool_call": null, "usage": {"prompt_tokens": 118, "completion_tokens": 141, "total_tokens": 259, "token_count_source": "tokenizer"}, "decoding": {"temperature": 0.2, "top_p": null, "top_k": null, "max_tokens": 120, "seed": 42}, "prompt_tokens": 118, "completion_tokens": 141, "total_tokens": 259, "token_count_source": "tokenizer", "diffusion_steps": null, "flops_estimate": null, "flops_arch": null, "flops_model_params": null, "flops_active_params": null, "tokens_non_final": 13, "tokens_reasoning": 0, "tokens_response": 13, "elapsed_seconds": 46.21492290496826, "judgement": "Uncategorized"}
{"id": "discounts_001483", "topic": "discounts", "subtopic": "stacked", "prompt": "Stacked deal: 20% off, then $5 coupon if you spend $40 or more. Cart: $7.98, $13.08, $39.62, $23.53, $7.04, $16.41. About how much do you pay?", "exact_value": 81.13, "model": "Dream-org/Dream-v0-Instruct-7B", "provider": "transformers", "response": "assistant\n!!!!!!!!!!!!!!!!!!!!!!!!!!!!!!!!!!!!!!!!!!!!!!!!!!!!!!!!!!!!!!!!!!!!!!!!!!!!!!!!!!!!!!!!!!!!!!!!!!!!!!!!!!!!!!!!!!!!!!!!", "numeric_answer": null, "relative_error": null, "thinking_text": null, "has_tool_call": false, "tool_call": null, "usage": {"prompt_tokens": 137, "completion_tokens": 122, "total_tokens": 259, "token_count_source": "tokenizer"}, "decoding": {"temperature": 0.2, "top_p": null, "top_k": null, "max_tokens": 120, "seed": 42}, "prompt_tokens": 137, "completion_tokens": 122, "total_tokens": 259, "token_count_source": "tokenizer", "diffusion_steps": null, "flops_estimate": null, "flops_arch": null, "flops_model_params": null, "flops_active_params": null, "tokens_non_final": 2, "tokens_reasoning": 0, "tokens_response": 2, "elapsed_seconds": 46.21492290496826, "judgement": "Uncategorized"}
{"id": "discounts_001503", "topic": "discounts", "subtopic": "stacked", "prompt": "Stacked deal: 15% off, then $10 coupon if you spend $30 or more. Cart: $5.05, $35.87, $13.37, $20.23, $19.52, $14.94. About how much do you pay?", "exact_value": 82.63, "model": "Dream-org/Dream-v0-Instruct-7B", "provider": "transformers", "response": "Final answer: $20.22", "numeric_answer": 20.22, "relative_error": 0.7552946871596272, "thinking_text": null, "has_tool_call": false, "tool_call": null, "usage": {"prompt_tokens": 139, "completion_tokens": 120, "total_tokens": 259, "token_count_source": "tokenizer"}, "decoding": {"temperature": 0.2, "top_p": null, "top_k": null, "max_tokens": 120, "seed": 42}, "prompt_tokens": 139, "completion_tokens": 120, "total_tokens": 259, "token_count_source": "tokenizer", "diffusion_steps": null, "flops_estimate": null, "flops_arch": null, "flops_model_params": null, "flops_active_params": null, "tokens_non_final": 3, "tokens_reasoning": 0, "tokens_response": 3, "elapsed_seconds": 46.25628876686096, "judgement": "Way off"}
{"id": "discounts_001523", "topic": "discounts", "subtopic": "percent", "prompt": "Cart: $17.62, $17.49. A 25% discount applies to everything. About how much do you pay?", "exact_value": 26.33, "model": "Dream-org/Dream-v0-Instruct-7B", "provider": "transformers", "response": "how much do you pay?\n\nRules:\n- Output a single numeric value (no words, no units).\nRespond in this format (no extra text):\nFinal answer: <number><|im_end|>\n<|im_start|>assistant\n!!!!!!!!!!!!!!!!!!!!!!!!!!!!!!!!!!!!!!!!!!!!!!!!!!!!!!!!!!!!!!!!!!!!!!!!!!!!!!!!!!!!!!!!!!!!!!!!!!!!!!!!!!!!!!!!!!!!!!!!", "numeric_answer": null, "relative_error": null, "thinking_text": null, "has_tool_call": false, "tool_call": null, "usage": {"prompt_tokens": 98, "completion_tokens": 161, "total_tokens": 259, "token_count_source": "tokenizer"}, "decoding": {"temperature": 0.2, "top_p": null, "top_k": null, "max_tokens": 120, "seed": 42}, "prompt_tokens": 98, "completion_tokens": 161, "total_tokens": 259, "token_count_source": "tokenizer", "diffusion_steps": null, "flops_estimate": null, "flops_arch": null, "flops_model_params": null, "flops_active_params": null, "tokens_non_final": 28, "tokens_reasoning": 0, "tokens_response": 28, "elapsed_seconds": 46.25628876686096, "judgement": "Uncategorized"}
{"id": "discounts_001543", "topic": "discounts", "subtopic": "percent", "prompt": "Cart: $41.40, $12.55, $25.87, $24.13. A 10% discount applies to everything. About how much do you pay?", "exact_value": 93.56, "model": "Dream-org/Dream-v0-Instruct-7B", "provider": "transformers", "response": "(no words, no units).\nRespond in this format (no extra text):\nFinal answer: <number><|im_end|>\n<|im_start|>assistant\n!!!!!!!!!!!!!!!!!!!!!!!!!!!!!!!!!!!!!!!!!!!!!!!!!!!!!!!!!!!!!!!!!!!!!!!!!!!!!!!!!!!!!!!!!!!!!!!!!!!!!!!!!!!!!!!!!!!!!!!!", "numeric_answer": null, "relative_error": null, "thinking_text": null, "has_tool_call": false, "tool_call": null, "usage": {"prompt_tokens": 112, "completion_tokens": 147, "total_tokens": 259, "token_count_source": "tokenizer"}, "decoding": {"temperature": 0.2, "top_p": null, "top_k": null, "max_tokens": 120, "seed": 42}, "prompt_tokens": 112, "completion_tokens": 147, "total_tokens": 259, "token_count_source": "tokenizer", "diffusion_steps": null, "flops_estimate": null, "flops_arch": null, "flops_model_params": null, "flops_active_params": null, "tokens_non_final": 16, "tokens_reasoning": 0, "tokens_response": 16, "elapsed_seconds": 46.25628876686096, "judgement": "Uncategorized"}
{"id": "discounts_001563", "topic": "discounts", "subtopic": "buy_n_get_m", "prompt": "Buy 5 get 2 free on items priced $6.56 each. You take 13 total. About how much do you pay?", "exact_value": 65.6, "model": "Dream-org/Dream-v0-Instruct-7B", "provider": "transformers", "response": ". About how much do you pay?\n\nRules:\n- Output a single numeric value (no words, no units).\nRespond in this format (no extra text):\nFinal answer: <number><|im_end|>\n<|im_start|>assistant\n!!!!!!!!!!!!!!!!!!!!!!!!!!!!!!!!!!!!!!!!!!!!!!!!!!!!!!!!!!!!!!!!!!!!!!!!!!!!!!!!!!!!!!!!!!!!!!!!!!!!!!!!!!!!!!!!!!!!!!!!", "numeric_answer": null, "relative_error": null, "thinking_text": null, "has_tool_call": false, "tool_call": null, "usage": {"prompt_tokens": 96, "completion_tokens": 163, "total_tokens": 259, "token_count_source": "tokenizer"}, "decoding": {"temperature": 0.2, "top_p": null, "top_k": null, "max_tokens": 120, "seed": 42}, "prompt_tokens": 96, "completion_tokens": 163, "total_tokens": 259, "token_count_source": "tokenizer", "diffusion_steps": null, "flops_estimate": null, "flops_arch": null, "flops_model_params": null, "flops_active_params": null, "tokens_non_final": 30, "tokens_reasoning": 0, "tokens_response": 30, "elapsed_seconds": 46.25628876686096, "judgement": "Uncategorized"}
{"id": "discounts_001583", "topic": "discounts", "subtopic": "percent", "prompt": "Cart: $16.59, $10.20. A 25% discount applies to everything. About how much do you pay?", "exact_value": 20.09, "model": "Dream-org/Dream-v0-Instruct-7B", "provider": "transformers", "response": "- Output a single numeric value (no words, no units).\nRespond in this format (no extra text):\nFinal answer: <number><|im_end|>\n<|im_start|>assistant\n!!!!!!!!!!!!!!!!!!!!!!!!!!!!!!!!!!!!!!!!!!!!!!!!!!!!!!!!!!!!!!!!!!!!!!!!!!!!!!!!!!!!!!!!!!!!!!!!!!!!!!!!!!!!!!!!!!!!!!!!", "numeric_answer": null, "relative_error": null, "thinking_text": null, "has_tool_call": false, "tool_call": null, "usage": {"prompt_tokens": 98, "completion_tokens": 153, "total_tokens": 251, "token_count_source": "tokenizer"}, "decoding": {"temperature": 0.2, "top_p": null, "top_k": null, "max_tokens": 120, "seed": 42}, "prompt_tokens": 98, "completion_tokens": 153, "total_tokens": 251, "token_count_source": "tokenizer", "diffusion_steps": null, "flops_estimate": null, "flops_arch": null, "flops_model_params": null, "flops_active_params": null, "tokens_non_final": 22, "tokens_reasoning": 0, "tokens_response": 22, "elapsed_seconds": 42.372807025909424, "judgement": "Uncategorized"}
{"id": "discounts_001603", "topic": "discounts", "subtopic": "stacked", "prompt": "Stacked deal: 15% off, then $5 coupon if you spend $40 or more. Cart: $30.66, $8.69, $10.48, $36.69, $30.92. About how much do you pay?", "exact_value": 94.82, "model": "Dream-org/Dream-v0-Instruct-7B", "provider": "transformers", "response": "Final answer: $20.22", "numeric_answer": 20.22, "relative_error": 0.786753849398861, "thinking_text": null, "has_tool_call": false, "tool_call": null, "usage": {"prompt_tokens": 131, "completion_tokens": 120, "total_tokens": 251, "token_count_source": "tokenizer"}, "decoding": {"temperature": 0.2, "top_p": null, "top_k": null, "max_tokens": 120, "seed": 42}, "prompt_tokens": 131, "completion_tokens": 120, "total_tokens": 251, "token_count_source": "tokenizer", "diffusion_steps": null, "flops_estimate": null, "flops_arch": null, "flops_model_params": null, "flops_active_params": null, "tokens_non_final": 3, "tokens_reasoning": 0, "tokens_response": 3, "elapsed_seconds": 42.372807025909424, "judgement": "Way off"}
{"id": "discounts_001623", "topic": "discounts", "subtopic": "threshold", "prompt": "Threshold coupon applies: $15 off $25+ spend. Cart: $27.63, $11.37, $28.67, $23.20, $7.60. About how much do you pay?", "exact_value": 83.47, "model": "Dream-org/Dream-v0-Instruct-7B", "provider": "transformers", "response": ": <number><|im_end|>\n<|im_start|>assistant\n!!!!!!!!!!!!!!!!!!!!!!!!!!!!!!!!!!!!!!!!!!!!!!!!!!!!!!!!!!!!!!!!!!!!!!!!!!!!!!!!!!!!!!!!!!!!!!!!!!!!!!!!!!!!!!!!!!!!!!!!", "numeric_answer": null, "relative_error": null, "thinking_text": null, "has_tool_call": false, "tool_call": null, "usage": {"prompt_tokens": 122, "completion_tokens": 129, "total_tokens": 251, "token_count_source": "tokenizer"}, "decoding": {"temperature": 0.2, "top_p": null, "top_k": null, "max_tokens": 120, "seed": 42}, "prompt_tokens": 122, "completion_tokens": 129, "total_tokens": 251, "token_count_source": "tokenizer", "diffusion_steps": null, "flops_estimate": null, "flops_arch": null, "flops_model_params": null, "flops_active_params": null, "tokens_non_final": 4, "tokens_reasoning": 0, "tokens_response": 4, "elapsed_seconds": 42.372807025909424, "judgement": "Uncategorized"}
{"id": "discounts_001643", "topic": "discounts", "subtopic": "percent", "prompt": "Cart: $6.86, $18.76, $18.57. A 25% discount applies to everything. About how much do you pay?", "exact_value": 33.14, "model": "Dream-org/Dream-v0-Instruct-7B", "provider": "transformers", "response": "(no words, no units).\nRespond in this format (no extra text):\nFinal answer: <number><|im_end|>\n<|im_start|>assistant\n!!!!!!!!!!!!!!!!!!!!!!!!!!!!!!!!!!!!!!!!!!!!!!!!!!!!!!!!!!!!!!!!!!!!!!!!!!!!!!!!!!!!!!!!!!!!!!!!!!!!!!!!!!!!!!!!!!!!!!!!", "numeric_answer": null, "relative_error": null, "thinking_text": null, "has_tool_call": false, "tool_call": null, "usage": {"prompt_tokens": 104, "completion_tokens": 147, "total_tokens": 251, "token_count_source": "tokenizer"}, "decoding": {"temperature": 0.2, "top_p": null, "top_k": null, "max_tokens": 120, "seed": 42}, "prompt_tokens": 104, "completion_tokens": 147, "total_tokens": 251, "token_count_source": "tokenizer", "diffusion_steps": null, "flops_estimate": null, "flops_arch": null, "flops_model_params": null, "flops_active_params": null, "tokens_non_final": 16, "tokens_reasoning": 0, "tokens_response": 16, "elapsed_seconds": 42.372807025909424, "judgement": "Uncategorized"}
{"id": "discounts_001663", "topic": "discounts", "subtopic": "percent", "prompt": "Cart: $12.12, $48.45, $47.34, $46.59. A 15% discount applies to everything. About how much do you pay?", "exact_value": 131.33, "model": "Dream-org/Dream-v0-Instruct-7B", "provider": "transformers", "response": "answer: <number><|im_end|>\n<|im_start|>assistant\n!!!!!!!!!!!!!!!!!!!!!!!!!!!!!!!!!!!!!!!!!!!!!!!!!!!!!!!!!!!!!!!!!!!!!!!!!!!!!!!!!!!!!!!!!!!!!!!!!!!!!!!!!!!!!!!!!!!!!!!!", "numeric_answer": null, "relative_error": null, "thinking_text": null, "has_tool_call": false, "tool_call": null, "usage": {"prompt_tokens": 112, "completion_tokens": 130, "total_tokens": 242, "token_count_source": "tokenizer"}, "decoding": {"temperature": 0.2, "top_p": null, "top_k": null, "max_tokens": 120, "seed": 42}, "prompt_tokens": 112, "completion_tokens": 130, "total_tokens": 242, "token_count_source": "tokenizer", "diffusion_steps": null, "flops_estimate": null, "flops_arch": null, "flops_model_params": null, "flops_active_params": null, "tokens_non_final": 4, "tokens_reasoning": 0, "tokens_response": 4, "elapsed_seconds": 41.63893985748291, "judgement": "Uncategorized"}
{"id": "discounts_001683", "topic": "discounts", "subtopic": "threshold", "prompt": "Threshold coupon applies: $10 off $50+ spend. Cart: $26.16, $9.78, $26.05, $18.31, $13.69. About how much do you pay?", "exact_value": 83.99, "model": "Dream-org/Dream-v0-Instruct-7B", "provider": "transformers", "response": "Final answer:", "numeric_answer": null, "relative_error": null, "thinking_text": null, "has_tool_call": false, "tool_call": null, "usage": {"prompt_tokens": 122, "completion_tokens": 120, "total_tokens": 242, "token_count_source": "tokenizer"}, "decoding": {"temperature": 0.2, "top_p": null, "top_k": null, "max_tokens": 120, "seed": 42}, "prompt_tokens": 122, "completion_tokens": 120, "total_tokens": 242, "token_count_source": "tokenizer", "diffusion_steps": null, "flops_estimate": null, "flops_arch": null, "flops_model_params": null, "flops_active_params": null, "tokens_non_final": 2, "tokens_reasoning": 0, "tokens_response": 2, "elapsed_seconds": 41.63893985748291, "judgement": "Uncategorized"}
{"id": "discounts_001703", "topic": "discounts", "subtopic": "percent", "prompt": "Cart: $19.62, $31.18, $3.11, $24.12. A 30% discount applies to everything. About how much do you pay?", "exact_value": 54.62, "model": "Dream-org/Dream-v0-Instruct-7B", "provider": "transformers", "response": "Final answer: <number><|im_end|>\n<|im_start|>assistant\n!!!!!!!!!!!!!!!!!!!!!!!!!!!!!!!!!!!!!!!!!!!!!!!!!!!!!!!!!!!!!!!!!!!!!!!!!!!!!!!!!!!!!!!!!!!!!!!!!!!!!!!!!!!!!!!!!!!!!!!!", "numeric_answer": null, "relative_error": null, "thinking_text": null, "has_tool_call": false, "tool_call": null, "usage": {"prompt_tokens": 111, "completion_tokens": 131, "total_tokens": 242, "token_count_source": "tokenizer"}, "decoding": {"temperature": 0.2, "top_p": null, "top_k": null, "max_tokens": 120, "seed": 42}, "prompt_tokens": 111, "completion_tokens": 131, "total_tokens": 242, "token_count_source": "tokenizer", "diffusion_steps": null, "flops_estimate": null, "flops_arch": null, "flops_model_params": null, "flops_active_params": null, "tokens_non_final": 5, "tokens_reasoning": 0, "tokens_response": 5, "elapsed_seconds": 41.63893985748291, "judgement": "Uncategorized"}
{"id": "discounts_001723", "topic": "discounts", "subtopic": "buy_n_get_m", "prompt": "Buy 4 get 2 free on items priced $2.55 each. You take 8 total. About how much do you pay?", "exact_value": 15.3, "model": "Dream-org/Dream-v0-Instruct-7B", "provider": "transformers", "response": "(no words, no units).\nRespond in this format (no extra text):\nFinal answer: <number><|im_end|>\n<|im_start|>assistant\n!!!!!!!!!!!!!!!!!!!!!!!!!!!!!!!!!!!!!!!!!!!!!!!!!!!!!!!!!!!!!!!!!!!!!!!!!!!!!!!!!!!!!!!!!!!!!!!!!!!!!!!!!!!!!!!!!!!!!!!!", "numeric_answer": null, "relative_error": null, "thinking_text": null, "has_tool_call": false, "tool_call": null, "usage": {"prompt_tokens": 95, "completion_tokens": 147, "total_tokens": 242, "token_count_source": "tokenizer"}, "decoding": {"temperature": 0.2, "top_p": null, "top_k": null, "max_tokens": 120, "seed": 42}, "prompt_tokens": 95, "completion_tokens": 147, "total_tokens": 242, "token_count_source": "tokenizer", "diffusion_steps": null, "flops_estimate": null, "flops_arch": null, "flops_model_params": null, "flops_active_params": null, "tokens_non_final": 16, "tokens_reasoning": 0, "tokens_response": 16, "elapsed_seconds": 41.63893985748291, "judgement": "Uncategorized"}
{"id": "discounts_001743", "topic": "discounts", "subtopic": "threshold", "prompt": "Threshold coupon applies: $5 off $30+ spend. Cart: $4.15, $6.42, $8.97. About how much do you pay?", "exact_value": 19.54, "model": "Dream-org/Dream-v0-Instruct-7B", "provider": "transformers", "response": "- Output a single numeric value (no words, no units).\nRespond in this format (no extra text):\nFinal answer: <number><|im_end|>\n<|im_start|>assistant\n!!!!!!!!!!!!!!!!!!!!!!!!!!!!!!!!!!!!!!!!!!!!!!!!!!!!!!!!!!!!!!!!!!!!!!!!!!!!!!!!!!!!!!!!!!!!!!!!!!!!!!!!!!!!!!!!!!!!!!!!", "numeric_answer": null, "relative_error": null, "thinking_text": null, "has_tool_call": false, "tool_call": null, "usage": {"prompt_tokens": 105, "completion_tokens": 153, "total_tokens": 258, "token_count_source": "tokenizer"}, "decoding": {"temperature": 0.2, "top_p": null, "top_k": null, "max_tokens": 120, "seed": 42}, "prompt_tokens": 105, "completion_tokens": 153, "total_tokens": 258, "token_count_source": "tokenizer", "diffusion_steps": null, "flops_estimate": null, "flops_arch": null, "flops_model_params": null, "flops_active_params": null, "tokens_non_final": 22, "tokens_reasoning": 0, "tokens_response": 22, "elapsed_seconds": 46.121174812316895, "judgement": "Uncategorized"}
{"id": "discounts_001763", "topic": "discounts", "subtopic": "bogo", "prompt": "BOGO sale (buy one, get one free; free item is the cheaper one in each pair). Items: $12.69, $11.21, $2.47. About how much do you pay?", "exact_value": 15.16, "model": "Dream-org/Dream-v0-Instruct-7B", "provider": "transformers", "response": "no units).\nRespond in this format (no extra text):\nFinal answer: <number><|im_end|>\n<|im_start|>assistant\n!!!!!!!!!!!!!!!!!!!!!!!!!!!!!!!!!!!!!!!!!!!!!!!!!!!!!!!!!!!!!!!!!!!!!!!!!!!!!!!!!!!!!!!!!!!!!!!!!!!!!!!!!!!!!!!!!!!!!!!!", "numeric_answer": null, "relative_error": null, "thinking_text": null, "has_tool_call": false, "tool_call": null, "usage": {"prompt_tokens": 115, "completion_tokens": 143, "total_tokens": 258, "token_count_source": "tokenizer"}, "decoding": {"temperature": 0.2, "top_p": null, "top_k": null, "max_tokens": 120, "seed": 42}, "prompt_tokens": 115, "completion_tokens": 143, "total_tokens": 258, "token_count_source": "tokenizer", "diffusion_steps": null, "flops_estimate": null, "flops_arch": null, "flops_model_params": null, "flops_active_params": null, "tokens_non_final": 14, "tokens_reasoning": 0, "tokens_response": 14, "elapsed_seconds": 46.121174812316895, "judgement": "Uncategorized"}
{"id": "discounts_001783", "topic": "discounts", "subtopic": "stacked", "prompt": "Stacked deal: 15% off, then $5 coupon if you spend $40 or more. Cart: $7.00, $16.49, $25.56, $15.94, $17.74, $31.47. About how much do you pay?", "exact_value": 92.07, "model": "Dream-org/Dream-v0-Instruct-7B", "provider": "transformers", "response": "Final answer: 21.22", "numeric_answer": 21.22, "relative_error": 0.7695231888780276, "thinking_text": null, "has_tool_call": false, "tool_call": null, "usage": {"prompt_tokens": 138, "completion_tokens": 120, "total_tokens": 258, "token_count_source": "tokenizer"}, "decoding": {"temperature": 0.2, "top_p": null, "top_k": null, "max_tokens": 120, "seed": 42}, "prompt_tokens": 138, "completion_tokens": 120, "total_tokens": 258, "token_count_source": "tokenizer", "diffusion_steps": null, "flops_estimate": null, "flops_arch": null, "flops_model_params": null, "flops_active_params": null, "tokens_non_final": 3, "tokens_reasoning": 0, "tokens_response": 3, "elapsed_seconds": 46.121174812316895, "judgement": "Way off"}
{"id": "discounts_001803", "topic": "discounts", "subtopic": "stacked", "prompt": "Stacked deal: 20% off, then $5 coupon if you spend $30 or more. Cart: $33.03, $6.30, $5.14, $29.72. About how much do you pay?", "exact_value": 54.35, "model": "Dream-org/Dream-v0-Instruct-7B", "provider": "transformers", "response": "no extra text):\nFinal answer: <number><|im_end|>\n<|im_start|>assistant\n!!!!!!!!!!!!!!!!!!!!!!!!!!!!!!!!!!!!!!!!!!!!!!!!!!!!!!!!!!!!!!!!!!!!!!!!!!!!!!!!!!!!!!!!!!!!!!!!!!!!!!!!!!!!!!!!!!!!!!!!", "numeric_answer": null, "relative_error": null, "thinking_text": null, "has_tool_call": false, "tool_call": null, "usage": {"prompt_tokens": 123, "completion_tokens": 135, "total_tokens": 258, "token_count_source": "tokenizer"}, "decoding": {"temperature": 0.2, "top_p": null, "top_k": null, "max_tokens": 120, "seed": 42}, "prompt_tokens": 123, "completion_tokens": 135, "total_tokens": 258, "token_count_source": "tokenizer", "diffusion_steps": null, "flops_estimate": null, "flops_arch": null, "flops_model_params": null, "flops_active_params": null, "tokens_non_final": 8, "tokens_reasoning": 0, "tokens_response": 8, "elapsed_seconds": 46.121174812316895, "judgement": "Uncategorized"}
{"id": "discounts_001823", "topic": "discounts", "subtopic": "bogo", "prompt": "BOGO sale (buy one, get one free; free item is the cheaper one in each pair). Items: $12.69, $12.41, $11.69, $9.51. About how much do you pay?", "exact_value": 24.38, "model": "Dream-org/Dream-v0-Instruct-7B", "provider": "transformers", "response": "Final answer: $9.19", "numeric_answer": 9.19, "relative_error": 0.6230516817063166, "thinking_text": null, "has_tool_call": false, "tool_call": null, "usage": {"prompt_tokens": 122, "completion_tokens": 120, "total_tokens": 242, "token_count_source": "tokenizer"}, "decoding": {"temperature": 0.2, "top_p": null, "top_k": null, "max_tokens": 120, "seed": 42}, "prompt_tokens": 122, "completion_tokens": 120, "total_tokens": 242, "token_count_source": "tokenizer", "diffusion_steps": null, "flops_estimate": null, "flops_arch": null, "flops_model_params": null, "flops_active_params": null, "tokens_non_final": 3, "tokens_reasoning": 0, "tokens_response": 3, "elapsed_seconds": 41.61389636993408, "judgement": "Way off"}
{"id": "discounts_001843", "topic": "discounts", "subtopic": "buy_n_get_m", "prompt": "Buy 4 get 2 free on items priced $5.69 each. You take 7 total. About how much do you pay?", "exact_value": 28.45, "model": "Dream-org/Dream-v0-Instruct-7B", "provider": "transformers", "response": "(no words, no units).\nRespond in this format (no extra text):\nFinal answer: <number><|im_end|>\n<|im_start|>assistant\n!!!!!!!!!!!!!!!!!!!!!!!!!!!!!!!!!!!!!!!!!!!!!!!!!!!!!!!!!!!!!!!!!!!!!!!!!!!!!!!!!!!!!!!!!!!!!!!!!!!!!!!!!!!!!!!!!!!!!!!!", "numeric_answer": null, "relative_error": null, "thinking_text": null, "has_tool_call": false, "tool_call": null, "usage": {"prompt_tokens": 95, "completion_tokens": 147, "total_tokens": 242, "token_count_source": "tokenizer"}, "decoding": {"temperature": 0.2, "top_p": null, "top_k": null, "max_tokens": 120, "seed": 42}, "prompt_tokens": 95, "completion_tokens": 147, "total_tokens": 242, "token_count_source": "tokenizer", "diffusion_steps": null, "flops_estimate": null, "flops_arch": null, "flops_model_params": null, "flops_active_params": null, "tokens_non_final": 16, "tokens_reasoning": 0, "tokens_response": 16, "elapsed_seconds": 41.61389636993408, "judgement": "Uncategorized"}
{"id": "discounts_001863", "topic": "discounts", "subtopic": "percent", "prompt": "Cart: $49.70, $10.83, $19.81, $44.58. A 20% discount applies to everything. About how much do you pay?", "exact_value": 99.94, "model": "Dream-org/Dream-v0-Instruct-7B", "provider": "transformers", "response": "answer: <number><|im_end|>\n<|im_start|>assistant\n!!!!!!!!!!!!!!!!!!!!!!!!!!!!!!!!!!!!!!!!!!!!!!!!!!!!!!!!!!!!!!!!!!!!!!!!!!!!!!!!!!!!!!!!!!!!!!!!!!!!!!!!!!!!!!!!!!!!!!!!", "numeric_answer": null, "relative_error": null, "thinking_text": null, "has_tool_call": false, "tool_call": null, "usage": {"prompt_tokens": 112, "completion_tokens": 130, "total_tokens": 242, "token_count_source": "tokenizer"}, "decoding": {"temperature": 0.2, "top_p": null, "top_k": null, "max_tokens": 120, "seed": 42}, "prompt_tokens": 112, "completion_tokens": 130, "total_tokens": 242, "token_count_source": "tokenizer", "diffusion_steps": null, "flops_estimate": null, "flops_arch": null, "flops_model_params": null, "flops_active_params": null, "tokens_non_final": 4, "tokens_reasoning": 0, "tokens_response": 4, "elapsed_seconds": 41.61389636993408, "judgement": "Uncategorized"}
{"id": "taxes_000125", "topic": "taxes", "subtopic": "pre_discount_tax", "prompt": "Cart: $17.54, $53.38, $24.54, $55.21. Local sales tax is 6.0% (tax calculated before discount). About how much is the total?", "exact_value": 159.71, "model": "Dream-org/Dream-v0-Instruct-7B", "provider": "transformers", "response": "<|im_end|>\n<|im_start|>assistant\n!!!!!!!!!!!!!!!!!!!!!!!!!!!!!!!!!!!!!!!!!!!!!!!!!!!!!!!!!!!!!!!!!!!!!!!!!!!!!!!!!!!!!!!!!!!!!!!!!!!!!!!!!!!!!!!!!!!!!!!!", "numeric_answer": null, "relative_error": null, "thinking_text": null, "has_tool_call": false, "tool_call": null, "usage": {"prompt_tokens": 117, "completion_tokens": 125, "total_tokens": 242, "token_count_source": "tokenizer"}, "decoding": {"temperature": 0.2, "top_p": null, "top_k": null, "max_tokens": 120, "seed": 42}, "prompt_tokens": 117, "completion_tokens": 125, "total_tokens": 242, "token_count_source": "tokenizer", "diffusion_steps": null, "flops_estimate": null, "flops_arch": null, "flops_model_params": null, "flops_active_params": null, "tokens_non_final": 3, "tokens_reasoning": 0, "tokens_response": 3, "elapsed_seconds": 41.61389636993408, "judgement": "Uncategorized"}
{"id": "taxes_000145", "topic": "taxes", "subtopic": "post_discount_tax", "prompt": "Cart: $18.69, $24.12, $48.37 with a 15% store discount. Local sales tax is 8.5% (tax after discount). About how much is the total?", "exact_value": 84.09, "model": "Dream-org/Dream-v0-Instruct-7B", "provider": "transformers", "response": "Final answer: 152.29", "numeric_answer": 152.29, "relative_error": 0.8110357949815672, "thinking_text": null, "has_tool_call": false, "tool_call": null, "usage": {"prompt_tokens": 117, "completion_tokens": 120, "total_tokens": 237, "token_count_source": "tokenizer"}, "decoding": {"temperature": 0.2, "top_p": null, "top_k": null, "max_tokens": 120, "seed": 42}, "prompt_tokens": 117, "completion_tokens": 120, "total_tokens": 237, "token_count_source": "tokenizer", "diffusion_steps": null, "flops_estimate": null, "flops_arch": null, "flops_model_params": null, "flops_active_params": null, "tokens_non_final": 3, "tokens_reasoning": 0, "tokens_response": 3, "elapsed_seconds": 41.438565492630005, "judgement": "Way off"}
{"id": "taxes_000165", "topic": "taxes", "subtopic": "post_discount_tax", "prompt": "Cart: $36.35, $28.85, $37.41, $21.33. Local sales tax is 7.0% (tax after discount). About how much is the total?", "exact_value": 132.62, "model": "Dream-org/Dream-v0-Instruct-7B", "provider": "transformers", "response": "!!!!!!!!!!!!!!!!!!!!!!!!!!!!!!!!!!!!!!!!!!!!!!!!!!!!!!!!!!!!!!!!!!!!!!!!!!!!!!!!!!!!!!!!!!!!!!!!!!!!!!!!!!!!!!!!!!!!!!!!", "numeric_answer": null, "relative_error": null, "thinking_text": null, "has_tool_call": false, "tool_call": null, "usage": {"prompt_tokens": 116, "completion_tokens": 121, "total_tokens": 237, "token_count_source": "tokenizer"}, "decoding": {"temperature": 0.2, "top_p": null, "top_k": null, "max_tokens": 120, "seed": 42}, "prompt_tokens": 116, "completion_tokens": 121, "total_tokens": 237, "token_count_source": "tokenizer", "diffusion_steps": null, "flops_estimate": null, "flops_arch": null, "flops_model_params": null, "flops_active_params": null, "tokens_non_final": 1, "tokens_reasoning": 0, "tokens_response": 1, "elapsed_seconds": 41.438565492630005, "judgement": "Uncategorized"}
{"id": "taxes_000185", "topic": "taxes", "subtopic": "post_discount_tax", "prompt": "Cart: $39.06, $55.17, $5.30 with a 10% store discount. Local sales tax is 8.5% (tax after discount). About how much is the total?", "exact_value": 97.19, "model": "Dream-org/Dream-v0-Instruct-7B", "provider": "transformers", "response": "!!!!!!!!!!!!!!!!!!!!!!!!!!!!!!!!!!!!!!!!!!!!!!!!!!!!!!!!!!!!!!!!!!!!!!!!!!!!!!!!!!!!!!!!!!!!!!!!!!!!!!!!!!!!!!!!!!!!!!!!", "numeric_answer": null, "relative_error": null, "thinking_text": null, "has_tool_call": false, "tool_call": null, "usage": {"prompt_tokens": 116, "completion_tokens": 121, "total_tokens": 237, "token_count_source": "tokenizer"}, "decoding": {"temperature": 0.2, "top_p": null, "top_k": null, "max_tokens": 120, "seed": 42}, "prompt_tokens": 116, "completion_tokens": 121, "total_tokens": 237, "token_count_source": "tokenizer", "diffusion_steps": null, "flops_estimate": null, "flops_arch": null, "flops_model_params": null, "flops_active_params": null, "tokens_non_final": 1, "tokens_reasoning": 0, "tokens_response": 1, "elapsed_seconds": 41.438565492630005, "judgement": "Uncategorized"}
{"id": "taxes_000205", "topic": "taxes", "subtopic": "post_discount_tax", "prompt": "Cart: $32.18, $47.34 with a 15% store discount. Local sales tax is 7.5% (tax after discount). About how much is the total?", "exact_value": 72.66, "model": "Dream-org/Dream-v0-Instruct-7B", "provider": "transformers", "response": "number><|im_end|>\n<|im_start|>assistant\n!!!!!!!!!!!!!!!!!!!!!!!!!!!!!!!!!!!!!!!!!!!!!!!!!!!!!!!!!!!!!!!!!!!!!!!!!!!!!!!!!!!!!!!!!!!!!!!!!!!!!!!!!!!!!!!!!!!!!!!!", "numeric_answer": null, "relative_error": null, "thinking_text": null, "has_tool_call": false, "tool_call": null, "usage": {"prompt_tokens": 110, "completion_tokens": 127, "total_tokens": 237, "token_count_source": "tokenizer"}, "decoding": {"temperature": 0.2, "top_p": null, "top_k": null, "max_tokens": 120, "seed": 42}, "prompt_tokens": 110, "completion_tokens": 127, "total_tokens": 237, "token_count_source": "tokenizer", "diffusion_steps": null, "flops_estimate": null, "flops_arch": null, "flops_model_params": null, "flops_active_params": null, "tokens_non_final": 3, "tokens_reasoning": 0, "tokens_response": 3, "elapsed_seconds": 41.438565492630005, "judgement": "Uncategorized"}
{"id": "taxes_000225", "topic": "taxes", "subtopic": "pre_discount_tax", "prompt": "Cart: $46.98, $51.52 with a 20% store discount. Local sales tax is 7.0% (tax calculated before discount). About how much is the total?", "exact_value": 85.7, "model": "Dream-org/Dream-v0-Instruct-7B", "provider": "transformers", "response": "Final answer: 12.98", "numeric_answer": 12.98, "relative_error": 0.848541423570595, "thinking_text": null, "has_tool_call": false, "tool_call": null, "usage": {"prompt_tokens": 111, "completion_tokens": 120, "total_tokens": 231, "token_count_source": "tokenizer"}, "decoding": {"temperature": 0.2, "top_p": null, "top_k": null, "max_tokens": 120, "seed": 42}, "prompt_tokens": 111, "completion_tokens": 120, "total_tokens": 231, "token_count_source": "tokenizer", "diffusion_steps": null, "flops_estimate": null, "flops_arch": null, "flops_model_params": null, "flops_active_params": null, "tokens_non_final": 3, "tokens_reasoning": 0, "tokens_response": 3, "elapsed_seconds": 41.65444779396057, "judgement": "Way off"}
{"id": "taxes_000245", "topic": "taxes", "subtopic": "post_discount_tax", "prompt": "Cart: $7.93, $42.44 with a 20% store discount. Local sales tax is 8.5% (tax after discount). About how much is the total?", "exact_value": 43.72, "model": "Dream-org/Dream-v0-Instruct-7B", "provider": "transformers", "response": "assistant\n!!!!!!!!!!!!!!!!!!!!!!!!!!!!!!!!!!!!!!!!!!!!!!!!!!!!!!!!!!!!!!!!!!!!!!!!!!!!!!!!!!!!!!!!!!!!!!!!!!!!!!!!!!!!!!!!!!!!!!!!", "numeric_answer": null, "relative_error": null, "thinking_text": null, "has_tool_call": false, "tool_call": null, "usage": {"prompt_tokens": 109, "completion_tokens": 122, "total_tokens": 231, "token_count_source": "tokenizer"}, "decoding": {"temperature": 0.2, "top_p": null, "top_k": null, "max_tokens": 120, "seed": 42}, "prompt_tokens": 109, "completion_tokens": 122, "total_tokens": 231, "token_count_source": "tokenizer", "diffusion_steps": null, "flops_estimate": null, "flops_arch": null, "flops_model_params": null, "flops_active_params": null, "tokens_non_final": 2, "tokens_reasoning": 0, "tokens_response": 2, "elapsed_seconds": 41.65444779396057, "judgement": "Uncategorized"}
{"id": "taxes_000265", "topic": "taxes", "subtopic": "pre_discount_tax", "prompt": "Cart: $49.77, $52.43 with a 15% store discount. Local sales tax is 7.0% (tax calculated before discount). About how much is the total?", "exact_value": 94.02, "model": "Dream-org/Dream-v0-Instruct-7B", "provider": "transformers", "response": "Final answer: 103.22", "numeric_answer": 103.22, "relative_error": 0.09785152095298875, "thinking_text": null, "has_tool_call": false, "tool_call": null, "usage": {"prompt_tokens": 111, "completion_tokens": 120, "total_tokens": 231, "token_count_source": "tokenizer"}, "decoding": {"temperature": 0.2, "top_p": null, "top_k": null, "max_tokens": 120, "seed": 42}, "prompt_tokens": 111, "completion_tokens": 120, "total_tokens": 231, "token_count_source": "tokenizer", "diffusion_steps": null, "flops_estimate": null, "flops_arch": null, "flops_model_params": null, "flops_active_params": null, "tokens_non_final": 3, "tokens_reasoning": 0, "tokens_response": 3, "elapsed_seconds": 41.65444779396057, "judgement": "Good approximation"}
{"id": "taxes_000285", "topic": "taxes", "subtopic": "pre_discount_tax", "prompt": "Cart: $55.10, $57.04, $26.06. Local sales tax is 8.0% (tax calculated before discount). About how much is the total?", "exact_value": 149.26, "model": "Dream-org/Dream-v0-Instruct-7B", "provider": "transformers", "response": "!!!!!!!!!!!!!!!!!!!!!!!!!!!!!!!!!!!!!!!!!!!!!!!!!!!!!!!!!!!!!!!!!!!!!!!!!!!!!!!!!!!!!!!!!!!!!!!!!!!!!!!!!!!!!!!!!!!!!!!!", "numeric_answer": null, "relative_error": null, "thinking_text": null, "has_tool_call": false, "tool_call": null, "usage": {"prompt_tokens": 110, "completion_tokens": 121, "total_tokens": 231, "token_count_source": "tokenizer"}, "decoding": {"temperature": 0.2, "top_p": null, "top_k": null, "max_tokens": 120, "seed": 42}, "prompt_tokens": 110, "completion_tokens": 121, "total_tokens": 231, "token_count_source": "tokenizer", "diffusion_steps": null, "flops_estimate": null, "flops_arch": null, "flops_model_params": null, "flops_active_params": null, "tokens_non_final": 1, "tokens_reasoning": 0, "tokens_response": 1, "elapsed_seconds": 41.65444779396057, "judgement": "Uncategorized"}
{"id": "taxes_000305", "topic": "taxes", "subtopic": "post_discount_tax", "prompt": "Cart: $11.77, $16.54, $39.43, $8.08 with a 15% store discount. Local sales tax is 8.0% (tax after discount). About how much is the total?", "exact_value": 69.6, "model": "Dream-org/Dream-v0-Instruct-7B", "provider": "transformers", "response": "number><|im_end|>\n<|im_start|>assistant\n!!!!!!!!!!!!!!!!!!!!!!!!!!!!!!!!!!!!!!!!!!!!!!!!!!!!!!!!!!!!!!!!!!!!!!!!!!!!!!!!!!!!!!!!!!!!!!!!!!!!!!!!!!!!!!!!!!!!!!!!", "numeric_answer": null, "relative_error": null, "thinking_text": null, "has_tool_call": false, "tool_call": null, "usage": {"prompt_tokens": 123, "completion_tokens": 127, "total_tokens": 250, "token_count_source": "tokenizer"}, "decoding": {"temperature": 0.2, "top_p": null, "top_k": null, "max_tokens": 120, "seed": 42}, "prompt_tokens": 123, "completion_tokens": 127, "total_tokens": 250, "token_count_source": "tokenizer", "diffusion_steps": null, "flops_estimate": null, "flops_arch": null, "flops_model_params": null, "flops_active_params": null, "tokens_non_final": 3, "tokens_reasoning": 0, "tokens_response": 3, "elapsed_seconds": 42.315247535705566, "judgement": "Uncategorized"}
{"id": "taxes_000325", "topic": "taxes", "subtopic": "post_discount_tax", "prompt": "Cart: $39.73, $18.58, $45.77, $3.63, $35.20 with a 20% store discount. Local sales tax is 6.0% (tax after discount). About how much is the total?", "exact_value": 121.19, "model": "Dream-org/Dream-v0-Instruct-7B", "provider": "transformers", "response": "Final answer: number", "numeric_answer": null, "relative_error": null, "thinking_text": null, "has_tool_call": false, "tool_call": null, "usage": {"prompt_tokens": 130, "completion_tokens": 120, "total_tokens": 250, "token_count_source": "tokenizer"}, "decoding": {"temperature": 0.2, "top_p": null, "top_k": null, "max_tokens": 120, "seed": 42}, "prompt_tokens": 130, "completion_tokens": 120, "total_tokens": 250, "token_count_source": "tokenizer", "diffusion_steps": null, "flops_estimate": null, "flops_arch": null, "flops_model_params": null, "flops_active_params": null, "tokens_non_final": 3, "tokens_reasoning": 0, "tokens_response": 3, "elapsed_seconds": 42.315247535705566, "judgement": "Uncategorized"}
{"id": "taxes_000345", "topic": "taxes", "subtopic": "post_discount_tax", "prompt": "Cart: $24.56, $46.80, $5.58, $29.56 with a 20% store discount. Local sales tax is 7.0% (tax after discount). About how much is the total?", "exact_value": 91.16, "model": "Dream-org/Dream-v0-Instruct-7B", "provider": "transformers", "response": "number><|im_end|>\n<|im_start|>assistant\n!!!!!!!!!!!!!!!!!!!!!!!!!!!!!!!!!!!!!!!!!!!!!!!!!!!!!!!!!!!!!!!!!!!!!!!!!!!!!!!!!!!!!!!!!!!!!!!!!!!!!!!!!!!!!!!!!!!!!!!!", "numeric_answer": null, "relative_error": null, "thinking_text": null, "has_tool_call": false, "tool_call": null, "usage": {"prompt_tokens": 123, "completion_tokens": 127, "total_tokens": 250, "token_count_source": "tokenizer"}, "decoding": {"temperature": 0.2, "top_p": null, "top_k": null, "max_tokens": 120, "seed": 42}, "prompt_tokens": 123, "completion_tokens": 127, "total_tokens": 250, "token_count_source": "tokenizer", "diffusion_steps": null, "flops_estimate": null, "flops_arch": null, "flops_model_params": null, "flops_active_params": null, "tokens_non_final": 3, "tokens_reasoning": 0, "tokens_response": 3, "elapsed_seconds": 42.315247535705566, "judgement": "Uncategorized"}
{"id": "taxes_000365", "topic": "taxes", "subtopic": "pre_discount_tax", "prompt": "Cart: $25.08, $28.92, $32.37 with a 15% store discount. Local sales tax is 6.0% (tax calculated before discount). About how much is the total?", "exact_value": 78.6, "model": "Dream-org/Dream-v0-Instruct-7B", "provider": "transformers", "response": "):\nFinal answer: <number><|im_end|>\n<|im_start|>assistant\n!!!!!!!!!!!!!!!!!!!!!!!!!!!!!!!!!!!!!!!!!!!!!!!!!!!!!!!!!!!!!!!!!!!!!!!!!!!!!!!!!!!!!!!!!!!!!!!!!!!!!!!!!!!!!!!!!!!!!!!!", "numeric_answer": null, "relative_error": null, "thinking_text": null, "has_tool_call": false, "tool_call": null, "usage": {"prompt_tokens": 118, "completion_tokens": 132, "total_tokens": 250, "token_count_source": "tokenizer"}, "decoding": {"temperature": 0.2, "top_p": null, "top_k": null, "max_tokens": 120, "seed": 42}, "prompt_tokens": 118, "completion_tokens": 132, "total_tokens": 250, "token_count_source": "tokenizer", "diffusion_steps": null, "flops_estimate": null, "flops_arch": null, "flops_model_params": null, "flops_active_params": null, "tokens_non_final": 6, "tokens_reasoning": 0, "tokens_response": 6, "elapsed_seconds": 42.315247535705566, "judgement": "Uncategorized"}
{"id": "taxes_000385", "topic": "taxes", "subtopic": "pre_discount_tax", "prompt": "Cart: $51.59, $30.61, $22.59, $17.83 with a 10% store discount. Local sales tax is 8.5% (tax calculated before discount). About how much is the total?", "exact_value": 120.78, "model": "Dream-org/Dream-v0-Instruct-7B", "provider": "transformers", "response": "><|im_end|>\n<|im_start|>assistant\n!!!!!!!!!!!!!!!!!!!!!!!!!!!!!!!!!!!!!!!!!!!!!!!!!!!!!!!!!!!!!!!!!!!!!!!!!!!!!!!!!!!!!!!!!!!!!!!!!!!!!!!!!!!!!!!!!!!!!!!!", "numeric_answer": null, "relative_error": null, "thinking_text": null, "has_tool_call": false, "tool_call": null, "usage": {"prompt_tokens": 125, "completion_tokens": 126, "total_tokens": 251, "token_count_source": "tokenizer"}, "decoding": {"temperature": 0.2, "top_p": null, "top_k": null, "max_tokens": 120, "seed": 42}, "prompt_tokens": 125, "completion_tokens": 126, "total_tokens": 251, "token_count_source": "tokenizer", "diffusion_steps": null, "flops_estimate": null, "flops_arch": null, "flops_model_params": null, "flops_active_params": null, "tokens_non_final": 3, "tokens_reasoning": 0, "tokens_response": 3, "elapsed_seconds": 42.329187631607056, "judgement": "Uncategorized"}
{"id": "taxes_000405", "topic": "taxes", "subtopic": "pre_discount_tax", "prompt": "Cart: $53.39, $53.80, $28.30, $24.65, $5.80 with a 20% store discount. Local sales tax is 7.0% (tax calculated before discount). About how much is the total?", "exact_value": 144.37, "model": "Dream-org/Dream-v0-Instruct-7B", "provider": "transformers", "response": "Final answer: 22.62", "numeric_answer": 22.62, "relative_error": 0.8433192491514857, "thinking_text": null, "has_tool_call": false, "tool_call": null, "usage": {"prompt_tokens": 131, "completion_tokens": 120, "total_tokens": 251, "token_count_source": "tokenizer"}, "decoding": {"temperature": 0.2, "top_p": null, "top_k": null, "max_tokens": 120, "seed": 42}, "prompt_tokens": 131, "completion_tokens": 120, "total_tokens": 251, "token_count_source": "tokenizer", "diffusion_steps": null, "flops_estimate": null, "flops_arch": null, "flops_model_params": null, "flops_active_params": null, "tokens_non_final": 3, "tokens_reasoning": 0, "tokens_response": 3, "elapsed_seconds": 42.329187631607056, "judgement": "Way off"}
{"id": "taxes_000425", "topic": "taxes", "subtopic": "post_discount_tax", "prompt": "Cart: $22.61, $7.97, $56.54, $11.80. Local sales tax is 7.0% (tax after discount). About how much is the total?", "exact_value": 105.84, "model": "Dream-org/Dream-v0-Instruct-7B", "provider": "transformers", "response": "(no extra text):\nFinal answer: <number><|im_end|>\n<|im_start|>assistant\n!!!!!!!!!!!!!!!!!!!!!!!!!!!!!!!!!!!!!!!!!!!!!!!!!!!!!!!!!!!!!!!!!!!!!!!!!!!!!!!!!!!!!!!!!!!!!!!!!!!!!!!!!!!!!!!!!!!!!!!!", "numeric_answer": null, "relative_error": null, "thinking_text": null, "has_tool_call": false, "tool_call": null, "usage": {"prompt_tokens": 115, "completion_tokens": 136, "total_tokens": 251, "token_count_source": "tokenizer"}, "decoding": {"temperature": 0.2, "top_p": null, "top_k": null, "max_tokens": 120, "seed": 42}, "prompt_tokens": 115, "completion_tokens": 136, "total_tokens": 251, "token_count_source": "tokenizer", "diffusion_steps": null, "flops_estimate": null, "flops_arch": null, "flops_model_params": null, "flops_active_params": null, "tokens_non_final": 8, "tokens_reasoning": 0, "tokens_response": 8, "elapsed_seconds": 42.329187631607056, "judgement": "Uncategorized"}
{"id": "taxes_000445", "topic": "taxes", "subtopic": "pre_discount_tax", "prompt": "Cart: $46.59, $16.28. Local sales tax is 8.5% (tax calculated before discount). About how much is the total?", "exact_value": 68.21, "model": "Dream-org/Dream-v0-Instruct-7B", "provider": "transformers", "response": "value (no words, no units).\nRespond in this format (no extra text):\nFinal answer: <number><|im_end|>\n<|im_start|>assistant\n!!!!!!!!!!!!!!!!!!!!!!!!!!!!!!!!!!!!!!!!!!!!!!!!!!!!!!!!!!!!!!!!!!!!!!!!!!!!!!!!!!!!!!!!!!!!!!!!!!!!!!!!!!!!!!!!!!!!!!!!", "numeric_answer": null, "relative_error": null, "thinking_text": null, "has_tool_call": false, "tool_call": null, "usage": {"prompt_tokens": 103, "completion_tokens": 148, "total_tokens": 251, "token_count_source": "tokenizer"}, "decoding": {"temperature": 0.2, "top_p": null, "top_k": null, "max_tokens": 120, "seed": 42}, "prompt_tokens": 103, "completion_tokens": 148, "total_tokens": 251, "token_count_source": "tokenizer", "diffusion_steps": null, "flops_estimate": null, "flops_arch": null, "flops_model_params": null, "flops_active_params": null, "tokens_non_final": 17, "tokens_reasoning": 0, "tokens_response": 17, "elapsed_seconds": 42.329187631607056, "judgement": "Uncategorized"}
{"id": "taxes_000465", "topic": "taxes", "subtopic": "pre_discount_tax", "prompt": "Cart: $4.60, $30.69, $19.15 with a 10% store discount. Local sales tax is 7.0% (tax calculated before discount). About how much is the total?", "exact_value": 52.81, "model": "Dream-org/Dream-v0-Instruct-7B", "provider": "transformers", "response": "extra text):\nFinal answer: <number><|im_end|>\n<|im_start|>assistant\n!!!!!!!!!!!!!!!!!!!!!!!!!!!!!!!!!!!!!!!!!!!!!!!!!!!!!!!!!!!!!!!!!!!!!!!!!!!!!!!!!!!!!!!!!!!!!!!!!!!!!!!!!!!!!!!!!!!!!!!!", "numeric_answer": null, "relative_error": null, "thinking_text": null, "has_tool_call": false, "tool_call": null, "usage": {"prompt_tokens": 117, "completion_tokens": 134, "total_tokens": 251, "token_count_source": "tokenizer"}, "decoding": {"temperature": 0.2, "top_p": null, "top_k": null, "max_tokens": 120, "seed": 42}, "prompt_tokens": 117, "completion_tokens": 134, "total_tokens": 251, "token_count_source": "tokenizer", "diffusion_steps": null, "flops_estimate": null, "flops_arch": null, "flops_model_params": null, "flops_active_params": null, "tokens_non_final": 7, "tokens_reasoning": 0, "tokens_response": 7, "elapsed_seconds": 42.36152625083923, "judgement": "Uncategorized"}
{"id": "taxes_000485", "topic": "taxes", "subtopic": "post_discount_tax", "prompt": "Cart: $34.84, $9.92, $58.12 with a 15% store discount. Local sales tax is 8.0% (tax after discount). About how much is the total?", "exact_value": 94.44, "model": "Dream-org/Dream-v0-Instruct-7B", "provider": "transformers", "response": "no extra text):\nFinal answer: <number><|im_end|>\n<|im_start|>assistant\n!!!!!!!!!!!!!!!!!!!!!!!!!!!!!!!!!!!!!!!!!!!!!!!!!!!!!!!!!!!!!!!!!!!!!!!!!!!!!!!!!!!!!!!!!!!!!!!!!!!!!!!!!!!!!!!!!!!!!!!!", "numeric_answer": null, "relative_error": null, "thinking_text": null, "has_tool_call": false, "tool_call": null, "usage": {"prompt_tokens": 116, "completion_tokens": 135, "total_tokens": 251, "token_count_source": "tokenizer"}, "decoding": {"temperature": 0.2, "top_p": null, "top_k": null, "max_tokens": 120, "seed": 42}, "prompt_tokens": 116, "completion_tokens": 135, "total_tokens": 251, "token_count_source": "tokenizer", "diffusion_steps": null, "flops_estimate": null, "flops_arch": null, "flops_model_params": null, "flops_active_params": null, "tokens_non_final": 8, "tokens_reasoning": 0, "tokens_response": 8, "elapsed_seconds": 42.36152625083923, "judgement": "Uncategorized"}
{"id": "taxes_000505", "topic": "taxes", "subtopic": "post_discount_tax", "prompt": "Cart: $21.24, $18.83, $46.12, $12.11, $38.47 with a 15% store discount. Local sales tax is 7.0% (tax after discount). About how much is the total?", "exact_value": 124.39, "model": "Dream-org/Dream-v0-Instruct-7B", "provider": "transformers", "response": "Final answer: 202.29", "numeric_answer": 202.29, "relative_error": 0.6262561299139802, "thinking_text": null, "has_tool_call": false, "tool_call": null, "usage": {"prompt_tokens": 131, "completion_tokens": 120, "total_tokens": 251, "token_count_source": "tokenizer"}, "decoding": {"temperature": 0.2, "top_p": null, "top_k": null, "max_tokens": 120, "seed": 42}, "prompt_tokens": 131, "completion_tokens": 120, "total_tokens": 251, "token_count_source": "tokenizer", "diffusion_steps": null, "flops_estimate": null, "flops_arch": null, "flops_model_params": null, "flops_active_params": null, "tokens_non_final": 3, "tokens_reasoning": 0, "tokens_response": 3, "elapsed_seconds": 42.36152625083923, "judgement": "Way off"}
{"id": "taxes_000525", "topic": "taxes", "subtopic": "pre_discount_tax", "prompt": "Cart: $40.81, $31.93, $33.24, $7.40. Local sales tax is 7.0% (tax calculated before discount). About how much is the total?", "exact_value": 121.32, "model": "Dream-org/Dream-v0-Instruct-7B", "provider": "transformers", "response": "no extra text):\nFinal answer: <number><|im_end|>\n<|im_start|>assistant\n!!!!!!!!!!!!!!!!!!!!!!!!!!!!!!!!!!!!!!!!!!!!!!!!!!!!!!!!!!!!!!!!!!!!!!!!!!!!!!!!!!!!!!!!!!!!!!!!!!!!!!!!!!!!!!!!!!!!!!!!", "numeric_answer": null, "relative_error": null, "thinking_text": null, "has_tool_call": false, "tool_call": null, "usage": {"prompt_tokens": 116, "completion_tokens": 135, "total_tokens": 251, "token_count_source": "tokenizer"}, "decoding": {"temperature": 0.2, "top_p": null, "top_k": null, "max_tokens": 120, "seed": 42}, "prompt_tokens": 116, "completion_tokens": 135, "total_tokens": 251, "token_count_source": "tokenizer", "diffusion_steps": null, "flops_estimate": null, "flops_arch": null, "flops_model_params": null, "flops_active_params": null, "tokens_non_final": 8, "tokens_reasoning": 0, "tokens_response": 8, "elapsed_seconds": 42.36152625083923, "judgement": "Uncategorized"}
{"id": "taxes_000545", "topic": "taxes", "subtopic": "pre_discount_tax", "prompt": "Cart: $59.68, $15.72 with a 15% store discount. Local sales tax is 8.5% (tax calculated before discount). About how much is the total?", "exact_value": 70.5, "model": "Dream-org/Dream-v0-Instruct-7B", "provider": "transformers", "response": "number><|im_end|>\n<|im_start|>assistant\n!!!!!!!!!!!!!!!!!!!!!!!!!!!!!!!!!!!!!!!!!!!!!!!!!!!!!!!!!!!!!!!!!!!!!!!!!!!!!!!!!!!!!!!!!!!!!!!!!!!!!!!!!!!!!!!!!!!!!!!!", "numeric_answer": null, "relative_error": null, "thinking_text": null, "has_tool_call": false, "tool_call": null, "usage": {"prompt_tokens": 111, "completion_tokens": 127, "total_tokens": 238, "token_count_source": "tokenizer"}, "decoding": {"temperature": 0.2, "top_p": null, "top_k": null, "max_tokens": 120, "seed": 42}, "prompt_tokens": 111, "completion_tokens": 127, "total_tokens": 238, "token_count_source": "tokenizer", "diffusion_steps": null, "flops_estimate": null, "flops_arch": null, "flops_model_params": null, "flops_active_params": null, "tokens_non_final": 3, "tokens_reasoning": 0, "tokens_response": 3, "elapsed_seconds": 41.84434509277344, "judgement": "Uncategorized"}
{"id": "taxes_000565", "topic": "taxes", "subtopic": "pre_discount_tax", "prompt": "Cart: $26.85, $46.69, $42.49 with a 10% store discount. Local sales tax is 8.0% (tax calculated before discount). About how much is the total?", "exact_value": 113.71, "model": "Dream-org/Dream-v0-Instruct-7B", "provider": "transformers", "response": "Final answer: 12.22", "numeric_answer": 12.22, "relative_error": 0.8925336382024448, "thinking_text": null, "has_tool_call": false, "tool_call": null, "usage": {"prompt_tokens": 118, "completion_tokens": 120, "total_tokens": 238, "token_count_source": "tokenizer"}, "decoding": {"temperature": 0.2, "top_p": null, "top_k": null, "max_tokens": 120, "seed": 42}, "prompt_tokens": 118, "completion_tokens": 120, "total_tokens": 238, "token_count_source": "tokenizer", "diffusion_steps": null, "flops_estimate": null, "flops_arch": null, "flops_model_params": null, "flops_active_params": null, "tokens_non_final": 3, "tokens_reasoning": 0, "tokens_response": 3, "elapsed_seconds": 41.84434509277344, "judgement": "Way off"}
{"id": "taxes_000585", "topic": "taxes", "subtopic": "pre_discount_tax", "prompt": "Cart: $39.46, $16.46, $27.60 with a 15% store discount. Local sales tax is 7.5% (tax calculated before discount). About how much is the total?", "exact_value": 77.26, "model": "Dream-org/Dream-v0-Instruct-7B", "provider": "transformers", "response": "Final answer: $23.22", "numeric_answer": 23.22, "relative_error": 0.6994563810509967, "thinking_text": null, "has_tool_call": false, "tool_call": null, "usage": {"prompt_tokens": 118, "completion_tokens": 120, "total_tokens": 238, "token_count_source": "tokenizer"}, "decoding": {"temperature": 0.2, "top_p": null, "top_k": null, "max_tokens": 120, "seed": 42}, "prompt_tokens": 118, "completion_tokens": 120, "total_tokens": 238, "token_count_source": "tokenizer", "diffusion_steps": null, "flops_estimate": null, "flops_arch": null, "flops_model_params": null, "flops_active_params": null, "tokens_non_final": 3, "tokens_reasoning": 0, "tokens_response": 3, "elapsed_seconds": 41.84434509277344, "judgement": "Way off"}
{"id": "taxes_000605", "topic": "taxes", "subtopic": "post_discount_tax", "prompt": "Cart: $56.51, $45.65, $41.70 with a 15% store discount. Local sales tax is 8.5% (tax after discount). About how much is the total?", "exact_value": 132.67, "model": "Dream-org/Dream-v0-Instruct-7B", "provider": "transformers", "response": "!!!!!!!!!!!!!!!!!!!!!!!!!!!!!!!!!!!!!!!!!!!!!!!!!!!!!!!!!!!!!!!!!!!!!!!!!!!!!!!!!!!!!!!!!!!!!!!!!!!!!!!!!!!!!!!!!!!!!!!!", "numeric_answer": null, "relative_error": null, "thinking_text": null, "has_tool_call": false, "tool_call": null, "usage": {"prompt_tokens": 117, "completion_tokens": 121, "total_tokens": 238, "token_count_source": "tokenizer"}, "decoding": {"temperature": 0.2, "top_p": null, "top_k": null, "max_tokens": 120, "seed": 42}, "prompt_tokens": 117, "completion_tokens": 121, "total_tokens": 238, "token_count_source": "tokenizer", "diffusion_steps": null, "flops_estimate": null, "flops_arch": null, "flops_model_params": null, "flops_active_params": null, "tokens_non_final": 1, "tokens_reasoning": 0, "tokens_response": 1, "elapsed_seconds": 41.84434509277344, "judgement": "Uncategorized"}
{"id": "taxes_000625", "topic": "taxes", "subtopic": "post_discount_tax", "prompt": "Cart: $45.52, $11.14, $39.66 with a 15% store discount. Local sales tax is 7.5% (tax after discount). About how much is the total?", "exact_value": 88.01, "model": "Dream-org/Dream-v0-Instruct-7B", "provider": "transformers", "response": "number><|im_end|>\n<|im_start|>assistant\n!!!!!!!!!!!!!!!!!!!!!!!!!!!!!!!!!!!!!!!!!!!!!!!!!!!!!!!!!!!!!!!!!!!!!!!!!!!!!!!!!!!!!!!!!!!!!!!!!!!!!!!!!!!!!!!!!!!!!!!!", "numeric_answer": null, "relative_error": null, "thinking_text": null, "has_tool_call": false, "tool_call": null, "usage": {"prompt_tokens": 117, "completion_tokens": 127, "total_tokens": 244, "token_count_source": "tokenizer"}, "decoding": {"temperature": 0.2, "top_p": null, "top_k": null, "max_tokens": 120, "seed": 42}, "prompt_tokens": 117, "completion_tokens": 127, "total_tokens": 244, "token_count_source": "tokenizer", "diffusion_steps": null, "flops_estimate": null, "flops_arch": null, "flops_model_params": null, "flops_active_params": null, "tokens_non_final": 3, "tokens_reasoning": 0, "tokens_response": 3, "elapsed_seconds": 41.719886302948, "judgement": "Uncategorized"}
{"id": "taxes_000645", "topic": "taxes", "subtopic": "post_discount_tax", "prompt": "Cart: $49.33, $22.71, $22.30, $10.61 with a 10% store discount. Local sales tax is 8.0% (tax after discount). About how much is the total?", "exact_value": 102.01, "model": "Dream-org/Dream-v0-Instruct-7B", "provider": "transformers", "response": "Final answer: $20.20", "numeric_answer": 20.2, "relative_error": 0.8019801980198019, "thinking_text": null, "has_tool_call": false, "tool_call": null, "usage": {"prompt_tokens": 124, "completion_tokens": 120, "total_tokens": 244, "token_count_source": "tokenizer"}, "decoding": {"temperature": 0.2, "top_p": null, "top_k": null, "max_tokens": 120, "seed": 42}, "prompt_tokens": 124, "completion_tokens": 120, "total_tokens": 244, "token_count_source": "tokenizer", "diffusion_steps": null, "flops_estimate": null, "flops_arch": null, "flops_model_params": null, "flops_active_params": null, "tokens_non_final": 3, "tokens_reasoning": 0, "tokens_response": 3, "elapsed_seconds": 41.719886302948, "judgement": "Way off"}
{"id": "taxes_000665", "topic": "taxes", "subtopic": "post_discount_tax", "prompt": "Cart: $34.33, $12.25, $33.01 with a 10% store discount. Local sales tax is 8.5% (tax after discount). About how much is the total?", "exact_value": 77.72, "model": "Dream-org/Dream-v0-Instruct-7B", "provider": "transformers", "response": "number><|im_end|>\n<|im_start|>assistant\n!!!!!!!!!!!!!!!!!!!!!!!!!!!!!!!!!!!!!!!!!!!!!!!!!!!!!!!!!!!!!!!!!!!!!!!!!!!!!!!!!!!!!!!!!!!!!!!!!!!!!!!!!!!!!!!!!!!!!!!!", "numeric_answer": null, "relative_error": null, "thinking_text": null, "has_tool_call": false, "tool_call": null, "usage": {"prompt_tokens": 117, "completion_tokens": 127, "total_tokens": 244, "token_count_source": "tokenizer"}, "decoding": {"temperature": 0.2, "top_p": null, "top_k": null, "max_tokens": 120, "seed": 42}, "prompt_tokens": 117, "completion_tokens": 127, "total_tokens": 244, "token_count_source": "tokenizer", "diffusion_steps": null, "flops_estimate": null, "flops_arch": null, "flops_model_params": null, "flops_active_params": null, "tokens_non_final": 3, "tokens_reasoning": 0, "tokens_response": 3, "elapsed_seconds": 41.719886302948, "judgement": "Uncategorized"}
{"id": "taxes_000685", "topic": "taxes", "subtopic": "post_discount_tax", "prompt": "Cart: $45.39, $47.08, $42.29, $28.76, $33.64. Local sales tax is 8.0% (tax after discount). About how much is the total?", "exact_value": 212.93, "model": "Dream-org/Dream-v0-Instruct-7B", "provider": "transformers", "response": "!!!!!!!!!!!!!!!!!!!!!!!!!!!!!!!!!!!!!!!!!!!!!!!!!!!!!!!!!!!!!!!!!!!!!!!!!!!!!!!!!!!!!!!!!!!!!!!!!!!!!!!!!!!!!!!!!!!!!!!!", "numeric_answer": null, "relative_error": null, "thinking_text": null, "has_tool_call": false, "tool_call": null, "usage": {"prompt_tokens": 123, "completion_tokens": 121, "total_tokens": 244, "token_count_source": "tokenizer"}, "decoding": {"temperature": 0.2, "top_p": null, "top_k": null, "max_tokens": 120, "seed": 42}, "prompt_tokens": 123, "completion_tokens": 121, "total_tokens": 244, "token_count_source": "tokenizer", "diffusion_steps": null, "flops_estimate": null, "flops_arch": null, "flops_model_params": null, "flops_active_params": null, "tokens_non_final": 1, "tokens_reasoning": 0, "tokens_response": 1, "elapsed_seconds": 41.719886302948, "judgement": "Uncategorized"}
{"id": "taxes_000705", "topic": "taxes", "subtopic": "post_discount_tax", "prompt": "Cart: $40.98, $7.11, $42.94, $15.29 with a 10% store discount. Local sales tax is 8.0% (tax after discount). About how much is the total?", "exact_value": 103.34, "model": "Dream-org/Dream-v0-Instruct-7B", "provider": "transformers", "response": ": <number><|im_end|>\n<|im_start|>assistant\n!!!!!!!!!!!!!!!!!!!!!!!!!!!!!!!!!!!!!!!!!!!!!!!!!!!!!!!!!!!!!!!!!!!!!!!!!!!!!!!!!!!!!!!!!!!!!!!!!!!!!!!!!!!!!!!!!!!!!!!!", "numeric_answer": null, "relative_error": null, "thinking_text": null, "has_tool_call": false, "tool_call": null, "usage": {"prompt_tokens": 123, "completion_tokens": 129, "total_tokens": 252, "token_count_source": "tokenizer"}, "decoding": {"temperature": 0.2, "top_p": null, "top_k": null, "max_tokens": 120, "seed": 42}, "prompt_tokens": 123, "completion_tokens": 129, "total_tokens": 252, "token_count_source": "tokenizer", "diffusion_steps": null, "flops_estimate": null, "flops_arch": null, "flops_model_params": null, "flops_active_params": null, "tokens_non_final": 4, "tokens_reasoning": 0, "tokens_response": 4, "elapsed_seconds": 42.45345711708069, "judgement": "Uncategorized"}
{"id": "taxes_000725", "topic": "taxes", "subtopic": "post_discount_tax", "prompt": "Cart: $58.29, $57.54, $3.90, $13.77, $33.83 with a 15% store discount. Local sales tax is 7.0% (tax after discount). About how much is the total?", "exact_value": 152.19, "model": "Dream-org/Dream-v0-Instruct-7B", "provider": "transformers", "response": "assistant\n!!!!!!!!!!!!!!!!!!!!!!!!!!!!!!!!!!!!!!!!!!!!!!!!!!!!!!!!!!!!!!!!!!!!!!!!!!!!!!!!!!!!!!!!!!!!!!!!!!!!!!!!!!!!!!!!!!!!!!!!", "numeric_answer": null, "relative_error": null, "thinking_text": null, "has_tool_call": false, "tool_call": null, "usage": {"prompt_tokens": 130, "completion_tokens": 122, "total_tokens": 252, "token_count_source": "tokenizer"}, "decoding": {"temperature": 0.2, "top_p": null, "top_k": null, "max_tokens": 120, "seed": 42}, "prompt_tokens": 130, "completion_tokens": 122, "total_tokens": 252, "token_count_source": "tokenizer", "diffusion_steps": null, "flops_estimate": null, "flops_arch": null, "flops_model_params": null, "flops_active_params": null, "tokens_non_final": 2, "tokens_reasoning": 0, "tokens_response": 2, "elapsed_seconds": 42.45345711708069, "judgement": "Uncategorized"}
{"id": "taxes_000745", "topic": "taxes", "subtopic": "post_discount_tax", "prompt": "Cart: $54.15, $17.05, $39.04, $11.06 with a 20% store discount. Local sales tax is 6.0% (tax after discount). About how much is the total?", "exact_value": 102.86, "model": "Dream-org/Dream-v0-Instruct-7B", "provider": "transformers", "response": "<number><|im_end|>\n<|im_start|>assistant\n!!!!!!!!!!!!!!!!!!!!!!!!!!!!!!!!!!!!!!!!!!!!!!!!!!!!!!!!!!!!!!!!!!!!!!!!!!!!!!!!!!!!!!!!!!!!!!!!!!!!!!!!!!!!!!!!!!!!!!!!", "numeric_answer": null, "relative_error": null, "thinking_text": null, "has_tool_call": false, "tool_call": null, "usage": {"prompt_tokens": 124, "completion_tokens": 128, "total_tokens": 252, "token_count_source": "tokenizer"}, "decoding": {"temperature": 0.2, "top_p": null, "top_k": null, "max_tokens": 120, "seed": 42}, "prompt_tokens": 124, "completion_tokens": 128, "total_tokens": 252, "token_count_source": "tokenizer", "diffusion_steps": null, "flops_estimate": null, "flops_arch": null, "flops_model_params": null, "flops_active_params": null, "tokens_non_final": 3, "tokens_reasoning": 0, "tokens_response": 3, "elapsed_seconds": 42.45345711708069, "judgement": "Uncategorized"}
{"id": "taxes_000765", "topic": "taxes", "subtopic": "pre_discount_tax", "prompt": "Cart: $57.68, $16.68, $27.84, $52.23, $26.02 with a 15% store discount. Local sales tax is 6.0% (tax calculated before discount). About how much is the total?", "exact_value": 164.21, "model": "Dream-org/Dream-v0-Instruct-7B", "provider": "transformers", "response": "", "numeric_answer": null, "relative_error": null, "thinking_text": null, "has_tool_call": false, "tool_call": null, "usage": {"prompt_tokens": 132, "completion_tokens": 120, "total_tokens": 252, "token_count_source": "tokenizer"}, "decoding": {"temperature": 0.2, "top_p": null, "top_k": null, "max_tokens": 120, "seed": 42}, "prompt_tokens": 132, "completion_tokens": 120, "total_tokens": 252, "token_count_source": "tokenizer", "diffusion_steps": null, "flops_estimate": null, "flops_arch": null, "flops_model_params": null, "flops_active_params": null, "tokens_non_final": 0, "tokens_reasoning": 0, "tokens_response": 0, "elapsed_seconds": 42.45345711708069, "judgement": "Uncategorized"}
{"id": "taxes_000785", "topic": "taxes", "subtopic": "post_discount_tax", "prompt": "Cart: $25.69, $31.24 with a 10% store discount. Local sales tax is 6.0% (tax after discount). About how much is the total?", "exact_value": 54.31, "model": "Dream-org/Dream-v0-Instruct-7B", "provider": "transformers", "response": "Respond in this format (no extra text):\nFinal answer: <number><|im_end|>\n<|im_start|>assistant\n!!!!!!!!!!!!!!!!!!!!!!!!!!!!!!!!!!!!!!!!!!!!!!!!!!!!!!!!!!!!!!!!!!!!!!!!!!!!!!!!!!!!!!!!!!!!!!!!!!!!!!!!!!!!!!!!!!!!!!!!", "numeric_answer": null, "relative_error": null, "thinking_text": null, "has_tool_call": false, "tool_call": null, "usage": {"prompt_tokens": 110, "completion_tokens": 140, "total_tokens": 250, "token_count_source": "tokenizer"}, "decoding": {"temperature": 0.2, "top_p": null, "top_k": null, "max_tokens": 120, "seed": 42}, "prompt_tokens": 110, "completion_tokens": 140, "total_tokens": 250, "token_count_source": "tokenizer", "diffusion_steps": null, "flops_estimate": null, "flops_arch": null, "flops_model_params": null, "flops_active_params": null, "tokens_non_final": 12, "tokens_reasoning": 0, "tokens_response": 12, "elapsed_seconds": 42.408851146698, "judgement": "Uncategorized"}
{"id": "taxes_000805", "topic": "taxes", "subtopic": "post_discount_tax", "prompt": "Cart: $40.12, $28.74 with a 15% store discount. Local sales tax is 7.5% (tax after discount). About how much is the total?", "exact_value": 62.92, "model": "Dream-org/Dream-v0-Instruct-7B", "provider": "transformers", "response": "Respond in this format (no extra text):\nFinal answer: <number><|im_end|>\n<|im_start|>assistant\n!!!!!!!!!!!!!!!!!!!!!!!!!!!!!!!!!!!!!!!!!!!!!!!!!!!!!!!!!!!!!!!!!!!!!!!!!!!!!!!!!!!!!!!!!!!!!!!!!!!!!!!!!!!!!!!!!!!!!!!!", "numeric_answer": null, "relative_error": null, "thinking_text": null, "has_tool_call": false, "tool_call": null, "usage": {"prompt_tokens": 110, "completion_tokens": 140, "total_tokens": 250, "token_count_source": "tokenizer"}, "decoding": {"temperature": 0.2, "top_p": null, "top_k": null, "max_tokens": 120, "seed": 42}, "prompt_tokens": 110, "completion_tokens": 140, "total_tokens": 250, "token_count_source": "tokenizer", "diffusion_steps": null, "flops_estimate": null, "flops_arch": null, "flops_model_params": null, "flops_active_params": null, "tokens_non_final": 12, "tokens_reasoning": 0, "tokens_response": 12, "elapsed_seconds": 42.408851146698, "judgement": "Uncategorized"}
{"id": "taxes_000825", "topic": "taxes", "subtopic": "pre_discount_tax", "prompt": "Cart: $42.07, $45.58, $4.03. Local sales tax is 8.5% (tax calculated before discount). About how much is the total?", "exact_value": 99.47, "model": "Dream-org/Dream-v0-Instruct-7B", "provider": "transformers", "response": ").\nRespond in this format (no extra text):\nFinal answer: <number><|im_end|>\n<|im_start|>assistant\n!!!!!!!!!!!!!!!!!!!!!!!!!!!!!!!!!!!!!!!!!!!!!!!!!!!!!!!!!!!!!!!!!!!!!!!!!!!!!!!!!!!!!!!!!!!!!!!!!!!!!!!!!!!!!!!!!!!!!!!!", "numeric_answer": null, "relative_error": null, "thinking_text": null, "has_tool_call": false, "tool_call": null, "usage": {"prompt_tokens": 109, "completion_tokens": 141, "total_tokens": 250, "token_count_source": "tokenizer"}, "decoding": {"temperature": 0.2, "top_p": null, "top_k": null, "max_tokens": 120, "seed": 42}, "prompt_tokens": 109, "completion_tokens": 141, "total_tokens": 250, "token_count_source": "tokenizer", "diffusion_steps": null, "flops_estimate": null, "flops_arch": null, "flops_model_params": null, "flops_active_params": null, "tokens_non_final": 13, "tokens_reasoning": 0, "tokens_response": 13, "elapsed_seconds": 42.408851146698, "judgement": "Uncategorized"}
{"id": "taxes_000845", "topic": "taxes", "subtopic": "post_discount_tax", "prompt": "Cart: $15.87, $9.20, $33.08, $43.65, $38.88 with a 20% store discount. Local sales tax is 6.0% (tax after discount). About how much is the total?", "exact_value": 119.3, "model": "Dream-org/Dream-v0-Instruct-7B", "provider": "transformers", "response": "", "numeric_answer": null, "relative_error": null, "thinking_text": null, "has_tool_call": false, "tool_call": null, "usage": {"prompt_tokens": 130, "completion_tokens": 120, "total_tokens": 250, "token_count_source": "tokenizer"}, "decoding": {"temperature": 0.2, "top_p": null, "top_k": null, "max_tokens": 120, "seed": 42}, "prompt_tokens": 130, "completion_tokens": 120, "total_tokens": 250, "token_count_source": "tokenizer", "diffusion_steps": null, "flops_estimate": null, "flops_arch": null, "flops_model_params": null, "flops_active_params": null, "tokens_non_final": 0, "tokens_reasoning": 0, "tokens_response": 0, "elapsed_seconds": 42.408851146698, "judgement": "Uncategorized"}
{"id": "taxes_000865", "topic": "taxes", "subtopic": "post_discount_tax", "prompt": "Cart: $58.64, $45.63, $26.84 with a 20% store discount. Local sales tax is 7.5% (tax after discount). About how much is the total?", "exact_value": 112.75, "model": "Dream-org/Dream-v0-Instruct-7B", "provider": "transformers", "response": "):\nFinal answer: <number><|im_end|>\n<|im_start|>assistant\n!!!!!!!!!!!!!!!!!!!!!!!!!!!!!!!!!!!!!!!!!!!!!!!!!!!!!!!!!!!!!!!!!!!!!!!!!!!!!!!!!!!!!!!!!!!!!!!!!!!!!!!!!!!!!!!!!!!!!!!!", "numeric_answer": null, "relative_error": null, "thinking_text": null, "has_tool_call": false, "tool_call": null, "usage": {"prompt_tokens": 117, "completion_tokens": 132, "total_tokens": 249, "token_count_source": "tokenizer"}, "decoding": {"temperature": 0.2, "top_p": null, "top_k": null, "max_tokens": 120, "seed": 42}, "prompt_tokens": 117, "completion_tokens": 132, "total_tokens": 249, "token_count_source": "tokenizer", "diffusion_steps": null, "flops_estimate": null, "flops_arch": null, "flops_model_params": null, "flops_active_params": null, "tokens_non_final": 6, "tokens_reasoning": 0, "tokens_response": 6, "elapsed_seconds": 41.883018493652344, "judgement": "Uncategorized"}
{"id": "taxes_000885", "topic": "taxes", "subtopic": "post_discount_tax", "prompt": "Cart: $14.40, $32.79, $9.47, $52.98, $5.25 with a 15% store discount. Local sales tax is 7.0% (tax after discount). About how much is the total?", "exact_value": 104.49, "model": "Dream-org/Dream-v0-Instruct-7B", "provider": "transformers", "response": "Final answer: 22.22", "numeric_answer": 22.22, "relative_error": 0.7873480715857977, "thinking_text": null, "has_tool_call": false, "tool_call": null, "usage": {"prompt_tokens": 129, "completion_tokens": 120, "total_tokens": 249, "token_count_source": "tokenizer"}, "decoding": {"temperature": 0.2, "top_p": null, "top_k": null, "max_tokens": 120, "seed": 42}, "prompt_tokens": 129, "completion_tokens": 120, "total_tokens": 249, "token_count_source": "tokenizer", "diffusion_steps": null, "flops_estimate": null, "flops_arch": null, "flops_model_params": null, "flops_active_params": null, "tokens_non_final": 3, "tokens_reasoning": 0, "tokens_response": 3, "elapsed_seconds": 41.883018493652344, "judgement": "Way off"}
{"id": "taxes_000905", "topic": "taxes", "subtopic": "pre_discount_tax", "prompt": "Cart: $17.90, $48.48, $26.49, $5.89. Local sales tax is 8.5% (tax calculated before discount). About how much is the total?", "exact_value": 107.15, "model": "Dream-org/Dream-v0-Instruct-7B", "provider": "transformers", "response": "text):\nFinal answer: <number><|im_end|>\n<|im_start|>assistant\n!!!!!!!!!!!!!!!!!!!!!!!!!!!!!!!!!!!!!!!!!!!!!!!!!!!!!!!!!!!!!!!!!!!!!!!!!!!!!!!!!!!!!!!!!!!!!!!!!!!!!!!!!!!!!!!!!!!!!!!!", "numeric_answer": null, "relative_error": null, "thinking_text": null, "has_tool_call": false, "tool_call": null, "usage": {"prompt_tokens": 116, "completion_tokens": 133, "total_tokens": 249, "token_count_source": "tokenizer"}, "decoding": {"temperature": 0.2, "top_p": null, "top_k": null, "max_tokens": 120, "seed": 42}, "prompt_tokens": 116, "completion_tokens": 133, "total_tokens": 249, "token_count_source": "tokenizer", "diffusion_steps": null, "flops_estimate": null, "flops_arch": null, "flops_model_params": null, "flops_active_params": null, "tokens_non_final": 6, "tokens_reasoning": 0, "tokens_response": 6, "elapsed_seconds": 41.883018493652344, "judgement": "Uncategorized"}
{"id": "taxes_000925", "topic": "taxes", "subtopic": "post_discount_tax", "prompt": "Cart: $22.10, $57.77 with a 10% store discount. Local sales tax is 8.5% (tax after discount). About how much is the total?", "exact_value": 77.99, "model": "Dream-org/Dream-v0-Instruct-7B", "provider": "transformers", "response": "in this format (no extra text):\nFinal answer: <number><|im_end|>\n<|im_start|>assistant\n!!!!!!!!!!!!!!!!!!!!!!!!!!!!!!!!!!!!!!!!!!!!!!!!!!!!!!!!!!!!!!!!!!!!!!!!!!!!!!!!!!!!!!!!!!!!!!!!!!!!!!!!!!!!!!!!!!!!!!!!", "numeric_answer": null, "relative_error": null, "thinking_text": null, "has_tool_call": false, "tool_call": null, "usage": {"prompt_tokens": 110, "completion_tokens": 139, "total_tokens": 249, "token_count_source": "tokenizer"}, "decoding": {"temperature": 0.2, "top_p": null, "top_k": null, "max_tokens": 120, "seed": 42}, "prompt_tokens": 110, "completion_tokens": 139, "total_tokens": 249, "token_count_source": "tokenizer", "diffusion_steps": null, "flops_estimate": null, "flops_arch": null, "flops_model_params": null, "flops_active_params": null, "tokens_non_final": 11, "tokens_reasoning": 0, "tokens_response": 11, "elapsed_seconds": 41.883018493652344, "judgement": "Uncategorized"}
{"id": "taxes_000945", "topic": "taxes", "subtopic": "post_discount_tax", "prompt": "Cart: $23.57, $36.87, $52.49, $25.07 with a 15% store discount. Local sales tax is 7.5% (tax after discount). About how much is the total?", "exact_value": 126.1, "model": "Dream-org/Dream-v0-Instruct-7B", "provider": "transformers", "response": "number><|im_end|>\n<|im_start|>assistant\n!!!!!!!!!!!!!!!!!!!!!!!!!!!!!!!!!!!!!!!!!!!!!!!!!!!!!!!!!!!!!!!!!!!!!!!!!!!!!!!!!!!!!!!!!!!!!!!!!!!!!!!!!!!!!!!!!!!!!!!!", "numeric_answer": null, "relative_error": null, "thinking_text": null, "has_tool_call": false, "tool_call": null, "usage": {"prompt_tokens": 124, "completion_tokens": 127, "total_tokens": 251, "token_count_source": "tokenizer"}, "decoding": {"temperature": 0.2, "top_p": null, "top_k": null, "max_tokens": 120, "seed": 42}, "prompt_tokens": 124, "completion_tokens": 127, "total_tokens": 251, "token_count_source": "tokenizer", "diffusion_steps": null, "flops_estimate": null, "flops_arch": null, "flops_model_params": null, "flops_active_params": null, "tokens_non_final": 3, "tokens_reasoning": 0, "tokens_response": 3, "elapsed_seconds": 42.6460018157959, "judgement": "Uncategorized"}
{"id": "taxes_000965", "topic": "taxes", "subtopic": "post_discount_tax", "prompt": "Cart: $29.91, $42.03, $30.26 with a 15% store discount. Local sales tax is 6.0% (tax after discount). About how much is the total?", "exact_value": 92.08, "model": "Dream-org/Dream-v0-Instruct-7B", "provider": "transformers", "response": "extra text):\nFinal answer: <number><|im_end|>\n<|im_start|>assistant\n!!!!!!!!!!!!!!!!!!!!!!!!!!!!!!!!!!!!!!!!!!!!!!!!!!!!!!!!!!!!!!!!!!!!!!!!!!!!!!!!!!!!!!!!!!!!!!!!!!!!!!!!!!!!!!!!!!!!!!!!", "numeric_answer": null, "relative_error": null, "thinking_text": null, "has_tool_call": false, "tool_call": null, "usage": {"prompt_tokens": 117, "completion_tokens": 134, "total_tokens": 251, "token_count_source": "tokenizer"}, "decoding": {"temperature": 0.2, "top_p": null, "top_k": null, "max_tokens": 120, "seed": 42}, "prompt_tokens": 117, "completion_tokens": 134, "total_tokens": 251, "token_count_source": "tokenizer", "diffusion_steps": null, "flops_estimate": null, "flops_arch": null, "flops_model_params": null, "flops_active_params": null, "tokens_non_final": 7, "tokens_reasoning": 0, "tokens_response": 7, "elapsed_seconds": 42.6460018157959, "judgement": "Uncategorized"}
{"id": "taxes_000985", "topic": "taxes", "subtopic": "post_discount_tax", "prompt": "Cart: $14.82, $23.08, $24.88, $58.19, $52.19 with a 15% store discount. Local sales tax is 8.5% (tax after discount). About how much is the total?", "exact_value": 159.7, "model": "Dream-org/Dream-v0-Instruct-7B", "provider": "transformers", "response": "Final answer: $21.22", "numeric_answer": 21.22, "relative_error": 0.8671258609893551, "thinking_text": null, "has_tool_call": false, "tool_call": null, "usage": {"prompt_tokens": 131, "completion_tokens": 120, "total_tokens": 251, "token_count_source": "tokenizer"}, "decoding": {"temperature": 0.2, "top_p": null, "top_k": null, "max_tokens": 120, "seed": 42}, "prompt_tokens": 131, "completion_tokens": 120, "total_tokens": 251, "token_count_source": "tokenizer", "diffusion_steps": null, "flops_estimate": null, "flops_arch": null, "flops_model_params": null, "flops_active_params": null, "tokens_non_final": 3, "tokens_reasoning": 0, "tokens_response": 3, "elapsed_seconds": 42.6460018157959, "judgement": "Way off"}
{"id": "taxes_001005", "topic": "taxes", "subtopic": "post_discount_tax", "prompt": "Cart: $35.46, $30.01, $32.78, $59.76, $52.25 with a 20% store discount. Local sales tax is 6.0% (tax after discount). About how much is the total?", "exact_value": 178.3, "model": "Dream-org/Dream-v0-Instruct-7B", "provider": "transformers", "response": "Final answer: 32.23.", "numeric_answer": 32.23, "relative_error": 0.8192372406057208, "thinking_text": null, "has_tool_call": false, "tool_call": null, "usage": {"prompt_tokens": 131, "completion_tokens": 120, "total_tokens": 251, "token_count_source": "tokenizer"}, "decoding": {"temperature": 0.2, "top_p": null, "top_k": null, "max_tokens": 120, "seed": 42}, "prompt_tokens": 131, "completion_tokens": 120, "total_tokens": 251, "token_count_source": "tokenizer", "diffusion_steps": null, "flops_estimate": null, "flops_arch": null, "flops_model_params": null, "flops_active_params": null, "tokens_non_final": 3, "tokens_reasoning": 0, "tokens_response": 3, "elapsed_seconds": 42.6460018157959, "judgement": "Way off"}
{"id": "taxes_001025", "topic": "taxes", "subtopic": "post_discount_tax", "prompt": "Cart: $48.98, $51.04, $48.93, $42.06 with a 10% store discount. Local sales tax is 7.0% (tax after discount). About how much is the total?", "exact_value": 183.94, "model": "Dream-org/Dream-v0-Instruct-7B", "provider": "transformers", "response": "number><|im_end|>\n<|im_start|>assistant\n!!!!!!!!!!!!!!!!!!!!!!!!!!!!!!!!!!!!!!!!!!!!!!!!!!!!!!!!!!!!!!!!!!!!!!!!!!!!!!!!!!!!!!!!!!!!!!!!!!!!!!!!!!!!!!!!!!!!!!!!", "numeric_answer": null, "relative_error": null, "thinking_text": null, "has_tool_call": false, "tool_call": null, "usage": {"prompt_tokens": 124, "completion_tokens": 127, "total_tokens": 251, "token_count_source": "tokenizer"}, "decoding": {"temperature": 0.2, "top_p": null, "top_k": null, "max_tokens": 120, "seed": 42}, "prompt_tokens": 124, "completion_tokens": 127, "total_tokens": 251, "token_count_source": "tokenizer", "diffusion_steps": null, "flops_estimate": null, "flops_arch": null, "flops_model_params": null, "flops_active_params": null, "tokens_non_final": 3, "tokens_reasoning": 0, "tokens_response": 3, "elapsed_seconds": 42.338223934173584, "judgement": "Uncategorized"}
{"id": "taxes_001045", "topic": "taxes", "subtopic": "pre_discount_tax", "prompt": "Cart: $7.00, $19.59, $22.19, $24.07, $59.04 with a 15% store discount. Local sales tax is 8.5% (tax calculated before discount). About how much is the total?", "exact_value": 123.32, "model": "Dream-org/Dream-v0-Instruct-7B", "provider": "transformers", "response": "Final answer: 12", "numeric_answer": 12.0, "relative_error": 0.902692182938696, "thinking_text": null, "has_tool_call": false, "tool_call": null, "usage": {"prompt_tokens": 131, "completion_tokens": 120, "total_tokens": 251, "token_count_source": "tokenizer"}, "decoding": {"temperature": 0.2, "top_p": null, "top_k": null, "max_tokens": 120, "seed": 42}, "prompt_tokens": 131, "completion_tokens": 120, "total_tokens": 251, "token_count_source": "tokenizer", "diffusion_steps": null, "flops_estimate": null, "flops_arch": null, "flops_model_params": null, "flops_active_params": null, "tokens_non_final": 3, "tokens_reasoning": 0, "tokens_response": 3, "elapsed_seconds": 42.338223934173584, "judgement": "Way off"}
{"id": "taxes_001065", "topic": "taxes", "subtopic": "post_discount_tax", "prompt": "Cart: $30.65, $11.90, $49.60, $20.83 with a 15% store discount. Local sales tax is 6.0% (tax after discount). About how much is the total?", "exact_value": 101.79, "model": "Dream-org/Dream-v0-Instruct-7B", "provider": "transformers", "response": "number><|im_end|>\n<|im_start|>assistant\n!!!!!!!!!!!!!!!!!!!!!!!!!!!!!!!!!!!!!!!!!!!!!!!!!!!!!!!!!!!!!!!!!!!!!!!!!!!!!!!!!!!!!!!!!!!!!!!!!!!!!!!!!!!!!!!!!!!!!!!!", "numeric_answer": null, "relative_error": null, "thinking_text": null, "has_tool_call": false, "tool_call": null, "usage": {"prompt_tokens": 124, "completion_tokens": 127, "total_tokens": 251, "token_count_source": "tokenizer"}, "decoding": {"temperature": 0.2, "top_p": null, "top_k": null, "max_tokens": 120, "seed": 42}, "prompt_tokens": 124, "completion_tokens": 127, "total_tokens": 251, "token_count_source": "tokenizer", "diffusion_steps": null, "flops_estimate": null, "flops_arch": null, "flops_model_params": null, "flops_active_params": null, "tokens_non_final": 3, "tokens_reasoning": 0, "tokens_response": 3, "elapsed_seconds": 42.338223934173584, "judgement": "Uncategorized"}
{"id": "taxes_001085", "topic": "taxes", "subtopic": "pre_discount_tax", "prompt": "Cart: $51.75, $41.44, $42.58 with a 15% store discount. Local sales tax is 6.0% (tax calculated before discount). About how much is the total?", "exact_value": 123.55, "model": "Dream-org/Dream-v0-Instruct-7B", "provider": "transformers", "response": "text):\nFinal answer: <number><|im_end|>\n<|im_start|>assistant\n!!!!!!!!!!!!!!!!!!!!!!!!!!!!!!!!!!!!!!!!!!!!!!!!!!!!!!!!!!!!!!!!!!!!!!!!!!!!!!!!!!!!!!!!!!!!!!!!!!!!!!!!!!!!!!!!!!!!!!!!", "numeric_answer": null, "relative_error": null, "thinking_text": null, "has_tool_call": false, "tool_call": null, "usage": {"prompt_tokens": 118, "completion_tokens": 133, "total_tokens": 251, "token_count_source": "tokenizer"}, "decoding": {"temperature": 0.2, "top_p": null, "top_k": null, "max_tokens": 120, "seed": 42}, "prompt_tokens": 118, "completion_tokens": 133, "total_tokens": 251, "token_count_source": "tokenizer", "diffusion_steps": null, "flops_estimate": null, "flops_arch": null, "flops_model_params": null, "flops_active_params": null, "tokens_non_final": 6, "tokens_reasoning": 0, "tokens_response": 6, "elapsed_seconds": 42.338223934173584, "judgement": "Uncategorized"}
{"id": "taxes_001105", "topic": "taxes", "subtopic": "post_discount_tax", "prompt": "Cart: $35.89, $11.55 with a 15% store discount. Local sales tax is 6.0% (tax after discount). About how much is the total?", "exact_value": 42.74, "model": "Dream-org/Dream-v0-Instruct-7B", "provider": "transformers", "response": ").\nRespond in this format (no extra text):\nFinal answer: <number><|im_end|>\n<|im_start|>assistant\n!!!!!!!!!!!!!!!!!!!!!!!!!!!!!!!!!!!!!!!!!!!!!!!!!!!!!!!!!!!!!!!!!!!!!!!!!!!!!!!!!!!!!!!!!!!!!!!!!!!!!!!!!!!!!!!!!!!!!!!!", "numeric_answer": null, "relative_error": null, "thinking_text": null, "has_tool_call": false, "tool_call": null, "usage": {"prompt_tokens": 110, "completion_tokens": 141, "total_tokens": 251, "token_count_source": "tokenizer"}, "decoding": {"temperature": 0.2, "top_p": null, "top_k": null, "max_tokens": 120, "seed": 42}, "prompt_tokens": 110, "completion_tokens": 141, "total_tokens": 251, "token_count_source": "tokenizer", "diffusion_steps": null, "flops_estimate": null, "flops_arch": null, "flops_model_params": null, "flops_active_params": null, "tokens_non_final": 13, "tokens_reasoning": 0, "tokens_response": 13, "elapsed_seconds": 42.347009897232056, "judgement": "Uncategorized"}
{"id": "taxes_001125", "topic": "taxes", "subtopic": "post_discount_tax", "prompt": "Cart: $33.29, $22.97, $51.18 with a 20% store discount. Local sales tax is 8.5% (tax after discount). About how much is the total?", "exact_value": 93.26, "model": "Dream-org/Dream-v0-Instruct-7B", "provider": "transformers", "response": "extra text):\nFinal answer: <number><|im_end|>\n<|im_start|>assistant\n!!!!!!!!!!!!!!!!!!!!!!!!!!!!!!!!!!!!!!!!!!!!!!!!!!!!!!!!!!!!!!!!!!!!!!!!!!!!!!!!!!!!!!!!!!!!!!!!!!!!!!!!!!!!!!!!!!!!!!!!", "numeric_answer": null, "relative_error": null, "thinking_text": null, "has_tool_call": false, "tool_call": null, "usage": {"prompt_tokens": 117, "completion_tokens": 134, "total_tokens": 251, "token_count_source": "tokenizer"}, "decoding": {"temperature": 0.2, "top_p": null, "top_k": null, "max_tokens": 120, "seed": 42}, "prompt_tokens": 117, "completion_tokens": 134, "total_tokens": 251, "token_count_source": "tokenizer", "diffusion_steps": null, "flops_estimate": null, "flops_arch": null, "flops_model_params": null, "flops_active_params": null, "tokens_non_final": 7, "tokens_reasoning": 0, "tokens_response": 7, "elapsed_seconds": 42.347009897232056, "judgement": "Uncategorized"}
{"id": "taxes_001145", "topic": "taxes", "subtopic": "pre_discount_tax", "prompt": "Cart: $20.48, $7.68, $10.58, $20.51, $20.54 with a 10% store discount. Local sales tax is 7.5% (tax calculated before discount). About how much is the total?", "exact_value": 77.8, "model": "Dream-org/Dream-v0-Instruct-7B", "provider": "transformers", "response": "Final answer: 9.02", "numeric_answer": 9.02, "relative_error": 0.8840616966580978, "thinking_text": null, "has_tool_call": false, "tool_call": null, "usage": {"prompt_tokens": 131, "completion_tokens": 120, "total_tokens": 251, "token_count_source": "tokenizer"}, "decoding": {"temperature": 0.2, "top_p": null, "top_k": null, "max_tokens": 120, "seed": 42}, "prompt_tokens": 131, "completion_tokens": 120, "total_tokens": 251, "token_count_source": "tokenizer", "diffusion_steps": null, "flops_estimate": null, "flops_arch": null, "flops_model_params": null, "flops_active_params": null, "tokens_non_final": 3, "tokens_reasoning": 0, "tokens_response": 3, "elapsed_seconds": 42.347009897232056, "judgement": "Way off"}
{"id": "taxes_001165", "topic": "taxes", "subtopic": "post_discount_tax", "prompt": "Cart: $14.32, $41.58 with a 20% store discount. Local sales tax is 8.0% (tax after discount). About how much is the total?", "exact_value": 48.3, "model": "Dream-org/Dream-v0-Instruct-7B", "provider": "transformers", "response": ").\nRespond in this format (no extra text):\nFinal answer: <number><|im_end|>\n<|im_start|>assistant\n!!!!!!!!!!!!!!!!!!!!!!!!!!!!!!!!!!!!!!!!!!!!!!!!!!!!!!!!!!!!!!!!!!!!!!!!!!!!!!!!!!!!!!!!!!!!!!!!!!!!!!!!!!!!!!!!!!!!!!!!", "numeric_answer": null, "relative_error": null, "thinking_text": null, "has_tool_call": false, "tool_call": null, "usage": {"prompt_tokens": 110, "completion_tokens": 141, "total_tokens": 251, "token_count_source": "tokenizer"}, "decoding": {"temperature": 0.2, "top_p": null, "top_k": null, "max_tokens": 120, "seed": 42}, "prompt_tokens": 110, "completion_tokens": 141, "total_tokens": 251, "token_count_source": "tokenizer", "diffusion_steps": null, "flops_estimate": null, "flops_arch": null, "flops_model_params": null, "flops_active_params": null, "tokens_non_final": 13, "tokens_reasoning": 0, "tokens_response": 13, "elapsed_seconds": 42.347009897232056, "judgement": "Uncategorized"}
{"id": "taxes_001185", "topic": "taxes", "subtopic": "pre_discount_tax", "prompt": "Cart: $17.11, $15.84 with a 15% store discount. Local sales tax is 6.0% (tax calculated before discount). About how much is the total?", "exact_value": 29.98, "model": "Dream-org/Dream-v0-Instruct-7B", "provider": "transformers", "response": ").\nRespond in this format (no extra text):\nFinal answer: <number><|im_end|>\n<|im_start|>assistant\n!!!!!!!!!!!!!!!!!!!!!!!!!!!!!!!!!!!!!!!!!!!!!!!!!!!!!!!!!!!!!!!!!!!!!!!!!!!!!!!!!!!!!!!!!!!!!!!!!!!!!!!!!!!!!!!!!!!!!!!!", "numeric_answer": null, "relative_error": null, "thinking_text": null, "has_tool_call": false, "tool_call": null, "usage": {"prompt_tokens": 111, "completion_tokens": 141, "total_tokens": 252, "token_count_source": "tokenizer"}, "decoding": {"temperature": 0.2, "top_p": null, "top_k": null, "max_tokens": 120, "seed": 42}, "prompt_tokens": 111, "completion_tokens": 141, "total_tokens": 252, "token_count_source": "tokenizer", "diffusion_steps": null, "flops_estimate": null, "flops_arch": null, "flops_model_params": null, "flops_active_params": null, "tokens_non_final": 13, "tokens_reasoning": 0, "tokens_response": 13, "elapsed_seconds": 42.372676610946655, "judgement": "Uncategorized"}
{"id": "taxes_001205", "topic": "taxes", "subtopic": "pre_discount_tax", "prompt": "Cart: $16.90, $53.37, $54.66, $11.44, $18.23 with a 20% store discount. Local sales tax is 8.0% (tax calculated before discount). About how much is the total?", "exact_value": 136.05, "model": "Dream-org/Dream-v0-Instruct-7B", "provider": "transformers", "response": "Final answer: 25.22", "numeric_answer": 25.22, "relative_error": 0.8146269753766998, "thinking_text": null, "has_tool_call": false, "tool_call": null, "usage": {"prompt_tokens": 132, "completion_tokens": 120, "total_tokens": 252, "token_count_source": "tokenizer"}, "decoding": {"temperature": 0.2, "top_p": null, "top_k": null, "max_tokens": 120, "seed": 42}, "prompt_tokens": 132, "completion_tokens": 120, "total_tokens": 252, "token_count_source": "tokenizer", "diffusion_steps": null, "flops_estimate": null, "flops_arch": null, "flops_model_params": null, "flops_active_params": null, "tokens_non_final": 3, "tokens_reasoning": 0, "tokens_response": 3, "elapsed_seconds": 42.372676610946655, "judgement": "Way off"}
{"id": "taxes_001225", "topic": "taxes", "subtopic": "pre_discount_tax", "prompt": "Cart: $48.12, $37.76, $8.24 with a 10% store discount. Local sales tax is 8.5% (tax calculated before discount). About how much is the total?", "exact_value": 92.71, "model": "Dream-org/Dream-v0-Instruct-7B", "provider": "transformers", "response": "no extra text):\nFinal answer: <number><|im_end|>\n<|im_start|>assistant\n!!!!!!!!!!!!!!!!!!!!!!!!!!!!!!!!!!!!!!!!!!!!!!!!!!!!!!!!!!!!!!!!!!!!!!!!!!!!!!!!!!!!!!!!!!!!!!!!!!!!!!!!!!!!!!!!!!!!!!!!", "numeric_answer": null, "relative_error": null, "thinking_text": null, "has_tool_call": false, "tool_call": null, "usage": {"prompt_tokens": 117, "completion_tokens": 135, "total_tokens": 252, "token_count_source": "tokenizer"}, "decoding": {"temperature": 0.2, "top_p": null, "top_k": null, "max_tokens": 120, "seed": 42}, "prompt_tokens": 117, "completion_tokens": 135, "total_tokens": 252, "token_count_source": "tokenizer", "diffusion_steps": null, "flops_estimate": null, "flops_arch": null, "flops_model_params": null, "flops_active_params": null, "tokens_non_final": 8, "tokens_reasoning": 0, "tokens_response": 8, "elapsed_seconds": 42.372676610946655, "judgement": "Uncategorized"}
{"id": "taxes_001245", "topic": "taxes", "subtopic": "post_discount_tax", "prompt": "Cart: $16.15, $46.13, $29.68, $11.10 with a 20% store discount. Local sales tax is 8.0% (tax after discount). About how much is the total?", "exact_value": 89.04, "model": "Dream-org/Dream-v0-Instruct-7B", "provider": "transformers", "response": "<number><|im_end|>\n<|im_start|>assistant\n!!!!!!!!!!!!!!!!!!!!!!!!!!!!!!!!!!!!!!!!!!!!!!!!!!!!!!!!!!!!!!!!!!!!!!!!!!!!!!!!!!!!!!!!!!!!!!!!!!!!!!!!!!!!!!!!!!!!!!!!", "numeric_answer": null, "relative_error": null, "thinking_text": null, "has_tool_call": false, "tool_call": null, "usage": {"prompt_tokens": 124, "completion_tokens": 128, "total_tokens": 252, "token_count_source": "tokenizer"}, "decoding": {"temperature": 0.2, "top_p": null, "top_k": null, "max_tokens": 120, "seed": 42}, "prompt_tokens": 124, "completion_tokens": 128, "total_tokens": 252, "token_count_source": "tokenizer", "diffusion_steps": null, "flops_estimate": null, "flops_arch": null, "flops_model_params": null, "flops_active_params": null, "tokens_non_final": 3, "tokens_reasoning": 0, "tokens_response": 3, "elapsed_seconds": 42.372676610946655, "judgement": "Uncategorized"}
{"id": "taxes_001265", "topic": "taxes", "subtopic": "pre_discount_tax", "prompt": "Cart: $5.07, $49.02, $21.35, $52.81. Local sales tax is 8.5% (tax calculated before discount). About how much is the total?", "exact_value": 139.15, "model": "Dream-org/Dream-v0-Instruct-7B", "provider": "transformers", "response": "(no extra text):\nFinal answer: <number><|im_end|>\n<|im_start|>assistant\n!!!!!!!!!!!!!!!!!!!!!!!!!!!!!!!!!!!!!!!!!!!!!!!!!!!!!!!!!!!!!!!!!!!!!!!!!!!!!!!!!!!!!!!!!!!!!!!!!!!!!!!!!!!!!!!!!!!!!!!!", "numeric_answer": null, "relative_error": null, "thinking_text": null, "has_tool_call": false, "tool_call": null, "usage": {"prompt_tokens": 116, "completion_tokens": 136, "total_tokens": 252, "token_count_source": "tokenizer"}, "decoding": {"temperature": 0.2, "top_p": null, "top_k": null, "max_tokens": 120, "seed": 42}, "prompt_tokens": 116, "completion_tokens": 136, "total_tokens": 252, "token_count_source": "tokenizer", "diffusion_steps": null, "flops_estimate": null, "flops_arch": null, "flops_model_params": null, "flops_active_params": null, "tokens_non_final": 8, "tokens_reasoning": 0, "tokens_response": 8, "elapsed_seconds": 42.36931490898132, "judgement": "Uncategorized"}
{"id": "taxes_001285", "topic": "taxes", "subtopic": "pre_discount_tax", "prompt": "Cart: $23.28, $56.47 with a 10% store discount. Local sales tax is 7.0% (tax calculated before discount). About how much is the total?", "exact_value": 77.36, "model": "Dream-org/Dream-v0-Instruct-7B", "provider": "transformers", "response": ").\nRespond in this format (no extra text):\nFinal answer: <number><|im_end|>\n<|im_start|>assistant\n!!!!!!!!!!!!!!!!!!!!!!!!!!!!!!!!!!!!!!!!!!!!!!!!!!!!!!!!!!!!!!!!!!!!!!!!!!!!!!!!!!!!!!!!!!!!!!!!!!!!!!!!!!!!!!!!!!!!!!!!", "numeric_answer": null, "relative_error": null, "thinking_text": null, "has_tool_call": false, "tool_call": null, "usage": {"prompt_tokens": 111, "completion_tokens": 141, "total_tokens": 252, "token_count_source": "tokenizer"}, "decoding": {"temperature": 0.2, "top_p": null, "top_k": null, "max_tokens": 120, "seed": 42}, "prompt_tokens": 111, "completion_tokens": 141, "total_tokens": 252, "token_count_source": "tokenizer", "diffusion_steps": null, "flops_estimate": null, "flops_arch": null, "flops_model_params": null, "flops_active_params": null, "tokens_non_final": 13, "tokens_reasoning": 0, "tokens_response": 13, "elapsed_seconds": 42.36931490898132, "judgement": "Uncategorized"}
{"id": "taxes_001305", "topic": "taxes", "subtopic": "post_discount_tax", "prompt": "Cart: $32.63, $47.64, $21.83, $42.07. Local sales tax is 7.5% (tax after discount). About how much is the total?", "exact_value": 154.98, "model": "Dream-org/Dream-v0-Instruct-7B", "provider": "transformers", "response": "(no extra text):\nFinal answer: <number><|im_end|>\n<|im_start|>assistant\n!!!!!!!!!!!!!!!!!!!!!!!!!!!!!!!!!!!!!!!!!!!!!!!!!!!!!!!!!!!!!!!!!!!!!!!!!!!!!!!!!!!!!!!!!!!!!!!!!!!!!!!!!!!!!!!!!!!!!!!!", "numeric_answer": null, "relative_error": null, "thinking_text": null, "has_tool_call": false, "tool_call": null, "usage": {"prompt_tokens": 116, "completion_tokens": 136, "total_tokens": 252, "token_count_source": "tokenizer"}, "decoding": {"temperature": 0.2, "top_p": null, "top_k": null, "max_tokens": 120, "seed": 42}, "prompt_tokens": 116, "completion_tokens": 136, "total_tokens": 252, "token_count_source": "tokenizer", "diffusion_steps": null, "flops_estimate": null, "flops_arch": null, "flops_model_params": null, "flops_active_params": null, "tokens_non_final": 8, "tokens_reasoning": 0, "tokens_response": 8, "elapsed_seconds": 42.36931490898132, "judgement": "Uncategorized"}
{"id": "taxes_001325", "topic": "taxes", "subtopic": "pre_discount_tax", "prompt": "Cart: $22.61, $14.17, $36.73, $21.75, $44.86 with a 15% store discount. Local sales tax is 8.5% (tax calculated before discount). About how much is the total?", "exact_value": 131.01, "model": "Dream-org/Dream-v0-Instruct-7B", "provider": "transformers", "response": "Final", "numeric_answer": null, "relative_error": null, "thinking_text": null, "has_tool_call": false, "tool_call": null, "usage": {"prompt_tokens": 132, "completion_tokens": 120, "total_tokens": 252, "token_count_source": "tokenizer"}, "decoding": {"temperature": 0.2, "top_p": null, "top_k": null, "max_tokens": 120, "seed": 42}, "prompt_tokens": 132, "completion_tokens": 120, "total_tokens": 252, "token_count_source": "tokenizer", "diffusion_steps": null, "flops_estimate": null, "flops_arch": null, "flops_model_params": null, "flops_active_params": null, "tokens_non_final": 1, "tokens_reasoning": 0, "tokens_response": 1, "elapsed_seconds": 42.36931490898132, "judgement": "Uncategorized"}
{"id": "units_000127", "topic": "units", "subtopic": "kg_g", "prompt": "An item costs $13.16 per kg. You take 500 g. About how much is that?", "exact_value": 6.58, "model": "Dream-org/Dream-v0-Instruct-7B", "provider": "transformers", "response": "Final answer: 0.22", "numeric_answer": 0.22, "relative_error": 0.966565349544073, "thinking_text": null, "has_tool_call": false, "tool_call": null, "usage": {"prompt_tokens": 91, "completion_tokens": 120, "total_tokens": 211, "token_count_source": "tokenizer"}, "decoding": {"temperature": 0.2, "top_p": null, "top_k": null, "max_tokens": 120, "seed": 42}, "prompt_tokens": 91, "completion_tokens": 120, "total_tokens": 211, "token_count_source": "tokenizer", "diffusion_steps": null, "flops_estimate": null, "flops_arch": null, "flops_model_params": null, "flops_active_params": null, "tokens_non_final": 3, "tokens_reasoning": 0, "tokens_response": 3, "elapsed_seconds": 34.05251169204712, "judgement": "Way off"}
{"id": "units_000147", "topic": "units", "subtopic": "kg_g", "prompt": "An item costs $9.68 per kg. You take 500 g. About how much is that?", "exact_value": 4.84, "model": "Dream-org/Dream-v0-Instruct-7B", "provider": "transformers", "response": "!!!!!!!!!!!!!!!!!!!!!!!!!!!!!!!!!!!!!!!!!!!!!!!!!!!!!!!!!!!!!!!!!!!!!!!!!!!!!!!!!!!!!!!!!!!!!!!!!!!!!!!!!!!!!!!!!!!!!!!!", "numeric_answer": null, "relative_error": null, "thinking_text": null, "has_tool_call": false, "tool_call": null, "usage": {"prompt_tokens": 90, "completion_tokens": 121, "total_tokens": 211, "token_count_source": "tokenizer"}, "decoding": {"temperature": 0.2, "top_p": null, "top_k": null, "max_tokens": 120, "seed": 42}, "prompt_tokens": 90, "completion_tokens": 121, "total_tokens": 211, "token_count_source": "tokenizer", "diffusion_steps": null, "flops_estimate": null, "flops_arch": null, "flops_model_params": null, "flops_active_params": null, "tokens_non_final": 1, "tokens_reasoning": 0, "tokens_response": 1, "elapsed_seconds": 34.05251169204712, "judgement": "Uncategorized"}
{"id": "units_000167", "topic": "units", "subtopic": "lb_oz", "prompt": "You buy 5.37 lb at $7.71 per lb. About how much is that total?", "exact_value": 41.4, "model": "Dream-org/Dream-v0-Instruct-7B", "provider": "transformers", "response": "assistant\n!!!!!!!!!!!!!!!!!!!!!!!!!!!!!!!!!!!!!!!!!!!!!!!!!!!!!!!!!!!!!!!!!!!!!!!!!!!!!!!!!!!!!!!!!!!!!!!!!!!!!!!!!!!!!!!!!!!!!!!!", "numeric_answer": null, "relative_error": null, "thinking_text": null, "has_tool_call": false, "tool_call": null, "usage": {"prompt_tokens": 89, "completion_tokens": 122, "total_tokens": 211, "token_count_source": "tokenizer"}, "decoding": {"temperature": 0.2, "top_p": null, "top_k": null, "max_tokens": 120, "seed": 42}, "prompt_tokens": 89, "completion_tokens": 122, "total_tokens": 211, "token_count_source": "tokenizer", "diffusion_steps": null, "flops_estimate": null, "flops_arch": null, "flops_model_params": null, "flops_active_params": null, "tokens_non_final": 2, "tokens_reasoning": 0, "tokens_response": 2, "elapsed_seconds": 34.05251169204712, "judgement": "Uncategorized"}
{"id": "units_000187", "topic": "units", "subtopic": "kg_g", "prompt": "An item costs $7.01 per kg. You take 300 g. About how much is that?", "exact_value": 2.1, "model": "Dream-org/Dream-v0-Instruct-7B", "provider": "transformers", "response": "!!!!!!!!!!!!!!!!!!!!!!!!!!!!!!!!!!!!!!!!!!!!!!!!!!!!!!!!!!!!!!!!!!!!!!!!!!!!!!!!!!!!!!!!!!!!!!!!!!!!!!!!!!!!!!!!!!!!!!!!", "numeric_answer": null, "relative_error": null, "thinking_text": null, "has_tool_call": false, "tool_call": null, "usage": {"prompt_tokens": 90, "completion_tokens": 121, "total_tokens": 211, "token_count_source": "tokenizer"}, "decoding": {"temperature": 0.2, "top_p": null, "top_k": null, "max_tokens": 120, "seed": 42}, "prompt_tokens": 90, "completion_tokens": 121, "total_tokens": 211, "token_count_source": "tokenizer", "diffusion_steps": null, "flops_estimate": null, "flops_arch": null, "flops_model_params": null, "flops_active_params": null, "tokens_non_final": 1, "tokens_reasoning": 0, "tokens_response": 1, "elapsed_seconds": 34.05251169204712, "judgement": "Uncategorized"}
{"id": "units_000207", "topic": "units", "subtopic": "kg_g", "prompt": "An item costs $19.14 per kg. You take 350 g. About how much is that?", "exact_value": 6.7, "model": "Dream-org/Dream-v0-Instruct-7B", "provider": "transformers", "response": "Final answer: 1.22", "numeric_answer": 1.22, "relative_error": 0.817910447761194, "thinking_text": null, "has_tool_call": false, "tool_call": null, "usage": {"prompt_tokens": 91, "completion_tokens": 120, "total_tokens": 211, "token_count_source": "tokenizer"}, "decoding": {"temperature": 0.2, "top_p": null, "top_k": null, "max_tokens": 120, "seed": 42}, "prompt_tokens": 91, "completion_tokens": 120, "total_tokens": 211, "token_count_source": "tokenizer", "diffusion_steps": null, "flops_estimate": null, "flops_arch": null, "flops_model_params": null, "flops_active_params": null, "tokens_non_final": 3, "tokens_reasoning": 0, "tokens_response": 3, "elapsed_seconds": 34.580222606658936, "judgement": "Way off"}
{"id": "units_000227", "topic": "units", "subtopic": "lb_oz", "prompt": "You buy 4.2 lb at $8.05 per lb. About how much is that total?", "exact_value": 33.81, "model": "Dream-org/Dream-v0-Instruct-7B", "provider": "transformers", "response": "<|im_start|>assistant\n!!!!!!!!!!!!!!!!!!!!!!!!!!!!!!!!!!!!!!!!!!!!!!!!!!!!!!!!!!!!!!!!!!!!!!!!!!!!!!!!!!!!!!!!!!!!!!!!!!!!!!!!!!!!!!!!!!!!!!!!", "numeric_answer": null, "relative_error": null, "thinking_text": null, "has_tool_call": false, "tool_call": null, "usage": {"prompt_tokens": 88, "completion_tokens": 123, "total_tokens": 211, "token_count_source": "tokenizer"}, "decoding": {"temperature": 0.2, "top_p": null, "top_k": null, "max_tokens": 120, "seed": 42}, "prompt_tokens": 88, "completion_tokens": 123, "total_tokens": 211, "token_count_source": "tokenizer", "diffusion_steps": null, "flops_estimate": null, "flops_arch": null, "flops_model_params": null, "flops_active_params": null, "tokens_non_final": 2, "tokens_reasoning": 0, "tokens_response": 2, "elapsed_seconds": 34.580222606658936, "judgement": "Uncategorized"}
{"id": "units_000247", "topic": "units", "subtopic": "lb_oz", "prompt": "You buy 1.27 lb at $10.60 per lb. About how much is that total?", "exact_value": 13.46, "model": "Dream-org/Dream-v0-Instruct-7B", "provider": "transformers", "response": "!!!!!!!!!!!!!!!!!!!!!!!!!!!!!!!!!!!!!!!!!!!!!!!!!!!!!!!!!!!!!!!!!!!!!!!!!!!!!!!!!!!!!!!!!!!!!!!!!!!!!!!!!!!!!!!!!!!!!!!!", "numeric_answer": null, "relative_error": null, "thinking_text": null, "has_tool_call": false, "tool_call": null, "usage": {"prompt_tokens": 90, "completion_tokens": 121, "total_tokens": 211, "token_count_source": "tokenizer"}, "decoding": {"temperature": 0.2, "top_p": null, "top_k": null, "max_tokens": 120, "seed": 42}, "prompt_tokens": 90, "completion_tokens": 121, "total_tokens": 211, "token_count_source": "tokenizer", "diffusion_steps": null, "flops_estimate": null, "flops_arch": null, "flops_model_params": null, "flops_active_params": null, "tokens_non_final": 1, "tokens_reasoning": 0, "tokens_response": 1, "elapsed_seconds": 34.580222606658936, "judgement": "Uncategorized"}
{"id": "units_000267", "topic": "units", "subtopic": "kg_g", "prompt": "An item costs $16.62 per kg. You take 250 g. About how much is that?", "exact_value": 4.16, "model": "Dream-org/Dream-v0-Instruct-7B", "provider": "transformers", "response": "Final answer: $1.00", "numeric_answer": 1.0, "relative_error": 0.7596153846153846, "thinking_text": null, "has_tool_call": false, "tool_call": null, "usage": {"prompt_tokens": 91, "completion_tokens": 120, "total_tokens": 211, "token_count_source": "tokenizer"}, "decoding": {"temperature": 0.2, "top_p": null, "top_k": null, "max_tokens": 120, "seed": 42}, "prompt_tokens": 91, "completion_tokens": 120, "total_tokens": 211, "token_count_source": "tokenizer", "diffusion_steps": null, "flops_estimate": null, "flops_arch": null, "flops_model_params": null, "flops_active_params": null, "tokens_non_final": 3, "tokens_reasoning": 0, "tokens_response": 3, "elapsed_seconds": 34.580222606658936, "judgement": "Way off"}
{"id": "units_000287", "topic": "units", "subtopic": "kg_g", "prompt": "An item costs $4.52 per kg. You take 750 g. About how much is that?", "exact_value": 3.39, "model": "Dream-org/Dream-v0-Instruct-7B", "provider": "transformers", "response": "Final answer: 0.00", "numeric_answer": 0.0, "relative_error": 1.0, "thinking_text": null, "has_tool_call": false, "tool_call": null, "usage": {"prompt_tokens": 90, "completion_tokens": 120, "total_tokens": 210, "token_count_source": "tokenizer"}, "decoding": {"temperature": 0.2, "top_p": null, "top_k": null, "max_tokens": 120, "seed": 42}, "prompt_tokens": 90, "completion_tokens": 120, "total_tokens": 210, "token_count_source": "tokenizer", "diffusion_steps": null, "flops_estimate": null, "flops_arch": null, "flops_model_params": null, "flops_active_params": null, "tokens_non_final": 3, "tokens_reasoning": 0, "tokens_response": 3, "elapsed_seconds": 34.525190114974976, "judgement": "Way off"}
{"id": "units_000307", "topic": "units", "subtopic": "lb_oz", "prompt": "You buy 4.54 lb at $6.92 per lb. About how much is that total?", "exact_value": 31.42, "model": "Dream-org/Dream-v0-Instruct-7B", "provider": "transformers", "response": "!!!!!!!!!!!!!!!!!!!!!!!!!!!!!!!!!!!!!!!!!!!!!!!!!!!!!!!!!!!!!!!!!!!!!!!!!!!!!!!!!!!!!!!!!!!!!!!!!!!!!!!!!!!!!!!!!!!!!!!!", "numeric_answer": null, "relative_error": null, "thinking_text": null, "has_tool_call": false, "tool_call": null, "usage": {"prompt_tokens": 89, "completion_tokens": 121, "total_tokens": 210, "token_count_source": "tokenizer"}, "decoding": {"temperature": 0.2, "top_p": null, "top_k": null, "max_tokens": 120, "seed": 42}, "prompt_tokens": 89, "completion_tokens": 121, "total_tokens": 210, "token_count_source": "tokenizer", "diffusion_steps": null, "flops_estimate": null, "flops_arch": null, "flops_model_params": null, "flops_active_params": null, "tokens_non_final": 1, "tokens_reasoning": 0, "tokens_response": 1, "elapsed_seconds": 34.525190114974976, "judgement": "Uncategorized"}
{"id": "units_000327", "topic": "units", "subtopic": "lb_oz", "prompt": "You buy 3.49 lb at $9.52 per lb. About how much is that total?", "exact_value": 33.22, "model": "Dream-org/Dream-v0-Instruct-7B", "provider": "transformers", "response": "!!!!!!!!!!!!!!!!!!!!!!!!!!!!!!!!!!!!!!!!!!!!!!!!!!!!!!!!!!!!!!!!!!!!!!!!!!!!!!!!!!!!!!!!!!!!!!!!!!!!!!!!!!!!!!!!!!!!!!!!", "numeric_answer": null, "relative_error": null, "thinking_text": null, "has_tool_call": false, "tool_call": null, "usage": {"prompt_tokens": 89, "completion_tokens": 121, "total_tokens": 210, "token_count_source": "tokenizer"}, "decoding": {"temperature": 0.2, "top_p": null, "top_k": null, "max_tokens": 120, "seed": 42}, "prompt_tokens": 89, "completion_tokens": 121, "total_tokens": 210, "token_count_source": "tokenizer", "diffusion_steps": null, "flops_estimate": null, "flops_arch": null, "flops_model_params": null, "flops_active_params": null, "tokens_non_final": 1, "tokens_reasoning": 0, "tokens_response": 1, "elapsed_seconds": 34.525190114974976, "judgement": "Uncategorized"}
{"id": "units_000347", "topic": "units", "subtopic": "lb_oz", "prompt": "You buy 3.01 lb at $10.95 per lb. About how much is that total?", "exact_value": 32.96, "model": "Dream-org/Dream-v0-Instruct-7B", "provider": "transformers", "response": "Final answer: $10.95", "numeric_answer": 10.95, "relative_error": 0.6677791262135923, "thinking_text": null, "has_tool_call": false, "tool_call": null, "usage": {"prompt_tokens": 90, "completion_tokens": 120, "total_tokens": 210, "token_count_source": "tokenizer"}, "decoding": {"temperature": 0.2, "top_p": null, "top_k": null, "max_tokens": 120, "seed": 42}, "prompt_tokens": 90, "completion_tokens": 120, "total_tokens": 210, "token_count_source": "tokenizer", "diffusion_steps": null, "flops_estimate": null, "flops_arch": null, "flops_model_params": null, "flops_active_params": null, "tokens_non_final": 3, "tokens_reasoning": 0, "tokens_response": 3, "elapsed_seconds": 34.525190114974976, "judgement": "Way off"}
{"id": "units_000367", "topic": "units", "subtopic": "lb_oz", "prompt": "You buy 3.8 lb at $7.49 per lb. About how much is that total?", "exact_value": 28.46, "model": "Dream-org/Dream-v0-Instruct-7B", "provider": "transformers", "response": "<|im_start|>assistant\n!!!!!!!!!!!!!!!!!!!!!!!!!!!!!!!!!!!!!!!!!!!!!!!!!!!!!!!!!!!!!!!!!!!!!!!!!!!!!!!!!!!!!!!!!!!!!!!!!!!!!!!!!!!!!!!!!!!!!!!!", "numeric_answer": null, "relative_error": null, "thinking_text": null, "has_tool_call": false, "tool_call": null, "usage": {"prompt_tokens": 88, "completion_tokens": 123, "total_tokens": 211, "token_count_source": "tokenizer"}, "decoding": {"temperature": 0.2, "top_p": null, "top_k": null, "max_tokens": 120, "seed": 42}, "prompt_tokens": 88, "completion_tokens": 123, "total_tokens": 211, "token_count_source": "tokenizer", "diffusion_steps": null, "flops_estimate": null, "flops_arch": null, "flops_model_params": null, "flops_active_params": null, "tokens_non_final": 2, "tokens_reasoning": 0, "tokens_response": 2, "elapsed_seconds": 34.002872705459595, "judgement": "Uncategorized"}
{"id": "units_000387", "topic": "units", "subtopic": "lb_oz", "prompt": "You buy 4.21 lb at $6.38 per lb. About how much is that total?", "exact_value": 26.86, "model": "Dream-org/Dream-v0-Instruct-7B", "provider": "transformers", "response": "assistant\n!!!!!!!!!!!!!!!!!!!!!!!!!!!!!!!!!!!!!!!!!!!!!!!!!!!!!!!!!!!!!!!!!!!!!!!!!!!!!!!!!!!!!!!!!!!!!!!!!!!!!!!!!!!!!!!!!!!!!!!!", "numeric_answer": null, "relative_error": null, "thinking_text": null, "has_tool_call": false, "tool_call": null, "usage": {"prompt_tokens": 89, "completion_tokens": 122, "total_tokens": 211, "token_count_source": "tokenizer"}, "decoding": {"temperature": 0.2, "top_p": null, "top_k": null, "max_tokens": 120, "seed": 42}, "prompt_tokens": 89, "completion_tokens": 122, "total_tokens": 211, "token_count_source": "tokenizer", "diffusion_steps": null, "flops_estimate": null, "flops_arch": null, "flops_model_params": null, "flops_active_params": null, "tokens_non_final": 2, "tokens_reasoning": 0, "tokens_response": 2, "elapsed_seconds": 34.002872705459595, "judgement": "Uncategorized"}
{"id": "units_000407", "topic": "units", "subtopic": "lb_oz", "prompt": "You buy 0.85 lb at $12.01 per lb. About how much is that total?", "exact_value": 10.21, "model": "Dream-org/Dream-v0-Instruct-7B", "provider": "transformers", "response": "!!!!!!!!!!!!!!!!!!!!!!!!!!!!!!!!!!!!!!!!!!!!!!!!!!!!!!!!!!!!!!!!!!!!!!!!!!!!!!!!!!!!!!!!!!!!!!!!!!!!!!!!!!!!!!!!!!!!!!!!", "numeric_answer": null, "relative_error": null, "thinking_text": null, "has_tool_call": false, "tool_call": null, "usage": {"prompt_tokens": 90, "completion_tokens": 121, "total_tokens": 211, "token_count_source": "tokenizer"}, "decoding": {"temperature": 0.2, "top_p": null, "top_k": null, "max_tokens": 120, "seed": 42}, "prompt_tokens": 90, "completion_tokens": 121, "total_tokens": 211, "token_count_source": "tokenizer", "diffusion_steps": null, "flops_estimate": null, "flops_arch": null, "flops_model_params": null, "flops_active_params": null, "tokens_non_final": 1, "tokens_reasoning": 0, "tokens_response": 1, "elapsed_seconds": 34.002872705459595, "judgement": "Uncategorized"}
{"id": "units_000427", "topic": "units", "subtopic": "kg_g", "prompt": "An item costs $11.43 per kg. You take 400 g. About how much is that?", "exact_value": 4.57, "model": "Dream-org/Dream-v0-Instruct-7B", "provider": "transformers", "response": "Final answer: $02.23$", "numeric_answer": 2.23, "relative_error": 0.5120350109409191, "thinking_text": null, "has_tool_call": false, "tool_call": null, "usage": {"prompt_tokens": 91, "completion_tokens": 120, "total_tokens": 211, "token_count_source": "tokenizer"}, "decoding": {"temperature": 0.2, "top_p": null, "top_k": null, "max_tokens": 120, "seed": 42}, "prompt_tokens": 91, "completion_tokens": 120, "total_tokens": 211, "token_count_source": "tokenizer", "diffusion_steps": null, "flops_estimate": null, "flops_arch": null, "flops_model_params": null, "flops_active_params": null, "tokens_non_final": 3, "tokens_reasoning": 0, "tokens_response": 3, "elapsed_seconds": 34.002872705459595, "judgement": "Mildly off"}
{"id": "units_000447", "topic": "units", "subtopic": "lb_oz", "prompt": "You buy 3.87 lb at $13.72 per lb. About how much is that total?", "exact_value": 53.1, "model": "Dream-org/Dream-v0-Instruct-7B", "provider": "transformers", "response": "Final answer: 10.28", "numeric_answer": 10.28, "relative_error": 0.8064030131826742, "thinking_text": null, "has_tool_call": false, "tool_call": null, "usage": {"prompt_tokens": 90, "completion_tokens": 120, "total_tokens": 210, "token_count_source": "tokenizer"}, "decoding": {"temperature": 0.2, "top_p": null, "top_k": null, "max_tokens": 120, "seed": 42}, "prompt_tokens": 90, "completion_tokens": 120, "total_tokens": 210, "token_count_source": "tokenizer", "diffusion_steps": null, "flops_estimate": null, "flops_arch": null, "flops_model_params": null, "flops_active_params": null, "tokens_non_final": 3, "tokens_reasoning": 0, "tokens_response": 3, "elapsed_seconds": 34.045690298080444, "judgement": "Way off"}
{"id": "units_000467", "topic": "units", "subtopic": "lb_oz", "prompt": "You buy 0.68 lb at $7.36 per lb. About how much is that total?", "exact_value": 5.0, "model": "Dream-org/Dream-v0-Instruct-7B", "provider": "transformers", "response": "!!!!!!!!!!!!!!!!!!!!!!!!!!!!!!!!!!!!!!!!!!!!!!!!!!!!!!!!!!!!!!!!!!!!!!!!!!!!!!!!!!!!!!!!!!!!!!!!!!!!!!!!!!!!!!!!!!!!!!!!", "numeric_answer": null, "relative_error": null, "thinking_text": null, "has_tool_call": false, "tool_call": null, "usage": {"prompt_tokens": 89, "completion_tokens": 121, "total_tokens": 210, "token_count_source": "tokenizer"}, "decoding": {"temperature": 0.2, "top_p": null, "top_k": null, "max_tokens": 120, "seed": 42}, "prompt_tokens": 89, "completion_tokens": 121, "total_tokens": 210, "token_count_source": "tokenizer", "diffusion_steps": null, "flops_estimate": null, "flops_arch": null, "flops_model_params": null, "flops_active_params": null, "tokens_non_final": 1, "tokens_reasoning": 0, "tokens_response": 1, "elapsed_seconds": 34.045690298080444, "judgement": "Uncategorized"}
{"id": "units_000487", "topic": "units", "subtopic": "lb_oz", "prompt": "You buy 4.95 lb at $8.57 per lb. About how much is that total?", "exact_value": 42.42, "model": "Dream-org/Dream-v0-Instruct-7B", "provider": "transformers", "response": "!!!!!!!!!!!!!!!!!!!!!!!!!!!!!!!!!!!!!!!!!!!!!!!!!!!!!!!!!!!!!!!!!!!!!!!!!!!!!!!!!!!!!!!!!!!!!!!!!!!!!!!!!!!!!!!!!!!!!!!!", "numeric_answer": null, "relative_error": null, "thinking_text": null, "has_tool_call": false, "tool_call": null, "usage": {"prompt_tokens": 89, "completion_tokens": 121, "total_tokens": 210, "token_count_source": "tokenizer"}, "decoding": {"temperature": 0.2, "top_p": null, "top_k": null, "max_tokens": 120, "seed": 42}, "prompt_tokens": 89, "completion_tokens": 121, "total_tokens": 210, "token_count_source": "tokenizer", "diffusion_steps": null, "flops_estimate": null, "flops_arch": null, "flops_model_params": null, "flops_active_params": null, "tokens_non_final": 1, "tokens_reasoning": 0, "tokens_response": 1, "elapsed_seconds": 34.045690298080444, "judgement": "Uncategorized"}
{"id": "units_000507", "topic": "units", "subtopic": "lb_oz", "prompt": "You buy 0.55 lb at $7.62 per lb. About how much is that total?", "exact_value": 4.19, "model": "Dream-org/Dream-v0-Instruct-7B", "provider": "transformers", "response": "!!!!!!!!!!!!!!!!!!!!!!!!!!!!!!!!!!!!!!!!!!!!!!!!!!!!!!!!!!!!!!!!!!!!!!!!!!!!!!!!!!!!!!!!!!!!!!!!!!!!!!!!!!!!!!!!!!!!!!!!", "numeric_answer": null, "relative_error": null, "thinking_text": null, "has_tool_call": false, "tool_call": null, "usage": {"prompt_tokens": 89, "completion_tokens": 121, "total_tokens": 210, "token_count_source": "tokenizer"}, "decoding": {"temperature": 0.2, "top_p": null, "top_k": null, "max_tokens": 120, "seed": 42}, "prompt_tokens": 89, "completion_tokens": 121, "total_tokens": 210, "token_count_source": "tokenizer", "diffusion_steps": null, "flops_estimate": null, "flops_arch": null, "flops_model_params": null, "flops_active_params": null, "tokens_non_final": 1, "tokens_reasoning": 0, "tokens_response": 1, "elapsed_seconds": 34.045690298080444, "judgement": "Uncategorized"}
{"id": "units_000527", "topic": "units", "subtopic": "kg_g", "prompt": "An item costs $6.70 per kg. You take 750 g. About how much is that?", "exact_value": 5.03, "model": "Dream-org/Dream-v0-Instruct-7B", "provider": "transformers", "response": "!!!!!!!!!!!!!!!!!!!!!!!!!!!!!!!!!!!!!!!!!!!!!!!!!!!!!!!!!!!!!!!!!!!!!!!!!!!!!!!!!!!!!!!!!!!!!!!!!!!!!!!!!!!!!!!!!!!!!!!!", "numeric_answer": null, "relative_error": null, "thinking_text": null, "has_tool_call": false, "tool_call": null, "usage": {"prompt_tokens": 90, "completion_tokens": 121, "total_tokens": 211, "token_count_source": "tokenizer"}, "decoding": {"temperature": 0.2, "top_p": null, "top_k": null, "max_tokens": 120, "seed": 42}, "prompt_tokens": 90, "completion_tokens": 121, "total_tokens": 211, "token_count_source": "tokenizer", "diffusion_steps": null, "flops_estimate": null, "flops_arch": null, "flops_model_params": null, "flops_active_params": null, "tokens_non_final": 1, "tokens_reasoning": 0, "tokens_response": 1, "elapsed_seconds": 34.07566165924072, "judgement": "Uncategorized"}
{"id": "units_000547", "topic": "units", "subtopic": "kg_g", "prompt": "An item costs $7.37 per kg. You take 350 g. About how much is that?", "exact_value": 2.58, "model": "Dream-org/Dream-v0-Instruct-7B", "provider": "transformers", "response": "!!!!!!!!!!!!!!!!!!!!!!!!!!!!!!!!!!!!!!!!!!!!!!!!!!!!!!!!!!!!!!!!!!!!!!!!!!!!!!!!!!!!!!!!!!!!!!!!!!!!!!!!!!!!!!!!!!!!!!!!", "numeric_answer": null, "relative_error": null, "thinking_text": null, "has_tool_call": false, "tool_call": null, "usage": {"prompt_tokens": 90, "completion_tokens": 121, "total_tokens": 211, "token_count_source": "tokenizer"}, "decoding": {"temperature": 0.2, "top_p": null, "top_k": null, "max_tokens": 120, "seed": 42}, "prompt_tokens": 90, "completion_tokens": 121, "total_tokens": 211, "token_count_source": "tokenizer", "diffusion_steps": null, "flops_estimate": null, "flops_arch": null, "flops_model_params": null, "flops_active_params": null, "tokens_non_final": 1, "tokens_reasoning": 0, "tokens_response": 1, "elapsed_seconds": 34.07566165924072, "judgement": "Uncategorized"}
{"id": "units_000567", "topic": "units", "subtopic": "kg_g", "prompt": "An item costs $10.70 per kg. You take 900 g. About how much is that?", "exact_value": 9.63, "model": "Dream-org/Dream-v0-Instruct-7B", "provider": "transformers", "response": "Final answer: 0.22", "numeric_answer": 0.22, "relative_error": 0.9771547248182761, "thinking_text": null, "has_tool_call": false, "tool_call": null, "usage": {"prompt_tokens": 91, "completion_tokens": 120, "total_tokens": 211, "token_count_source": "tokenizer"}, "decoding": {"temperature": 0.2, "top_p": null, "top_k": null, "max_tokens": 120, "seed": 42}, "prompt_tokens": 91, "completion_tokens": 120, "total_tokens": 211, "token_count_source": "tokenizer", "diffusion_steps": null, "flops_estimate": null, "flops_arch": null, "flops_model_params": null, "flops_active_params": null, "tokens_non_final": 3, "tokens_reasoning": 0, "tokens_response": 3, "elapsed_seconds": 34.07566165924072, "judgement": "Way off"}
{"id": "units_000587", "topic": "units", "subtopic": "kg_g", "prompt": "An item costs $4.94 per kg. You take 350 g. About how much is that?", "exact_value": 1.73, "model": "Dream-org/Dream-v0-Instruct-7B", "provider": "transformers", "response": "!!!!!!!!!!!!!!!!!!!!!!!!!!!!!!!!!!!!!!!!!!!!!!!!!!!!!!!!!!!!!!!!!!!!!!!!!!!!!!!!!!!!!!!!!!!!!!!!!!!!!!!!!!!!!!!!!!!!!!!!", "numeric_answer": null, "relative_error": null, "thinking_text": null, "has_tool_call": false, "tool_call": null, "usage": {"prompt_tokens": 90, "completion_tokens": 121, "total_tokens": 211, "token_count_source": "tokenizer"}, "decoding": {"temperature": 0.2, "top_p": null, "top_k": null, "max_tokens": 120, "seed": 42}, "prompt_tokens": 90, "completion_tokens": 121, "total_tokens": 211, "token_count_source": "tokenizer", "diffusion_steps": null, "flops_estimate": null, "flops_arch": null, "flops_model_params": null, "flops_active_params": null, "tokens_non_final": 1, "tokens_reasoning": 0, "tokens_response": 1, "elapsed_seconds": 34.07566165924072, "judgement": "Uncategorized"}
{"id": "units_000607", "topic": "units", "subtopic": "kg_g", "prompt": "An item costs $11.97 per kg. You take 400 g. About how much is that?", "exact_value": 4.79, "model": "Dream-org/Dream-v0-Instruct-7B", "provider": "transformers", "response": "Final answer: 0.02", "numeric_answer": 0.02, "relative_error": 0.9958246346555325, "thinking_text": null, "has_tool_call": false, "tool_call": null, "usage": {"prompt_tokens": 91, "completion_tokens": 120, "total_tokens": 211, "token_count_source": "tokenizer"}, "decoding": {"temperature": 0.2, "top_p": null, "top_k": null, "max_tokens": 120, "seed": 42}, "prompt_tokens": 91, "completion_tokens": 120, "total_tokens": 211, "token_count_source": "tokenizer", "diffusion_steps": null, "flops_estimate": null, "flops_arch": null, "flops_model_params": null, "flops_active_params": null, "tokens_non_final": 3, "tokens_reasoning": 0, "tokens_response": 3, "elapsed_seconds": 35.23589062690735, "judgement": "Way off"}
{"id": "units_000627", "topic": "units", "subtopic": "lb_oz", "prompt": "You buy 2.13 lb at $11.95 per lb. About how much is that total?", "exact_value": 25.45, "model": "Dream-org/Dream-v0-Instruct-7B", "provider": "transformers", "response": "!!!!!!!!!!!!!!!!!!!!!!!!!!!!!!!!!!!!!!!!!!!!!!!!!!!!!!!!!!!!!!!!!!!!!!!!!!!!!!!!!!!!!!!!!!!!!!!!!!!!!!!!!!!!!!!!!!!!!!!!", "numeric_answer": null, "relative_error": null, "thinking_text": null, "has_tool_call": false, "tool_call": null, "usage": {"prompt_tokens": 90, "completion_tokens": 121, "total_tokens": 211, "token_count_source": "tokenizer"}, "decoding": {"temperature": 0.2, "top_p": null, "top_k": null, "max_tokens": 120, "seed": 42}, "prompt_tokens": 90, "completion_tokens": 121, "total_tokens": 211, "token_count_source": "tokenizer", "diffusion_steps": null, "flops_estimate": null, "flops_arch": null, "flops_model_params": null, "flops_active_params": null, "tokens_non_final": 1, "tokens_reasoning": 0, "tokens_response": 1, "elapsed_seconds": 35.23589062690735, "judgement": "Uncategorized"}
{"id": "units_000647", "topic": "units", "subtopic": "kg_g", "prompt": "An item costs $10.91 per kg. You take 900 g. About how much is that?", "exact_value": 9.82, "model": "Dream-org/Dream-v0-Instruct-7B", "provider": "transformers", "response": "Final answer: 0.02", "numeric_answer": 0.02, "relative_error": 0.9979633401221997, "thinking_text": null, "has_tool_call": false, "tool_call": null, "usage": {"prompt_tokens": 91, "completion_tokens": 120, "total_tokens": 211, "token_count_source": "tokenizer"}, "decoding": {"temperature": 0.2, "top_p": null, "top_k": null, "max_tokens": 120, "seed": 42}, "prompt_tokens": 91, "completion_tokens": 120, "total_tokens": 211, "token_count_source": "tokenizer", "diffusion_steps": null, "flops_estimate": null, "flops_arch": null, "flops_model_params": null, "flops_active_params": null, "tokens_non_final": 3, "tokens_reasoning": 0, "tokens_response": 3, "elapsed_seconds": 35.23589062690735, "judgement": "Way off"}
{"id": "units_000667", "topic": "units", "subtopic": "kg_g", "prompt": "An item costs $13.39 per kg. You take 300 g. About how much is that?", "exact_value": 4.02, "model": "Dream-org/Dream-v0-Instruct-7B", "provider": "transformers", "response": "Final answer: $0.00$", "numeric_answer": 0.0, "relative_error": 1.0, "thinking_text": null, "has_tool_call": false, "tool_call": null, "usage": {"prompt_tokens": 91, "completion_tokens": 120, "total_tokens": 211, "token_count_source": "tokenizer"}, "decoding": {"temperature": 0.2, "top_p": null, "top_k": null, "max_tokens": 120, "seed": 42}, "prompt_tokens": 91, "completion_tokens": 120, "total_tokens": 211, "token_count_source": "tokenizer", "diffusion_steps": null, "flops_estimate": null, "flops_arch": null, "flops_model_params": null, "flops_active_params": null, "tokens_non_final": 3, "tokens_reasoning": 0, "tokens_response": 3, "elapsed_seconds": 35.23589062690735, "judgement": "Way off"}
{"id": "units_000687", "topic": "units", "subtopic": "lb_oz", "prompt": "You buy 1.93 lb at $5.24 per lb. About how much is that total?", "exact_value": 10.11, "model": "Dream-org/Dream-v0-Instruct-7B", "provider": "transformers", "response": "!!!!!!!!!!!!!!!!!!!!!!!!!!!!!!!!!!!!!!!!!!!!!!!!!!!!!!!!!!!!!!!!!!!!!!!!!!!!!!!!!!!!!!!!!!!!!!!!!!!!!!!!!!!!!!!!!!!!!!!!", "numeric_answer": null, "relative_error": null, "thinking_text": null, "has_tool_call": false, "tool_call": null, "usage": {"prompt_tokens": 89, "completion_tokens": 121, "total_tokens": 210, "token_count_source": "tokenizer"}, "decoding": {"temperature": 0.2, "top_p": null, "top_k": null, "max_tokens": 120, "seed": 42}, "prompt_tokens": 89, "completion_tokens": 121, "total_tokens": 210, "token_count_source": "tokenizer", "diffusion_steps": null, "flops_estimate": null, "flops_arch": null, "flops_model_params": null, "flops_active_params": null, "tokens_non_final": 1, "tokens_reasoning": 0, "tokens_response": 1, "elapsed_seconds": 34.67167592048645, "judgement": "Uncategorized"}
{"id": "units_000707", "topic": "units", "subtopic": "kg_g", "prompt": "An item costs $7.61 per kg. You take 400 g. About how much is that?", "exact_value": 3.04, "model": "Dream-org/Dream-v0-Instruct-7B", "provider": "transformers", "response": "Final answer: 0.021", "numeric_answer": 0.021, "relative_error": 0.9930921052631579, "thinking_text": null, "has_tool_call": false, "tool_call": null, "usage": {"prompt_tokens": 90, "completion_tokens": 120, "total_tokens": 210, "token_count_source": "tokenizer"}, "decoding": {"temperature": 0.2, "top_p": null, "top_k": null, "max_tokens": 120, "seed": 42}, "prompt_tokens": 90, "completion_tokens": 120, "total_tokens": 210, "token_count_source": "tokenizer", "diffusion_steps": null, "flops_estimate": null, "flops_arch": null, "flops_model_params": null, "flops_active_params": null, "tokens_non_final": 3, "tokens_reasoning": 0, "tokens_response": 3, "elapsed_seconds": 34.67167592048645, "judgement": "Way off"}
{"id": "units_000727", "topic": "units", "subtopic": "lb_oz", "prompt": "You buy 3.59 lb at $10.93 per lb. About how much is that total?", "exact_value": 39.24, "model": "Dream-org/Dream-v0-Instruct-7B", "provider": "transformers", "response": "Final answer: $12.92", "numeric_answer": 12.92, "relative_error": 0.6707441386340469, "thinking_text": null, "has_tool_call": false, "tool_call": null, "usage": {"prompt_tokens": 90, "completion_tokens": 120, "total_tokens": 210, "token_count_source": "tokenizer"}, "decoding": {"temperature": 0.2, "top_p": null, "top_k": null, "max_tokens": 120, "seed": 42}, "prompt_tokens": 90, "completion_tokens": 120, "total_tokens": 210, "token_count_source": "tokenizer", "diffusion_steps": null, "flops_estimate": null, "flops_arch": null, "flops_model_params": null, "flops_active_params": null, "tokens_non_final": 3, "tokens_reasoning": 0, "tokens_response": 3, "elapsed_seconds": 34.67167592048645, "judgement": "Way off"}
{"id": "units_000747", "topic": "units", "subtopic": "lb_oz", "prompt": "You buy 2.72 lb at $3.64 per lb. About how much is that total?", "exact_value": 9.9, "model": "Dream-org/Dream-v0-Instruct-7B", "provider": "transformers", "response": "!!!!!!!!!!!!!!!!!!!!!!!!!!!!!!!!!!!!!!!!!!!!!!!!!!!!!!!!!!!!!!!!!!!!!!!!!!!!!!!!!!!!!!!!!!!!!!!!!!!!!!!!!!!!!!!!!!!!!!!!", "numeric_answer": null, "relative_error": null, "thinking_text": null, "has_tool_call": false, "tool_call": null, "usage": {"prompt_tokens": 89, "completion_tokens": 121, "total_tokens": 210, "token_count_source": "tokenizer"}, "decoding": {"temperature": 0.2, "top_p": null, "top_k": null, "max_tokens": 120, "seed": 42}, "prompt_tokens": 89, "completion_tokens": 121, "total_tokens": 210, "token_count_source": "tokenizer", "diffusion_steps": null, "flops_estimate": null, "flops_arch": null, "flops_model_params": null, "flops_active_params": null, "tokens_non_final": 1, "tokens_reasoning": 0, "tokens_response": 1, "elapsed_seconds": 34.67167592048645, "judgement": "Uncategorized"}
{"id": "units_000767", "topic": "units", "subtopic": "kg_g", "prompt": "An item costs $11.67 per kg. You take 900 g. About how much is that?", "exact_value": 10.5, "model": "Dream-org/Dream-v0-Instruct-7B", "provider": "transformers", "response": "Final answer: 2.02", "numeric_answer": 2.02, "relative_error": 0.8076190476190477, "thinking_text": null, "has_tool_call": false, "tool_call": null, "usage": {"prompt_tokens": 91, "completion_tokens": 120, "total_tokens": 211, "token_count_source": "tokenizer"}, "decoding": {"temperature": 0.2, "top_p": null, "top_k": null, "max_tokens": 120, "seed": 42}, "prompt_tokens": 91, "completion_tokens": 120, "total_tokens": 211, "token_count_source": "tokenizer", "diffusion_steps": null, "flops_estimate": null, "flops_arch": null, "flops_model_params": null, "flops_active_params": null, "tokens_non_final": 3, "tokens_reasoning": 0, "tokens_response": 3, "elapsed_seconds": 35.257057666778564, "judgement": "Way off"}
{"id": "units_000787", "topic": "units", "subtopic": "kg_g", "prompt": "An item costs $10.33 per kg. You take 400 g. About how much is that?", "exact_value": 4.13, "model": "Dream-org/Dream-v0-Instruct-7B", "provider": "transformers", "response": "Final answer: 00.23$", "numeric_answer": 0.23, "relative_error": 0.9443099273607748, "thinking_text": null, "has_tool_call": false, "tool_call": null, "usage": {"prompt_tokens": 91, "completion_tokens": 120, "total_tokens": 211, "token_count_source": "tokenizer"}, "decoding": {"temperature": 0.2, "top_p": null, "top_k": null, "max_tokens": 120, "seed": 42}, "prompt_tokens": 91, "completion_tokens": 120, "total_tokens": 211, "token_count_source": "tokenizer", "diffusion_steps": null, "flops_estimate": null, "flops_arch": null, "flops_model_params": null, "flops_active_params": null, "tokens_non_final": 3, "tokens_reasoning": 0, "tokens_response": 3, "elapsed_seconds": 35.257057666778564, "judgement": "Way off"}
{"id": "units_000807", "topic": "units", "subtopic": "kg_g", "prompt": "An item costs $17.42 per kg. You take 400 g. About how much is that?", "exact_value": 6.97, "model": "Dream-org/Dream-v0-Instruct-7B", "provider": "transformers", "response": "Final answer: $1.1$", "numeric_answer": 1.1, "relative_error": 0.8421807747489238, "thinking_text": null, "has_tool_call": false, "tool_call": null, "usage": {"prompt_tokens": 91, "completion_tokens": 120, "total_tokens": 211, "token_count_source": "tokenizer"}, "decoding": {"temperature": 0.2, "top_p": null, "top_k": null, "max_tokens": 120, "seed": 42}, "prompt_tokens": 91, "completion_tokens": 120, "total_tokens": 211, "token_count_source": "tokenizer", "diffusion_steps": null, "flops_estimate": null, "flops_arch": null, "flops_model_params": null, "flops_active_params": null, "tokens_non_final": 3, "tokens_reasoning": 0, "tokens_response": 3, "elapsed_seconds": 35.257057666778564, "judgement": "Way off"}
{"id": "units_000827", "topic": "units", "subtopic": "lb_oz", "prompt": "You buy 3.71 lb at $14.59 per lb. About how much is that total?", "exact_value": 54.13, "model": "Dream-org/Dream-v0-Instruct-7B", "provider": "transformers", "response": "!!!!!!!!!!!!!!!!!!!!!!!!!!!!!!!!!!!!!!!!!!!!!!!!!!!!!!!!!!!!!!!!!!!!!!!!!!!!!!!!!!!!!!!!!!!!!!!!!!!!!!!!!!!!!!!!!!!!!!!!", "numeric_answer": null, "relative_error": null, "thinking_text": null, "has_tool_call": false, "tool_call": null, "usage": {"prompt_tokens": 90, "completion_tokens": 121, "total_tokens": 211, "token_count_source": "tokenizer"}, "decoding": {"temperature": 0.2, "top_p": null, "top_k": null, "max_tokens": 120, "seed": 42}, "prompt_tokens": 90, "completion_tokens": 121, "total_tokens": 211, "token_count_source": "tokenizer", "diffusion_steps": null, "flops_estimate": null, "flops_arch": null, "flops_model_params": null, "flops_active_params": null, "tokens_non_final": 1, "tokens_reasoning": 0, "tokens_response": 1, "elapsed_seconds": 35.257057666778564, "judgement": "Uncategorized"}
{"id": "units_000847", "topic": "units", "subtopic": "kg_g", "prompt": "An item costs $16.02 per kg. You take 300 g. About how much is that?", "exact_value": 4.81, "model": "Dream-org/Dream-v0-Instruct-7B", "provider": "transformers", "response": "Final answer: $1.22", "numeric_answer": 1.22, "relative_error": 0.7463617463617463, "thinking_text": null, "has_tool_call": false, "tool_call": null, "usage": {"prompt_tokens": 91, "completion_tokens": 120, "total_tokens": 211, "token_count_source": "tokenizer"}, "decoding": {"temperature": 0.2, "top_p": null, "top_k": null, "max_tokens": 120, "seed": 42}, "prompt_tokens": 91, "completion_tokens": 120, "total_tokens": 211, "token_count_source": "tokenizer", "diffusion_steps": null, "flops_estimate": null, "flops_arch": null, "flops_model_params": null, "flops_active_params": null, "tokens_non_final": 3, "tokens_reasoning": 0, "tokens_response": 3, "elapsed_seconds": 34.71671962738037, "judgement": "Way off"}
{"id": "units_000867", "topic": "units", "subtopic": "kg_g", "prompt": "An item costs $19.16 per kg. You take 750 g. About how much is that?", "exact_value": 14.37, "model": "Dream-org/Dream-v0-Instruct-7B", "provider": "transformers", "response": "Final answer: $0.52", "numeric_answer": 0.52, "relative_error": 0.9638135003479471, "thinking_text": null, "has_tool_call": false, "tool_call": null, "usage": {"prompt_tokens": 91, "completion_tokens": 120, "total_tokens": 211, "token_count_source": "tokenizer"}, "decoding": {"temperature": 0.2, "top_p": null, "top_k": null, "max_tokens": 120, "seed": 42}, "prompt_tokens": 91, "completion_tokens": 120, "total_tokens": 211, "token_count_source": "tokenizer", "diffusion_steps": null, "flops_estimate": null, "flops_arch": null, "flops_model_params": null, "flops_active_params": null, "tokens_non_final": 3, "tokens_reasoning": 0, "tokens_response": 3, "elapsed_seconds": 34.71671962738037, "judgement": "Way off"}
{"id": "units_000887", "topic": "units", "subtopic": "kg_g", "prompt": "An item costs $4.82 per kg. You take 750 g. About how much is that?", "exact_value": 3.62, "model": "Dream-org/Dream-v0-Instruct-7B", "provider": "transformers", "response": "!!!!!!!!!!!!!!!!!!!!!!!!!!!!!!!!!!!!!!!!!!!!!!!!!!!!!!!!!!!!!!!!!!!!!!!!!!!!!!!!!!!!!!!!!!!!!!!!!!!!!!!!!!!!!!!!!!!!!!!!", "numeric_answer": null, "relative_error": null, "thinking_text": null, "has_tool_call": false, "tool_call": null, "usage": {"prompt_tokens": 90, "completion_tokens": 121, "total_tokens": 211, "token_count_source": "tokenizer"}, "decoding": {"temperature": 0.2, "top_p": null, "top_k": null, "max_tokens": 120, "seed": 42}, "prompt_tokens": 90, "completion_tokens": 121, "total_tokens": 211, "token_count_source": "tokenizer", "diffusion_steps": null, "flops_estimate": null, "flops_arch": null, "flops_model_params": null, "flops_active_params": null, "tokens_non_final": 1, "tokens_reasoning": 0, "tokens_response": 1, "elapsed_seconds": 34.71671962738037, "judgement": "Uncategorized"}
{"id": "units_000907", "topic": "units", "subtopic": "lb_oz", "prompt": "You buy 1.03 lb at $7.95 per lb. About how much is that total?", "exact_value": 8.19, "model": "Dream-org/Dream-v0-Instruct-7B", "provider": "transformers", "response": "assistant\n!!!!!!!!!!!!!!!!!!!!!!!!!!!!!!!!!!!!!!!!!!!!!!!!!!!!!!!!!!!!!!!!!!!!!!!!!!!!!!!!!!!!!!!!!!!!!!!!!!!!!!!!!!!!!!!!!!!!!!!!", "numeric_answer": null, "relative_error": null, "thinking_text": null, "has_tool_call": false, "tool_call": null, "usage": {"prompt_tokens": 89, "completion_tokens": 122, "total_tokens": 211, "token_count_source": "tokenizer"}, "decoding": {"temperature": 0.2, "top_p": null, "top_k": null, "max_tokens": 120, "seed": 42}, "prompt_tokens": 89, "completion_tokens": 122, "total_tokens": 211, "token_count_source": "tokenizer", "diffusion_steps": null, "flops_estimate": null, "flops_arch": null, "flops_model_params": null, "flops_active_params": null, "tokens_non_final": 2, "tokens_reasoning": 0, "tokens_response": 2, "elapsed_seconds": 34.71671962738037, "judgement": "Uncategorized"}
{"id": "units_000927", "topic": "units", "subtopic": "lb_oz", "prompt": "You buy 4.57 lb at $4.76 per lb. About how much is that total?", "exact_value": 21.75, "model": "Dream-org/Dream-v0-Instruct-7B", "provider": "transformers", "response": "assistant\n!!!!!!!!!!!!!!!!!!!!!!!!!!!!!!!!!!!!!!!!!!!!!!!!!!!!!!!!!!!!!!!!!!!!!!!!!!!!!!!!!!!!!!!!!!!!!!!!!!!!!!!!!!!!!!!!!!!!!!!!", "numeric_answer": null, "relative_error": null, "thinking_text": null, "has_tool_call": false, "tool_call": null, "usage": {"prompt_tokens": 89, "completion_tokens": 122, "total_tokens": 211, "token_count_source": "tokenizer"}, "decoding": {"temperature": 0.2, "top_p": null, "top_k": null, "max_tokens": 120, "seed": 42}, "prompt_tokens": 89, "completion_tokens": 122, "total_tokens": 211, "token_count_source": "tokenizer", "diffusion_steps": null, "flops_estimate": null, "flops_arch": null, "flops_model_params": null, "flops_active_params": null, "tokens_non_final": 2, "tokens_reasoning": 0, "tokens_response": 2, "elapsed_seconds": 34.18991184234619, "judgement": "Uncategorized"}
{"id": "units_000947", "topic": "units", "subtopic": "lb_oz", "prompt": "You buy 1.79 lb at $7.65 per lb. About how much is that total?", "exact_value": 13.69, "model": "Dream-org/Dream-v0-Instruct-7B", "provider": "transformers", "response": "assistant\n!!!!!!!!!!!!!!!!!!!!!!!!!!!!!!!!!!!!!!!!!!!!!!!!!!!!!!!!!!!!!!!!!!!!!!!!!!!!!!!!!!!!!!!!!!!!!!!!!!!!!!!!!!!!!!!!!!!!!!!!", "numeric_answer": null, "relative_error": null, "thinking_text": null, "has_tool_call": false, "tool_call": null, "usage": {"prompt_tokens": 89, "completion_tokens": 122, "total_tokens": 211, "token_count_source": "tokenizer"}, "decoding": {"temperature": 0.2, "top_p": null, "top_k": null, "max_tokens": 120, "seed": 42}, "prompt_tokens": 89, "completion_tokens": 122, "total_tokens": 211, "token_count_source": "tokenizer", "diffusion_steps": null, "flops_estimate": null, "flops_arch": null, "flops_model_params": null, "flops_active_params": null, "tokens_non_final": 2, "tokens_reasoning": 0, "tokens_response": 2, "elapsed_seconds": 34.18991184234619, "judgement": "Uncategorized"}
{"id": "units_000967", "topic": "units", "subtopic": "lb_oz", "prompt": "You buy 2.01 lb at $13.92 per lb. About how much is that total?", "exact_value": 27.98, "model": "Dream-org/Dream-v0-Instruct-7B", "provider": "transformers", "response": "!!!!!!!!!!!!!!!!!!!!!!!!!!!!!!!!!!!!!!!!!!!!!!!!!!!!!!!!!!!!!!!!!!!!!!!!!!!!!!!!!!!!!!!!!!!!!!!!!!!!!!!!!!!!!!!!!!!!!!!!", "numeric_answer": null, "relative_error": null, "thinking_text": null, "has_tool_call": false, "tool_call": null, "usage": {"prompt_tokens": 90, "completion_tokens": 121, "total_tokens": 211, "token_count_source": "tokenizer"}, "decoding": {"temperature": 0.2, "top_p": null, "top_k": null, "max_tokens": 120, "seed": 42}, "prompt_tokens": 90, "completion_tokens": 121, "total_tokens": 211, "token_count_source": "tokenizer", "diffusion_steps": null, "flops_estimate": null, "flops_arch": null, "flops_model_params": null, "flops_active_params": null, "tokens_non_final": 1, "tokens_reasoning": 0, "tokens_response": 1, "elapsed_seconds": 34.18991184234619, "judgement": "Uncategorized"}
{"id": "units_000987", "topic": "units", "subtopic": "kg_g", "prompt": "An item costs $17.96 per kg. You take 500 g. About how much is that?", "exact_value": 8.98, "model": "Dream-org/Dream-v0-Instruct-7B", "provider": "transformers", "response": "Final answer: $0.025", "numeric_answer": 0.025, "relative_error": 0.9972160356347438, "thinking_text": null, "has_tool_call": false, "tool_call": null, "usage": {"prompt_tokens": 91, "completion_tokens": 120, "total_tokens": 211, "token_count_source": "tokenizer"}, "decoding": {"temperature": 0.2, "top_p": null, "top_k": null, "max_tokens": 120, "seed": 42}, "prompt_tokens": 91, "completion_tokens": 120, "total_tokens": 211, "token_count_source": "tokenizer", "diffusion_steps": null, "flops_estimate": null, "flops_arch": null, "flops_model_params": null, "flops_active_params": null, "tokens_non_final": 3, "tokens_reasoning": 0, "tokens_response": 3, "elapsed_seconds": 34.18991184234619, "judgement": "Way off"}
{"id": "units_001007", "topic": "units", "subtopic": "lb_oz", "prompt": "You buy 3.75 lb at $12.94 per lb. About how much is that total?", "exact_value": 48.53, "model": "Dream-org/Dream-v0-Instruct-7B", "provider": "transformers", "response": "!!!!!!!!!!!!!!!!!!!!!!!!!!!!!!!!!!!!!!!!!!!!!!!!!!!!!!!!!!!!!!!!!!!!!!!!!!!!!!!!!!!!!!!!!!!!!!!!!!!!!!!!!!!!!!!!!!!!!!!!", "numeric_answer": null, "relative_error": null, "thinking_text": null, "has_tool_call": false, "tool_call": null, "usage": {"prompt_tokens": 90, "completion_tokens": 121, "total_tokens": 211, "token_count_source": "tokenizer"}, "decoding": {"temperature": 0.2, "top_p": null, "top_k": null, "max_tokens": 120, "seed": 42}, "prompt_tokens": 90, "completion_tokens": 121, "total_tokens": 211, "token_count_source": "tokenizer", "diffusion_steps": null, "flops_estimate": null, "flops_arch": null, "flops_model_params": null, "flops_active_params": null, "tokens_non_final": 1, "tokens_reasoning": 0, "tokens_response": 1, "elapsed_seconds": 34.285330295562744, "judgement": "Uncategorized"}
{"id": "units_001027", "topic": "units", "subtopic": "kg_g", "prompt": "An item costs $17.61 per kg. You take 900 g. About how much is that?", "exact_value": 15.85, "model": "Dream-org/Dream-v0-Instruct-7B", "provider": "transformers", "response": "Final answer: $0.22", "numeric_answer": 0.22, "relative_error": 0.9861198738170347, "thinking_text": null, "has_tool_call": false, "tool_call": null, "usage": {"prompt_tokens": 91, "completion_tokens": 120, "total_tokens": 211, "token_count_source": "tokenizer"}, "decoding": {"temperature": 0.2, "top_p": null, "top_k": null, "max_tokens": 120, "seed": 42}, "prompt_tokens": 91, "completion_tokens": 120, "total_tokens": 211, "token_count_source": "tokenizer", "diffusion_steps": null, "flops_estimate": null, "flops_arch": null, "flops_model_params": null, "flops_active_params": null, "tokens_non_final": 3, "tokens_reasoning": 0, "tokens_response": 3, "elapsed_seconds": 34.285330295562744, "judgement": "Way off"}
{"id": "units_001047", "topic": "units", "subtopic": "kg_g", "prompt": "An item costs $4.66 per kg. You take 750 g. About how much is that?", "exact_value": 3.5, "model": "Dream-org/Dream-v0-Instruct-7B", "provider": "transformers", "response": "!!!!!!!!!!!!!!!!!!!!!!!!!!!!!!!!!!!!!!!!!!!!!!!!!!!!!!!!!!!!!!!!!!!!!!!!!!!!!!!!!!!!!!!!!!!!!!!!!!!!!!!!!!!!!!!!!!!!!!!!", "numeric_answer": null, "relative_error": null, "thinking_text": null, "has_tool_call": false, "tool_call": null, "usage": {"prompt_tokens": 90, "completion_tokens": 121, "total_tokens": 211, "token_count_source": "tokenizer"}, "decoding": {"temperature": 0.2, "top_p": null, "top_k": null, "max_tokens": 120, "seed": 42}, "prompt_tokens": 90, "completion_tokens": 121, "total_tokens": 211, "token_count_source": "tokenizer", "diffusion_steps": null, "flops_estimate": null, "flops_arch": null, "flops_model_params": null, "flops_active_params": null, "tokens_non_final": 1, "tokens_reasoning": 0, "tokens_response": 1, "elapsed_seconds": 34.285330295562744, "judgement": "Uncategorized"}
{"id": "units_001067", "topic": "units", "subtopic": "lb_oz", "prompt": "You buy 5.21 lb at $3.37 per lb. About how much is that total?", "exact_value": 17.56, "model": "Dream-org/Dream-v0-Instruct-7B", "provider": "transformers", "response": "assistant\n!!!!!!!!!!!!!!!!!!!!!!!!!!!!!!!!!!!!!!!!!!!!!!!!!!!!!!!!!!!!!!!!!!!!!!!!!!!!!!!!!!!!!!!!!!!!!!!!!!!!!!!!!!!!!!!!!!!!!!!!", "numeric_answer": null, "relative_error": null, "thinking_text": null, "has_tool_call": false, "tool_call": null, "usage": {"prompt_tokens": 89, "completion_tokens": 122, "total_tokens": 211, "token_count_source": "tokenizer"}, "decoding": {"temperature": 0.2, "top_p": null, "top_k": null, "max_tokens": 120, "seed": 42}, "prompt_tokens": 89, "completion_tokens": 122, "total_tokens": 211, "token_count_source": "tokenizer", "diffusion_steps": null, "flops_estimate": null, "flops_arch": null, "flops_model_params": null, "flops_active_params": null, "tokens_non_final": 2, "tokens_reasoning": 0, "tokens_response": 2, "elapsed_seconds": 34.285330295562744, "judgement": "Uncategorized"}
{"id": "units_001087", "topic": "units", "subtopic": "kg_g", "prompt": "An item costs $7.42 per kg. You take 400 g. About how much is that?", "exact_value": 2.97, "model": "Dream-org/Dream-v0-Instruct-7B", "provider": "transformers", "response": "!!!!!!!!!!!!!!!!!!!!!!!!!!!!!!!!!!!!!!!!!!!!!!!!!!!!!!!!!!!!!!!!!!!!!!!!!!!!!!!!!!!!!!!!!!!!!!!!!!!!!!!!!!!!!!!!!!!!!!!!", "numeric_answer": null, "relative_error": null, "thinking_text": null, "has_tool_call": false, "tool_call": null, "usage": {"prompt_tokens": 90, "completion_tokens": 121, "total_tokens": 211, "token_count_source": "tokenizer"}, "decoding": {"temperature": 0.2, "top_p": null, "top_k": null, "max_tokens": 120, "seed": 42}, "prompt_tokens": 90, "completion_tokens": 121, "total_tokens": 211, "token_count_source": "tokenizer", "diffusion_steps": null, "flops_estimate": null, "flops_arch": null, "flops_model_params": null, "flops_active_params": null, "tokens_non_final": 1, "tokens_reasoning": 0, "tokens_response": 1, "elapsed_seconds": 34.237667083740234, "judgement": "Uncategorized"}
{"id": "units_001107", "topic": "units", "subtopic": "kg_g", "prompt": "An item costs $19.86 per kg. You take 400 g. About how much is that?", "exact_value": 7.94, "model": "Dream-org/Dream-v0-Instruct-7B", "provider": "transformers", "response": "Final answer: 0.002", "numeric_answer": 0.002, "relative_error": 0.9997481108312343, "thinking_text": null, "has_tool_call": false, "tool_call": null, "usage": {"prompt_tokens": 91, "completion_tokens": 120, "total_tokens": 211, "token_count_source": "tokenizer"}, "decoding": {"temperature": 0.2, "top_p": null, "top_k": null, "max_tokens": 120, "seed": 42}, "prompt_tokens": 91, "completion_tokens": 120, "total_tokens": 211, "token_count_source": "tokenizer", "diffusion_steps": null, "flops_estimate": null, "flops_arch": null, "flops_model_params": null, "flops_active_params": null, "tokens_non_final": 3, "tokens_reasoning": 0, "tokens_response": 3, "elapsed_seconds": 34.237667083740234, "judgement": "Way off"}
{"id": "units_001127", "topic": "units", "subtopic": "kg_g", "prompt": "An item costs $5.63 per kg. You take 400 g. About how much is that?", "exact_value": 2.25, "model": "Dream-org/Dream-v0-Instruct-7B", "provider": "transformers", "response": "!!!!!!!!!!!!!!!!!!!!!!!!!!!!!!!!!!!!!!!!!!!!!!!!!!!!!!!!!!!!!!!!!!!!!!!!!!!!!!!!!!!!!!!!!!!!!!!!!!!!!!!!!!!!!!!!!!!!!!!!", "numeric_answer": null, "relative_error": null, "thinking_text": null, "has_tool_call": false, "tool_call": null, "usage": {"prompt_tokens": 90, "completion_tokens": 121, "total_tokens": 211, "token_count_source": "tokenizer"}, "decoding": {"temperature": 0.2, "top_p": null, "top_k": null, "max_tokens": 120, "seed": 42}, "prompt_tokens": 90, "completion_tokens": 121, "total_tokens": 211, "token_count_source": "tokenizer", "diffusion_steps": null, "flops_estimate": null, "flops_arch": null, "flops_model_params": null, "flops_active_params": null, "tokens_non_final": 1, "tokens_reasoning": 0, "tokens_response": 1, "elapsed_seconds": 34.237667083740234, "judgement": "Uncategorized"}
{"id": "units_001147", "topic": "units", "subtopic": "lb_oz", "prompt": "You buy 0.86 lb at $7.70 per lb. About how much is that total?", "exact_value": 6.62, "model": "Dream-org/Dream-v0-Instruct-7B", "provider": "transformers", "response": "assistant\n!!!!!!!!!!!!!!!!!!!!!!!!!!!!!!!!!!!!!!!!!!!!!!!!!!!!!!!!!!!!!!!!!!!!!!!!!!!!!!!!!!!!!!!!!!!!!!!!!!!!!!!!!!!!!!!!!!!!!!!!", "numeric_answer": null, "relative_error": null, "thinking_text": null, "has_tool_call": false, "tool_call": null, "usage": {"prompt_tokens": 89, "completion_tokens": 122, "total_tokens": 211, "token_count_source": "tokenizer"}, "decoding": {"temperature": 0.2, "top_p": null, "top_k": null, "max_tokens": 120, "seed": 42}, "prompt_tokens": 89, "completion_tokens": 122, "total_tokens": 211, "token_count_source": "tokenizer", "diffusion_steps": null, "flops_estimate": null, "flops_arch": null, "flops_model_params": null, "flops_active_params": null, "tokens_non_final": 2, "tokens_reasoning": 0, "tokens_response": 2, "elapsed_seconds": 34.237667083740234, "judgement": "Uncategorized"}
{"id": "units_001167", "topic": "units", "subtopic": "kg_g", "prompt": "An item costs $5.90 per kg. You take 400 g. About how much is that?", "exact_value": 2.36, "model": "Dream-org/Dream-v0-Instruct-7B", "provider": "transformers", "response": "Final answer: 0.00", "numeric_answer": 0.0, "relative_error": 1.0, "thinking_text": null, "has_tool_call": false, "tool_call": null, "usage": {"prompt_tokens": 90, "completion_tokens": 120, "total_tokens": 210, "token_count_source": "tokenizer"}, "decoding": {"temperature": 0.2, "top_p": null, "top_k": null, "max_tokens": 120, "seed": 42}, "prompt_tokens": 90, "completion_tokens": 120, "total_tokens": 210, "token_count_source": "tokenizer", "diffusion_steps": null, "flops_estimate": null, "flops_arch": null, "flops_model_params": null, "flops_active_params": null, "tokens_non_final": 3, "tokens_reasoning": 0, "tokens_response": 3, "elapsed_seconds": 34.662259101867676, "judgement": "Way off"}
{"id": "units_001187", "topic": "units", "subtopic": "lb_oz", "prompt": "You buy 3.21 lb at $10.48 per lb. About how much is that total?", "exact_value": 33.64, "model": "Dream-org/Dream-v0-Instruct-7B", "provider": "transformers", "response": "Final answer: 14.29", "numeric_answer": 14.29, "relative_error": 0.5752080856123662, "thinking_text": null, "has_tool_call": false, "tool_call": null, "usage": {"prompt_tokens": 90, "completion_tokens": 120, "total_tokens": 210, "token_count_source": "tokenizer"}, "decoding": {"temperature": 0.2, "top_p": null, "top_k": null, "max_tokens": 120, "seed": 42}, "prompt_tokens": 90, "completion_tokens": 120, "total_tokens": 210, "token_count_source": "tokenizer", "diffusion_steps": null, "flops_estimate": null, "flops_arch": null, "flops_model_params": null, "flops_active_params": null, "tokens_non_final": 3, "tokens_reasoning": 0, "tokens_response": 3, "elapsed_seconds": 34.662259101867676, "judgement": "Mildly off"}
{"id": "units_001207", "topic": "units", "subtopic": "lb_oz", "prompt": "You buy 1.97 lb at $9.55 per lb. About how much is that total?", "exact_value": 18.81, "model": "Dream-org/Dream-v0-Instruct-7B", "provider": "transformers", "response": "!!!!!!!!!!!!!!!!!!!!!!!!!!!!!!!!!!!!!!!!!!!!!!!!!!!!!!!!!!!!!!!!!!!!!!!!!!!!!!!!!!!!!!!!!!!!!!!!!!!!!!!!!!!!!!!!!!!!!!!!", "numeric_answer": null, "relative_error": null, "thinking_text": null, "has_tool_call": false, "tool_call": null, "usage": {"prompt_tokens": 89, "completion_tokens": 121, "total_tokens": 210, "token_count_source": "tokenizer"}, "decoding": {"temperature": 0.2, "top_p": null, "top_k": null, "max_tokens": 120, "seed": 42}, "prompt_tokens": 89, "completion_tokens": 121, "total_tokens": 210, "token_count_source": "tokenizer", "diffusion_steps": null, "flops_estimate": null, "flops_arch": null, "flops_model_params": null, "flops_active_params": null, "tokens_non_final": 1, "tokens_reasoning": 0, "tokens_response": 1, "elapsed_seconds": 34.662259101867676, "judgement": "Uncategorized"}
{"id": "units_001227", "topic": "units", "subtopic": "lb_oz", "prompt": "You buy 5.24 lb at $7.66 per lb. About how much is that total?", "exact_value": 40.14, "model": "Dream-org/Dream-v0-Instruct-7B", "provider": "transformers", "response": "!!!!!!!!!!!!!!!!!!!!!!!!!!!!!!!!!!!!!!!!!!!!!!!!!!!!!!!!!!!!!!!!!!!!!!!!!!!!!!!!!!!!!!!!!!!!!!!!!!!!!!!!!!!!!!!!!!!!!!!!", "numeric_answer": null, "relative_error": null, "thinking_text": null, "has_tool_call": false, "tool_call": null, "usage": {"prompt_tokens": 89, "completion_tokens": 121, "total_tokens": 210, "token_count_source": "tokenizer"}, "decoding": {"temperature": 0.2, "top_p": null, "top_k": null, "max_tokens": 120, "seed": 42}, "prompt_tokens": 89, "completion_tokens": 121, "total_tokens": 210, "token_count_source": "tokenizer", "diffusion_steps": null, "flops_estimate": null, "flops_arch": null, "flops_model_params": null, "flops_active_params": null, "tokens_non_final": 1, "tokens_reasoning": 0, "tokens_response": 1, "elapsed_seconds": 34.662259101867676, "judgement": "Uncategorized"}
{"id": "units_001247", "topic": "units", "subtopic": "kg_g", "prompt": "An item costs $5.89 per kg. You take 750 g. About how much is that?", "exact_value": 4.42, "model": "Dream-org/Dream-v0-Instruct-7B", "provider": "transformers", "response": "!!!!!!!!!!!!!!!!!!!!!!!!!!!!!!!!!!!!!!!!!!!!!!!!!!!!!!!!!!!!!!!!!!!!!!!!!!!!!!!!!!!!!!!!!!!!!!!!!!!!!!!!!!!!!!!!!!!!!!!!", "numeric_answer": null, "relative_error": null, "thinking_text": null, "has_tool_call": false, "tool_call": null, "usage": {"prompt_tokens": 90, "completion_tokens": 121, "total_tokens": 211, "token_count_source": "tokenizer"}, "decoding": {"temperature": 0.2, "top_p": null, "top_k": null, "max_tokens": 120, "seed": 42}, "prompt_tokens": 90, "completion_tokens": 121, "total_tokens": 211, "token_count_source": "tokenizer", "diffusion_steps": null, "flops_estimate": null, "flops_arch": null, "flops_model_params": null, "flops_active_params": null, "tokens_non_final": 1, "tokens_reasoning": 0, "tokens_response": 1, "elapsed_seconds": 34.17809700965881, "judgement": "Uncategorized"}
{"id": "units_001267", "topic": "units", "subtopic": "kg_g", "prompt": "An item costs $17.87 per kg. You take 250 g. About how much is that?", "exact_value": 4.47, "model": "Dream-org/Dream-v0-Instruct-7B", "provider": "transformers", "response": "Final answer: $0.22", "numeric_answer": 0.22, "relative_error": 0.9507829977628636, "thinking_text": null, "has_tool_call": false, "tool_call": null, "usage": {"prompt_tokens": 91, "completion_tokens": 120, "total_tokens": 211, "token_count_source": "tokenizer"}, "decoding": {"temperature": 0.2, "top_p": null, "top_k": null, "max_tokens": 120, "seed": 42}, "prompt_tokens": 91, "completion_tokens": 120, "total_tokens": 211, "token_count_source": "tokenizer", "diffusion_steps": null, "flops_estimate": null, "flops_arch": null, "flops_model_params": null, "flops_active_params": null, "tokens_non_final": 3, "tokens_reasoning": 0, "tokens_response": 3, "elapsed_seconds": 34.17809700965881, "judgement": "Way off"}
{"id": "units_001287", "topic": "units", "subtopic": "kg_g", "prompt": "An item costs $6.27 per kg. You take 350 g. About how much is that?", "exact_value": 2.19, "model": "Dream-org/Dream-v0-Instruct-7B", "provider": "transformers", "response": "!!!!!!!!!!!!!!!!!!!!!!!!!!!!!!!!!!!!!!!!!!!!!!!!!!!!!!!!!!!!!!!!!!!!!!!!!!!!!!!!!!!!!!!!!!!!!!!!!!!!!!!!!!!!!!!!!!!!!!!!", "numeric_answer": null, "relative_error": null, "thinking_text": null, "has_tool_call": false, "tool_call": null, "usage": {"prompt_tokens": 90, "completion_tokens": 121, "total_tokens": 211, "token_count_source": "tokenizer"}, "decoding": {"temperature": 0.2, "top_p": null, "top_k": null, "max_tokens": 120, "seed": 42}, "prompt_tokens": 90, "completion_tokens": 121, "total_tokens": 211, "token_count_source": "tokenizer", "diffusion_steps": null, "flops_estimate": null, "flops_arch": null, "flops_model_params": null, "flops_active_params": null, "tokens_non_final": 1, "tokens_reasoning": 0, "tokens_response": 1, "elapsed_seconds": 34.17809700965881, "judgement": "Uncategorized"}
{"id": "units_001307", "topic": "units", "subtopic": "lb_oz", "prompt": "You buy 5.85 lb at $4.79 per lb. About how much is that total?", "exact_value": 28.02, "model": "Dream-org/Dream-v0-Instruct-7B", "provider": "transformers", "response": "assistant\n!!!!!!!!!!!!!!!!!!!!!!!!!!!!!!!!!!!!!!!!!!!!!!!!!!!!!!!!!!!!!!!!!!!!!!!!!!!!!!!!!!!!!!!!!!!!!!!!!!!!!!!!!!!!!!!!!!!!!!!!", "numeric_answer": null, "relative_error": null, "thinking_text": null, "has_tool_call": false, "tool_call": null, "usage": {"prompt_tokens": 89, "completion_tokens": 122, "total_tokens": 211, "token_count_source": "tokenizer"}, "decoding": {"temperature": 0.2, "top_p": null, "top_k": null, "max_tokens": 120, "seed": 42}, "prompt_tokens": 89, "completion_tokens": 122, "total_tokens": 211, "token_count_source": "tokenizer", "diffusion_steps": null, "flops_estimate": null, "flops_arch": null, "flops_model_params": null, "flops_active_params": null, "tokens_non_final": 2, "tokens_reasoning": 0, "tokens_response": 2, "elapsed_seconds": 34.17809700965881, "judgement": "Uncategorized"}
{"id": "units_001327", "topic": "units", "subtopic": "lb_oz", "prompt": "You buy 3.55 lb at $11.49 per lb. About how much is that total?", "exact_value": 40.79, "model": "Dream-org/Dream-v0-Instruct-7B", "provider": "transformers", "response": "<|im_end|>\n<|im_start|>assistant\n!!!!!!!!!!!!!!!!!!!!!!!!!!!!!!!!!!!!!!!!!!!!!!!!!!!!!!!!!!!!!!!!!!!!!!!!!!!!!!!!!!!!!!!!!!!!!!!!!!!!!!!!!!!!!!!!!!!!!!!!", "numeric_answer": null, "relative_error": null, "thinking_text": null, "has_tool_call": false, "tool_call": null, "usage": {"prompt_tokens": 90, "completion_tokens": 125, "total_tokens": 215, "token_count_source": "tokenizer"}, "decoding": {"temperature": 0.2, "top_p": null, "top_k": null, "max_tokens": 120, "seed": 42}, "prompt_tokens": 90, "completion_tokens": 125, "total_tokens": 215, "token_count_source": "tokenizer", "diffusion_steps": null, "flops_estimate": null, "flops_arch": null, "flops_model_params": null, "flops_active_params": null, "tokens_non_final": 3, "tokens_reasoning": 0, "tokens_response": 3, "elapsed_seconds": 34.21003174781799, "judgement": "Uncategorized"}
{"id": "tips_000127", "topic": "tips", "subtopic": "tips_service", "prompt": "Bill is $61.32; service fee 0% and tip 22%. About how much do you pay in total?", "exact_value": 74.81, "model": "Dream-org/Dream-v0-Instruct-7B", "provider": "transformers", "response": "!!!!!!!!!!!!!!!!!!!!!!!!!!!!!!!!!!!!!!!!!!!!!!!!!!!!!!!!!!!!!!!!!!!!!!!!!!!!!!!!!!!!!!!!!!!!!!!!!!!!!!!!!!!!!!!!!!!!!!!!", "numeric_answer": null, "relative_error": null, "thinking_text": null, "has_tool_call": false, "tool_call": null, "usage": {"prompt_tokens": 94, "completion_tokens": 121, "total_tokens": 215, "token_count_source": "tokenizer"}, "decoding": {"temperature": 0.2, "top_p": null, "top_k": null, "max_tokens": 120, "seed": 42}, "prompt_tokens": 94, "completion_tokens": 121, "total_tokens": 215, "token_count_source": "tokenizer", "diffusion_steps": null, "flops_estimate": null, "flops_arch": null, "flops_model_params": null, "flops_active_params": null, "tokens_non_final": 1, "tokens_reasoning": 0, "tokens_response": 1, "elapsed_seconds": 34.21003174781799, "judgement": "Uncategorized"}
{"id": "tips_000147", "topic": "tips", "subtopic": "tips_service", "prompt": "Bill is $28.37; service fee 3% and tip 15%. About how much do you pay in total?", "exact_value": 33.6, "model": "Dream-org/Dream-v0-Instruct-7B", "provider": "transformers", "response": "!!!!!!!!!!!!!!!!!!!!!!!!!!!!!!!!!!!!!!!!!!!!!!!!!!!!!!!!!!!!!!!!!!!!!!!!!!!!!!!!!!!!!!!!!!!!!!!!!!!!!!!!!!!!!!!!!!!!!!!!", "numeric_answer": null, "relative_error": null, "thinking_text": null, "has_tool_call": false, "tool_call": null, "usage": {"prompt_tokens": 94, "completion_tokens": 121, "total_tokens": 215, "token_count_source": "tokenizer"}, "decoding": {"temperature": 0.2, "top_p": null, "top_k": null, "max_tokens": 120, "seed": 42}, "prompt_tokens": 94, "completion_tokens": 121, "total_tokens": 215, "token_count_source": "tokenizer", "diffusion_steps": null, "flops_estimate": null, "flops_arch": null, "flops_model_params": null, "flops_active_params": null, "tokens_non_final": 1, "tokens_reasoning": 0, "tokens_response": 1, "elapsed_seconds": 34.21003174781799, "judgement": "Uncategorized"}
{"id": "tips_000167", "topic": "tips", "subtopic": "tips_service", "prompt": "Bill is $104.95; service fee 3% and tip 22%. About how much do you pay in total?", "exact_value": 131.88, "model": "Dream-org/Dream-v0-Instruct-7B", "provider": "transformers", "response": "Final answer: [number]", "numeric_answer": null, "relative_error": null, "thinking_text": null, "has_tool_call": false, "tool_call": null, "usage": {"prompt_tokens": 95, "completion_tokens": 120, "total_tokens": 215, "token_count_source": "tokenizer"}, "decoding": {"temperature": 0.2, "top_p": null, "top_k": null, "max_tokens": 120, "seed": 42}, "prompt_tokens": 95, "completion_tokens": 120, "total_tokens": 215, "token_count_source": "tokenizer", "diffusion_steps": null, "flops_estimate": null, "flops_arch": null, "flops_model_params": null, "flops_active_params": null, "tokens_non_final": 3, "tokens_reasoning": 0, "tokens_response": 3, "elapsed_seconds": 34.21003174781799, "judgement": "Uncategorized"}
{"id": "tips_000187", "topic": "tips", "subtopic": "tips_service", "prompt": "Bill is $21.63; service fee 5% and tip 18%. About how much do you pay in total?", "exact_value": 26.8, "model": "Dream-org/Dream-v0-Instruct-7B", "provider": "transformers", "response": "Final answer: 22.34", "numeric_answer": 22.34, "relative_error": 0.16641791044776122, "thinking_text": null, "has_tool_call": false, "tool_call": null, "usage": {"prompt_tokens": 94, "completion_tokens": 120, "total_tokens": 214, "token_count_source": "tokenizer"}, "decoding": {"temperature": 0.2, "top_p": null, "top_k": null, "max_tokens": 120, "seed": 42}, "prompt_tokens": 94, "completion_tokens": 120, "total_tokens": 214, "token_count_source": "tokenizer", "diffusion_steps": null, "flops_estimate": null, "flops_arch": null, "flops_model_params": null, "flops_active_params": null, "tokens_non_final": 3, "tokens_reasoning": 0, "tokens_response": 3, "elapsed_seconds": 35.516499042510986, "judgement": "Good approximation"}
{"id": "tips_000207", "topic": "tips", "subtopic": "tips_service", "prompt": "Bill is $33.06; service fee 0% and tip 18%. About how much do you pay in total?", "exact_value": 39.01, "model": "Dream-org/Dream-v0-Instruct-7B", "provider": "transformers", "response": "Final answer: $12.09", "numeric_answer": 12.09, "relative_error": 0.6900794668033837, "thinking_text": null, "has_tool_call": false, "tool_call": null, "usage": {"prompt_tokens": 94, "completion_tokens": 120, "total_tokens": 214, "token_count_source": "tokenizer"}, "decoding": {"temperature": 0.2, "top_p": null, "top_k": null, "max_tokens": 120, "seed": 42}, "prompt_tokens": 94, "completion_tokens": 120, "total_tokens": 214, "token_count_source": "tokenizer", "diffusion_steps": null, "flops_estimate": null, "flops_arch": null, "flops_model_params": null, "flops_active_params": null, "tokens_non_final": 3, "tokens_reasoning": 0, "tokens_response": 3, "elapsed_seconds": 35.516499042510986, "judgement": "Way off"}
{"id": "tips_000227", "topic": "tips", "subtopic": "tips_service", "prompt": "Bill is $72.70; service fee 3% and tip 22%. About how much do you pay in total?", "exact_value": 91.35, "model": "Dream-org/Dream-v0-Instruct-7B", "provider": "transformers", "response": "Final answer: 73.22", "numeric_answer": 73.22, "relative_error": 0.19846743295019154, "thinking_text": null, "has_tool_call": false, "tool_call": null, "usage": {"prompt_tokens": 94, "completion_tokens": 120, "total_tokens": 214, "token_count_source": "tokenizer"}, "decoding": {"temperature": 0.2, "top_p": null, "top_k": null, "max_tokens": 120, "seed": 42}, "prompt_tokens": 94, "completion_tokens": 120, "total_tokens": 214, "token_count_source": "tokenizer", "diffusion_steps": null, "flops_estimate": null, "flops_arch": null, "flops_model_params": null, "flops_active_params": null, "tokens_non_final": 3, "tokens_reasoning": 0, "tokens_response": 3, "elapsed_seconds": 35.516499042510986, "judgement": "Good approximation"}
{"id": "tips_000247", "topic": "tips", "subtopic": "tips_service", "prompt": "Bill is $79.43; service fee 0% and tip 22%. About how much do you pay in total?", "exact_value": 96.9, "model": "Dream-org/Dream-v0-Instruct-7B", "provider": "transformers", "response": "Final answer: $20.47", "numeric_answer": 20.47, "relative_error": 0.7887512899896801, "thinking_text": null, "has_tool_call": false, "tool_call": null, "usage": {"prompt_tokens": 94, "completion_tokens": 120, "total_tokens": 214, "token_count_source": "tokenizer"}, "decoding": {"temperature": 0.2, "top_p": null, "top_k": null, "max_tokens": 120, "seed": 42}, "prompt_tokens": 94, "completion_tokens": 120, "total_tokens": 214, "token_count_source": "tokenizer", "diffusion_steps": null, "flops_estimate": null, "flops_arch": null, "flops_model_params": null, "flops_active_params": null, "tokens_non_final": 3, "tokens_reasoning": 0, "tokens_response": 3, "elapsed_seconds": 35.516499042510986, "judgement": "Way off"}
{"id": "tips_000267", "topic": "tips", "subtopic": "tips_service", "prompt": "Bill is $66.82; service fee 3% and tip 22%. About how much do you pay in total?", "exact_value": 83.97, "model": "Dream-org/Dream-v0-Instruct-7B", "provider": "transformers", "response": "!!!!!!!!!!!!!!!!!!!!!!!!!!!!!!!!!!!!!!!!!!!!!!!!!!!!!!!!!!!!!!!!!!!!!!!!!!!!!!!!!!!!!!!!!!!!!!!!!!!!!!!!!!!!!!!!!!!!!!!!", "numeric_answer": null, "relative_error": null, "thinking_text": null, "has_tool_call": false, "tool_call": null, "usage": {"prompt_tokens": 94, "completion_tokens": 121, "total_tokens": 215, "token_count_source": "tokenizer"}, "decoding": {"temperature": 0.2, "top_p": null, "top_k": null, "max_tokens": 120, "seed": 42}, "prompt_tokens": 94, "completion_tokens": 121, "total_tokens": 215, "token_count_source": "tokenizer", "diffusion_steps": null, "flops_estimate": null, "flops_arch": null, "flops_model_params": null, "flops_active_params": null, "tokens_non_final": 1, "tokens_reasoning": 0, "tokens_response": 1, "elapsed_seconds": 34.22783613204956, "judgement": "Uncategorized"}
{"id": "tips_000287", "topic": "tips", "subtopic": "tips_service", "prompt": "Bill is $54.76; service fee 5% and tip 18%. About how much do you pay in total?", "exact_value": 67.85, "model": "Dream-org/Dream-v0-Instruct-7B", "provider": "transformers", "response": "!!!!!!!!!!!!!!!!!!!!!!!!!!!!!!!!!!!!!!!!!!!!!!!!!!!!!!!!!!!!!!!!!!!!!!!!!!!!!!!!!!!!!!!!!!!!!!!!!!!!!!!!!!!!!!!!!!!!!!!!", "numeric_answer": null, "relative_error": null, "thinking_text": null, "has_tool_call": false, "tool_call": null, "usage": {"prompt_tokens": 94, "completion_tokens": 121, "total_tokens": 215, "token_count_source": "tokenizer"}, "decoding": {"temperature": 0.2, "top_p": null, "top_k": null, "max_tokens": 120, "seed": 42}, "prompt_tokens": 94, "completion_tokens": 121, "total_tokens": 215, "token_count_source": "tokenizer", "diffusion_steps": null, "flops_estimate": null, "flops_arch": null, "flops_model_params": null, "flops_active_params": null, "tokens_non_final": 1, "tokens_reasoning": 0, "tokens_response": 1, "elapsed_seconds": 34.22783613204956, "judgement": "Uncategorized"}
{"id": "tips_000307", "topic": "tips", "subtopic": "tips_service", "prompt": "Bill is $114.55; service fee 3% and tip 22%. About how much do you pay in total?", "exact_value": 143.94, "model": "Dream-org/Dream-v0-Instruct-7B", "provider": "transformers", "response": "Final answer: $124.22", "numeric_answer": 124.22, "relative_error": 0.13700152841461719, "thinking_text": null, "has_tool_call": false, "tool_call": null, "usage": {"prompt_tokens": 95, "completion_tokens": 120, "total_tokens": 215, "token_count_source": "tokenizer"}, "decoding": {"temperature": 0.2, "top_p": null, "top_k": null, "max_tokens": 120, "seed": 42}, "prompt_tokens": 95, "completion_tokens": 120, "total_tokens": 215, "token_count_source": "tokenizer", "diffusion_steps": null, "flops_estimate": null, "flops_arch": null, "flops_model_params": null, "flops_active_params": null, "tokens_non_final": 3, "tokens_reasoning": 0, "tokens_response": 3, "elapsed_seconds": 34.22783613204956, "judgement": "Good approximation"}
{"id": "tips_000327", "topic": "tips", "subtopic": "tips_service", "prompt": "Bill is $31.62; service fee 5% and tip 18%. About how much do you pay in total?", "exact_value": 39.18, "model": "Dream-org/Dream-v0-Instruct-7B", "provider": "transformers", "response": "!!!!!!!!!!!!!!!!!!!!!!!!!!!!!!!!!!!!!!!!!!!!!!!!!!!!!!!!!!!!!!!!!!!!!!!!!!!!!!!!!!!!!!!!!!!!!!!!!!!!!!!!!!!!!!!!!!!!!!!!", "numeric_answer": null, "relative_error": null, "thinking_text": null, "has_tool_call": false, "tool_call": null, "usage": {"prompt_tokens": 94, "completion_tokens": 121, "total_tokens": 215, "token_count_source": "tokenizer"}, "decoding": {"temperature": 0.2, "top_p": null, "top_k": null, "max_tokens": 120, "seed": 42}, "prompt_tokens": 94, "completion_tokens": 121, "total_tokens": 215, "token_count_source": "tokenizer", "diffusion_steps": null, "flops_estimate": null, "flops_arch": null, "flops_model_params": null, "flops_active_params": null, "tokens_non_final": 1, "tokens_reasoning": 0, "tokens_response": 1, "elapsed_seconds": 34.22783613204956, "judgement": "Uncategorized"}
{"id": "tips_000347", "topic": "tips", "subtopic": "tips_service", "prompt": "Bill is $22.85; service fee 3% and tip 15%. About how much do you pay in total?", "exact_value": 27.07, "model": "Dream-org/Dream-v0-Instruct-7B", "provider": "transformers", "response": "Final answer: $22.17", "numeric_answer": 22.17, "relative_error": 0.18101219061691903, "thinking_text": null, "has_tool_call": false, "tool_call": null, "usage": {"prompt_tokens": 94, "completion_tokens": 120, "total_tokens": 214, "token_count_source": "tokenizer"}, "decoding": {"temperature": 0.2, "top_p": null, "top_k": null, "max_tokens": 120, "seed": 42}, "prompt_tokens": 94, "completion_tokens": 120, "total_tokens": 214, "token_count_source": "tokenizer", "diffusion_steps": null, "flops_estimate": null, "flops_arch": null, "flops_model_params": null, "flops_active_params": null, "tokens_non_final": 3, "tokens_reasoning": 0, "tokens_response": 3, "elapsed_seconds": 35.49411916732788, "judgement": "Good approximation"}
{"id": "tips_000367", "topic": "tips", "subtopic": "tips_service", "prompt": "Bill is $82.68; service fee 0% and tip 15%. About how much do you pay in total?", "exact_value": 95.08, "model": "Dream-org/Dream-v0-Instruct-7B", "provider": "transformers", "response": "Final answer: 92.28", "numeric_answer": 92.28, "relative_error": 0.02944888514934789, "thinking_text": null, "has_tool_call": false, "tool_call": null, "usage": {"prompt_tokens": 94, "completion_tokens": 120, "total_tokens": 214, "token_count_source": "tokenizer"}, "decoding": {"temperature": 0.2, "top_p": null, "top_k": null, "max_tokens": 120, "seed": 42}, "prompt_tokens": 94, "completion_tokens": 120, "total_tokens": 214, "token_count_source": "tokenizer", "diffusion_steps": null, "flops_estimate": null, "flops_arch": null, "flops_model_params": null, "flops_active_params": null, "tokens_non_final": 3, "tokens_reasoning": 0, "tokens_response": 3, "elapsed_seconds": 35.49411916732788, "judgement": "Good approximation"}
{"id": "tips_000387", "topic": "tips", "subtopic": "tips_service", "prompt": "Bill is $87.76; service fee 3% and tip 22%. About how much do you pay in total?", "exact_value": 110.28, "model": "Dream-org/Dream-v0-Instruct-7B", "provider": "transformers", "response": "Final answer: $90", "numeric_answer": 90.0, "relative_error": 0.1838955386289445, "thinking_text": null, "has_tool_call": false, "tool_call": null, "usage": {"prompt_tokens": 94, "completion_tokens": 120, "total_tokens": 214, "token_count_source": "tokenizer"}, "decoding": {"temperature": 0.2, "top_p": null, "top_k": null, "max_tokens": 120, "seed": 42}, "prompt_tokens": 94, "completion_tokens": 120, "total_tokens": 214, "token_count_source": "tokenizer", "diffusion_steps": null, "flops_estimate": null, "flops_arch": null, "flops_model_params": null, "flops_active_params": null, "tokens_non_final": 3, "tokens_reasoning": 0, "tokens_response": 3, "elapsed_seconds": 35.49411916732788, "judgement": "Good approximation"}
{"id": "tips_000407", "topic": "tips", "subtopic": "tips_service", "prompt": "Bill is $81.00; service fee 3% and tip 20%. About how much do you pay in total?", "exact_value": 100.12, "model": "Dream-org/Dream-v0-Instruct-7B", "provider": "transformers", "response": "Final answer: $92.22", "numeric_answer": 92.22, "relative_error": 0.07890531362365168, "thinking_text": null, "has_tool_call": false, "tool_call": null, "usage": {"prompt_tokens": 94, "completion_tokens": 120, "total_tokens": 214, "token_count_source": "tokenizer"}, "decoding": {"temperature": 0.2, "top_p": null, "top_k": null, "max_tokens": 120, "seed": 42}, "prompt_tokens": 94, "completion_tokens": 120, "total_tokens": 214, "token_count_source": "tokenizer", "diffusion_steps": null, "flops_estimate": null, "flops_arch": null, "flops_model_params": null, "flops_active_params": null, "tokens_non_final": 3, "tokens_reasoning": 0, "tokens_response": 3, "elapsed_seconds": 35.49411916732788, "judgement": "Good approximation"}
{"id": "tips_000427", "topic": "tips", "subtopic": "tips_service", "prompt": "Bill is $99.26; service fee 0% and tip 22%. About how much do you pay in total?", "exact_value": 121.1, "model": "Dream-org/Dream-v0-Instruct-7B", "provider": "transformers", "response": "Final answer: $21.31", "numeric_answer": 21.31, "relative_error": 0.8240297274979356, "thinking_text": null, "has_tool_call": false, "tool_call": null, "usage": {"prompt_tokens": 94, "completion_tokens": 120, "total_tokens": 214, "token_count_source": "tokenizer"}, "decoding": {"temperature": 0.2, "top_p": null, "top_k": null, "max_tokens": 120, "seed": 42}, "prompt_tokens": 94, "completion_tokens": 120, "total_tokens": 214, "token_count_source": "tokenizer", "diffusion_steps": null, "flops_estimate": null, "flops_arch": null, "flops_model_params": null, "flops_active_params": null, "tokens_non_final": 3, "tokens_reasoning": 0, "tokens_response": 3, "elapsed_seconds": 35.50151085853577, "judgement": "Way off"}
{"id": "tips_000447", "topic": "tips", "subtopic": "tips_service", "prompt": "Bill is $13.43; service fee 3% and tip 18%. About how much do you pay in total?", "exact_value": 16.32, "model": "Dream-org/Dream-v0-Instruct-7B", "provider": "transformers", "response": "Final answer: 21.32", "numeric_answer": 21.32, "relative_error": 0.30637254901960786, "thinking_text": null, "has_tool_call": false, "tool_call": null, "usage": {"prompt_tokens": 94, "completion_tokens": 120, "total_tokens": 214, "token_count_source": "tokenizer"}, "decoding": {"temperature": 0.2, "top_p": null, "top_k": null, "max_tokens": 120, "seed": 42}, "prompt_tokens": 94, "completion_tokens": 120, "total_tokens": 214, "token_count_source": "tokenizer", "diffusion_steps": null, "flops_estimate": null, "flops_arch": null, "flops_model_params": null, "flops_active_params": null, "tokens_non_final": 3, "tokens_reasoning": 0, "tokens_response": 3, "elapsed_seconds": 35.50151085853577, "judgement": "Mildly off"}
{"id": "tips_000467", "topic": "tips", "subtopic": "tips_service", "prompt": "Bill is $47.68; service fee 5% and tip 22%. About how much do you pay in total?", "exact_value": 61.08, "model": "Dream-org/Dream-v0-Instruct-7B", "provider": "transformers", "response": "Final answer: 50.22", "numeric_answer": 50.22, "relative_error": 0.17779960707269155, "thinking_text": null, "has_tool_call": false, "tool_call": null, "usage": {"prompt_tokens": 94, "completion_tokens": 120, "total_tokens": 214, "token_count_source": "tokenizer"}, "decoding": {"temperature": 0.2, "top_p": null, "top_k": null, "max_tokens": 120, "seed": 42}, "prompt_tokens": 94, "completion_tokens": 120, "total_tokens": 214, "token_count_source": "tokenizer", "diffusion_steps": null, "flops_estimate": null, "flops_arch": null, "flops_model_params": null, "flops_active_params": null, "tokens_non_final": 3, "tokens_reasoning": 0, "tokens_response": 3, "elapsed_seconds": 35.50151085853577, "judgement": "Good approximation"}
{"id": "tips_000487", "topic": "tips", "subtopic": "tips_service", "prompt": "Bill is $84.77; service fee 0% and tip 22%. About how much do you pay in total?", "exact_value": 103.42, "model": "Dream-org/Dream-v0-Instruct-7B", "provider": "transformers", "response": "Final answer: 20.09", "numeric_answer": 20.09, "relative_error": 0.8057435699091084, "thinking_text": null, "has_tool_call": false, "tool_call": null, "usage": {"prompt_tokens": 94, "completion_tokens": 120, "total_tokens": 214, "token_count_source": "tokenizer"}, "decoding": {"temperature": 0.2, "top_p": null, "top_k": null, "max_tokens": 120, "seed": 42}, "prompt_tokens": 94, "completion_tokens": 120, "total_tokens": 214, "token_count_source": "tokenizer", "diffusion_steps": null, "flops_estimate": null, "flops_arch": null, "flops_model_params": null, "flops_active_params": null, "tokens_non_final": 3, "tokens_reasoning": 0, "tokens_response": 3, "elapsed_seconds": 35.50151085853577, "judgement": "Way off"}
{"id": "tips_000507", "topic": "tips", "subtopic": "tips_service", "prompt": "Bill is $71.65; service fee 5% and tip 22%. About how much do you pay in total?", "exact_value": 91.78, "model": "Dream-org/Dream-v0-Instruct-7B", "provider": "transformers", "response": "!!!!!!!!!!!!!!!!!!!!!!!!!!!!!!!!!!!!!!!!!!!!!!!!!!!!!!!!!!!!!!!!!!!!!!!!!!!!!!!!!!!!!!!!!!!!!!!!!!!!!!!!!!!!!!!!!!!!!!!!", "numeric_answer": null, "relative_error": null, "thinking_text": null, "has_tool_call": false, "tool_call": null, "usage": {"prompt_tokens": 94, "completion_tokens": 121, "total_tokens": 215, "token_count_source": "tokenizer"}, "decoding": {"temperature": 0.2, "top_p": null, "top_k": null, "max_tokens": 120, "seed": 42}, "prompt_tokens": 94, "completion_tokens": 121, "total_tokens": 215, "token_count_source": "tokenizer", "diffusion_steps": null, "flops_estimate": null, "flops_arch": null, "flops_model_params": null, "flops_active_params": null, "tokens_non_final": 1, "tokens_reasoning": 0, "tokens_response": 1, "elapsed_seconds": 34.152539014816284, "judgement": "Uncategorized"}
{"id": "tips_000527", "topic": "tips", "subtopic": "tips_service", "prompt": "Bill is $84.44; service fee 5% and tip 18%. About how much do you pay in total?", "exact_value": 104.62, "model": "Dream-org/Dream-v0-Instruct-7B", "provider": "transformers", "response": "!!!!!!!!!!!!!!!!!!!!!!!!!!!!!!!!!!!!!!!!!!!!!!!!!!!!!!!!!!!!!!!!!!!!!!!!!!!!!!!!!!!!!!!!!!!!!!!!!!!!!!!!!!!!!!!!!!!!!!!!", "numeric_answer": null, "relative_error": null, "thinking_text": null, "has_tool_call": false, "tool_call": null, "usage": {"prompt_tokens": 94, "completion_tokens": 121, "total_tokens": 215, "token_count_source": "tokenizer"}, "decoding": {"temperature": 0.2, "top_p": null, "top_k": null, "max_tokens": 120, "seed": 42}, "prompt_tokens": 94, "completion_tokens": 121, "total_tokens": 215, "token_count_source": "tokenizer", "diffusion_steps": null, "flops_estimate": null, "flops_arch": null, "flops_model_params": null, "flops_active_params": null, "tokens_non_final": 1, "tokens_reasoning": 0, "tokens_response": 1, "elapsed_seconds": 34.152539014816284, "judgement": "Uncategorized"}
{"id": "tips_000547", "topic": "tips", "subtopic": "tips_service", "prompt": "Bill is $32.84; service fee 0% and tip 18%. About how much do you pay in total?", "exact_value": 38.75, "model": "Dream-org/Dream-v0-Instruct-7B", "provider": "transformers", "response": "!!!!!!!!!!!!!!!!!!!!!!!!!!!!!!!!!!!!!!!!!!!!!!!!!!!!!!!!!!!!!!!!!!!!!!!!!!!!!!!!!!!!!!!!!!!!!!!!!!!!!!!!!!!!!!!!!!!!!!!!", "numeric_answer": null, "relative_error": null, "thinking_text": null, "has_tool_call": false, "tool_call": null, "usage": {"prompt_tokens": 94, "completion_tokens": 121, "total_tokens": 215, "token_count_source": "tokenizer"}, "decoding": {"temperature": 0.2, "top_p": null, "top_k": null, "max_tokens": 120, "seed": 42}, "prompt_tokens": 94, "completion_tokens": 121, "total_tokens": 215, "token_count_source": "tokenizer", "diffusion_steps": null, "flops_estimate": null, "flops_arch": null, "flops_model_params": null, "flops_active_params": null, "tokens_non_final": 1, "tokens_reasoning": 0, "tokens_response": 1, "elapsed_seconds": 34.152539014816284, "judgement": "Uncategorized"}
{"id": "tips_000567", "topic": "tips", "subtopic": "tips_service", "prompt": "Bill is $102.88; service fee 3% and tip 20%. About how much do you pay in total?", "exact_value": 127.16, "model": "Dream-org/Dream-v0-Instruct-7B", "provider": "transformers", "response": "Final answer: 133.22", "numeric_answer": 133.22, "relative_error": 0.047656495753381586, "thinking_text": null, "has_tool_call": false, "tool_call": null, "usage": {"prompt_tokens": 95, "completion_tokens": 120, "total_tokens": 215, "token_count_source": "tokenizer"}, "decoding": {"temperature": 0.2, "top_p": null, "top_k": null, "max_tokens": 120, "seed": 42}, "prompt_tokens": 95, "completion_tokens": 120, "total_tokens": 215, "token_count_source": "tokenizer", "diffusion_steps": null, "flops_estimate": null, "flops_arch": null, "flops_model_params": null, "flops_active_params": null, "tokens_non_final": 3, "tokens_reasoning": 0, "tokens_response": 3, "elapsed_seconds": 34.152539014816284, "judgement": "Good approximation"}
{"id": "tips_000587", "topic": "tips", "subtopic": "tips_service", "prompt": "Bill is $100.09; service fee 0% and tip 18%. About how much do you pay in total?", "exact_value": 118.11, "model": "Dream-org/Dream-v0-Instruct-7B", "provider": "transformers", "response": "Final answer: 122.99", "numeric_answer": 122.99, "relative_error": 0.04131741596816523, "thinking_text": null, "has_tool_call": false, "tool_call": null, "usage": {"prompt_tokens": 95, "completion_tokens": 120, "total_tokens": 215, "token_count_source": "tokenizer"}, "decoding": {"temperature": 0.2, "top_p": null, "top_k": null, "max_tokens": 120, "seed": 42}, "prompt_tokens": 95, "completion_tokens": 120, "total_tokens": 215, "token_count_source": "tokenizer", "diffusion_steps": null, "flops_estimate": null, "flops_arch": null, "flops_model_params": null, "flops_active_params": null, "tokens_non_final": 3, "tokens_reasoning": 0, "tokens_response": 3, "elapsed_seconds": 34.171520948410034, "judgement": "Good approximation"}
{"id": "tips_000607", "topic": "tips", "subtopic": "tips_service", "prompt": "Bill is $35.03; service fee 0% and tip 18%. About how much do you pay in total?", "exact_value": 41.34, "model": "Dream-org/Dream-v0-Instruct-7B", "provider": "transformers", "response": "!!!!!!!!!!!!!!!!!!!!!!!!!!!!!!!!!!!!!!!!!!!!!!!!!!!!!!!!!!!!!!!!!!!!!!!!!!!!!!!!!!!!!!!!!!!!!!!!!!!!!!!!!!!!!!!!!!!!!!!!", "numeric_answer": null, "relative_error": null, "thinking_text": null, "has_tool_call": false, "tool_call": null, "usage": {"prompt_tokens": 94, "completion_tokens": 121, "total_tokens": 215, "token_count_source": "tokenizer"}, "decoding": {"temperature": 0.2, "top_p": null, "top_k": null, "max_tokens": 120, "seed": 42}, "prompt_tokens": 94, "completion_tokens": 121, "total_tokens": 215, "token_count_source": "tokenizer", "diffusion_steps": null, "flops_estimate": null, "flops_arch": null, "flops_model_params": null, "flops_active_params": null, "tokens_non_final": 1, "tokens_reasoning": 0, "tokens_response": 1, "elapsed_seconds": 34.171520948410034, "judgement": "Uncategorized"}
{"id": "tips_000627", "topic": "tips", "subtopic": "tips_service", "prompt": "Bill is $17.92; service fee 0% and tip 20%. About how much do you pay in total?", "exact_value": 21.5, "model": "Dream-org/Dream-v0-Instruct-7B", "provider": "transformers", "response": "!!!!!!!!!!!!!!!!!!!!!!!!!!!!!!!!!!!!!!!!!!!!!!!!!!!!!!!!!!!!!!!!!!!!!!!!!!!!!!!!!!!!!!!!!!!!!!!!!!!!!!!!!!!!!!!!!!!!!!!!", "numeric_answer": null, "relative_error": null, "thinking_text": null, "has_tool_call": false, "tool_call": null, "usage": {"prompt_tokens": 94, "completion_tokens": 121, "total_tokens": 215, "token_count_source": "tokenizer"}, "decoding": {"temperature": 0.2, "top_p": null, "top_k": null, "max_tokens": 120, "seed": 42}, "prompt_tokens": 94, "completion_tokens": 121, "total_tokens": 215, "token_count_source": "tokenizer", "diffusion_steps": null, "flops_estimate": null, "flops_arch": null, "flops_model_params": null, "flops_active_params": null, "tokens_non_final": 1, "tokens_reasoning": 0, "tokens_response": 1, "elapsed_seconds": 34.171520948410034, "judgement": "Uncategorized"}
{"id": "tips_000647", "topic": "tips", "subtopic": "tips_service", "prompt": "Bill is $72.20; service fee 0% and tip 18%. About how much do you pay in total?", "exact_value": 85.2, "model": "Dream-org/Dream-v0-Instruct-7B", "provider": "transformers", "response": "!!!!!!!!!!!!!!!!!!!!!!!!!!!!!!!!!!!!!!!!!!!!!!!!!!!!!!!!!!!!!!!!!!!!!!!!!!!!!!!!!!!!!!!!!!!!!!!!!!!!!!!!!!!!!!!!!!!!!!!!", "numeric_answer": null, "relative_error": null, "thinking_text": null, "has_tool_call": false, "tool_call": null, "usage": {"prompt_tokens": 94, "completion_tokens": 121, "total_tokens": 215, "token_count_source": "tokenizer"}, "decoding": {"temperature": 0.2, "top_p": null, "top_k": null, "max_tokens": 120, "seed": 42}, "prompt_tokens": 94, "completion_tokens": 121, "total_tokens": 215, "token_count_source": "tokenizer", "diffusion_steps": null, "flops_estimate": null, "flops_arch": null, "flops_model_params": null, "flops_active_params": null, "tokens_non_final": 1, "tokens_reasoning": 0, "tokens_response": 1, "elapsed_seconds": 34.171520948410034, "judgement": "Uncategorized"}
{"id": "tips_000667", "topic": "tips", "subtopic": "tips_service", "prompt": "Bill is $28.54; service fee 5% and tip 15%. About how much do you pay in total?", "exact_value": 34.46, "model": "Dream-org/Dream-v0-Instruct-7B", "provider": "transformers", "response": "!!!!!!!!!!!!!!!!!!!!!!!!!!!!!!!!!!!!!!!!!!!!!!!!!!!!!!!!!!!!!!!!!!!!!!!!!!!!!!!!!!!!!!!!!!!!!!!!!!!!!!!!!!!!!!!!!!!!!!!!", "numeric_answer": null, "relative_error": null, "thinking_text": null, "has_tool_call": false, "tool_call": null, "usage": {"prompt_tokens": 94, "completion_tokens": 121, "total_tokens": 215, "token_count_source": "tokenizer"}, "decoding": {"temperature": 0.2, "top_p": null, "top_k": null, "max_tokens": 120, "seed": 42}, "prompt_tokens": 94, "completion_tokens": 121, "total_tokens": 215, "token_count_source": "tokenizer", "diffusion_steps": null, "flops_estimate": null, "flops_arch": null, "flops_model_params": null, "flops_active_params": null, "tokens_non_final": 1, "tokens_reasoning": 0, "tokens_response": 1, "elapsed_seconds": 34.877339363098145, "judgement": "Uncategorized"}
{"id": "tips_000687", "topic": "tips", "subtopic": "tips_service", "prompt": "Bill is $24.54; service fee 0% and tip 20%. About how much do you pay in total?", "exact_value": 29.45, "model": "Dream-org/Dream-v0-Instruct-7B", "provider": "transformers", "response": "!!!!!!!!!!!!!!!!!!!!!!!!!!!!!!!!!!!!!!!!!!!!!!!!!!!!!!!!!!!!!!!!!!!!!!!!!!!!!!!!!!!!!!!!!!!!!!!!!!!!!!!!!!!!!!!!!!!!!!!!", "numeric_answer": null, "relative_error": null, "thinking_text": null, "has_tool_call": false, "tool_call": null, "usage": {"prompt_tokens": 94, "completion_tokens": 121, "total_tokens": 215, "token_count_source": "tokenizer"}, "decoding": {"temperature": 0.2, "top_p": null, "top_k": null, "max_tokens": 120, "seed": 42}, "prompt_tokens": 94, "completion_tokens": 121, "total_tokens": 215, "token_count_source": "tokenizer", "diffusion_steps": null, "flops_estimate": null, "flops_arch": null, "flops_model_params": null, "flops_active_params": null, "tokens_non_final": 1, "tokens_reasoning": 0, "tokens_response": 1, "elapsed_seconds": 34.877339363098145, "judgement": "Uncategorized"}
{"id": "tips_000707", "topic": "tips", "subtopic": "tips_service", "prompt": "Bill is $115.78; service fee 0% and tip 15%. About how much do you pay in total?", "exact_value": 133.15, "model": "Dream-org/Dream-v0-Instruct-7B", "provider": "transformers", "response": "Final answer: 142.22", "numeric_answer": 142.22, "relative_error": 0.06811866316184749, "thinking_text": null, "has_tool_call": false, "tool_call": null, "usage": {"prompt_tokens": 95, "completion_tokens": 120, "total_tokens": 215, "token_count_source": "tokenizer"}, "decoding": {"temperature": 0.2, "top_p": null, "top_k": null, "max_tokens": 120, "seed": 42}, "prompt_tokens": 95, "completion_tokens": 120, "total_tokens": 215, "token_count_source": "tokenizer", "diffusion_steps": null, "flops_estimate": null, "flops_arch": null, "flops_model_params": null, "flops_active_params": null, "tokens_non_final": 3, "tokens_reasoning": 0, "tokens_response": 3, "elapsed_seconds": 34.877339363098145, "judgement": "Good approximation"}
{"id": "tips_000727", "topic": "tips", "subtopic": "tips_service", "prompt": "Bill is $100.10; service fee 0% and tip 18%. About how much do you pay in total?", "exact_value": 118.12, "model": "Dream-org/Dream-v0-Instruct-7B", "provider": "transformers", "response": "Final answer: 122.20", "numeric_answer": 122.2, "relative_error": 0.03454114459871316, "thinking_text": null, "has_tool_call": false, "tool_call": null, "usage": {"prompt_tokens": 95, "completion_tokens": 120, "total_tokens": 215, "token_count_source": "tokenizer"}, "decoding": {"temperature": 0.2, "top_p": null, "top_k": null, "max_tokens": 120, "seed": 42}, "prompt_tokens": 95, "completion_tokens": 120, "total_tokens": 215, "token_count_source": "tokenizer", "diffusion_steps": null, "flops_estimate": null, "flops_arch": null, "flops_model_params": null, "flops_active_params": null, "tokens_non_final": 3, "tokens_reasoning": 0, "tokens_response": 3, "elapsed_seconds": 34.877339363098145, "judgement": "Good approximation"}
{"id": "tips_000747", "topic": "tips", "subtopic": "tips_service", "prompt": "Bill is $119.18; service fee 0% and tip 15%. About how much do you pay in total?", "exact_value": 137.06, "model": "Dream-org/Dream-v0-Instruct-7B", "provider": "transformers", "response": "Final answer: $120", "numeric_answer": 120.0, "relative_error": 0.12447103458339415, "thinking_text": null, "has_tool_call": false, "tool_call": null, "usage": {"prompt_tokens": 95, "completion_tokens": 120, "total_tokens": 215, "token_count_source": "tokenizer"}, "decoding": {"temperature": 0.2, "top_p": null, "top_k": null, "max_tokens": 120, "seed": 42}, "prompt_tokens": 95, "completion_tokens": 120, "total_tokens": 215, "token_count_source": "tokenizer", "diffusion_steps": null, "flops_estimate": null, "flops_arch": null, "flops_model_params": null, "flops_active_params": null, "tokens_non_final": 3, "tokens_reasoning": 0, "tokens_response": 3, "elapsed_seconds": 35.00691843032837, "judgement": "Good approximation"}
{"id": "tips_000767", "topic": "tips", "subtopic": "tips_service", "prompt": "Bill is $12.91; service fee 3% and tip 18%. About how much do you pay in total?", "exact_value": 15.69, "model": "Dream-org/Dream-v0-Instruct-7B", "provider": "transformers", "response": "!!!!!!!!!!!!!!!!!!!!!!!!!!!!!!!!!!!!!!!!!!!!!!!!!!!!!!!!!!!!!!!!!!!!!!!!!!!!!!!!!!!!!!!!!!!!!!!!!!!!!!!!!!!!!!!!!!!!!!!!", "numeric_answer": null, "relative_error": null, "thinking_text": null, "has_tool_call": false, "tool_call": null, "usage": {"prompt_tokens": 94, "completion_tokens": 121, "total_tokens": 215, "token_count_source": "tokenizer"}, "decoding": {"temperature": 0.2, "top_p": null, "top_k": null, "max_tokens": 120, "seed": 42}, "prompt_tokens": 94, "completion_tokens": 121, "total_tokens": 215, "token_count_source": "tokenizer", "diffusion_steps": null, "flops_estimate": null, "flops_arch": null, "flops_model_params": null, "flops_active_params": null, "tokens_non_final": 1, "tokens_reasoning": 0, "tokens_response": 1, "elapsed_seconds": 35.00691843032837, "judgement": "Uncategorized"}
{"id": "tips_000787", "topic": "tips", "subtopic": "tips_service", "prompt": "Bill is $77.28; service fee 5% and tip 22%. About how much do you pay in total?", "exact_value": 99.0, "model": "Dream-org/Dream-v0-Instruct-7B", "provider": "transformers", "response": "!!!!!!!!!!!!!!!!!!!!!!!!!!!!!!!!!!!!!!!!!!!!!!!!!!!!!!!!!!!!!!!!!!!!!!!!!!!!!!!!!!!!!!!!!!!!!!!!!!!!!!!!!!!!!!!!!!!!!!!!", "numeric_answer": null, "relative_error": null, "thinking_text": null, "has_tool_call": false, "tool_call": null, "usage": {"prompt_tokens": 94, "completion_tokens": 121, "total_tokens": 215, "token_count_source": "tokenizer"}, "decoding": {"temperature": 0.2, "top_p": null, "top_k": null, "max_tokens": 120, "seed": 42}, "prompt_tokens": 94, "completion_tokens": 121, "total_tokens": 215, "token_count_source": "tokenizer", "diffusion_steps": null, "flops_estimate": null, "flops_arch": null, "flops_model_params": null, "flops_active_params": null, "tokens_non_final": 1, "tokens_reasoning": 0, "tokens_response": 1, "elapsed_seconds": 35.00691843032837, "judgement": "Uncategorized"}
{"id": "tips_000807", "topic": "tips", "subtopic": "tips_service", "prompt": "Bill is $114.97; service fee 3% and tip 20%. About how much do you pay in total?", "exact_value": 142.1, "model": "Dream-org/Dream-v0-Instruct-7B", "provider": "transformers", "response": "Final answer: 120.22", "numeric_answer": 120.22, "relative_error": 0.15397607318789583, "thinking_text": null, "has_tool_call": false, "tool_call": null, "usage": {"prompt_tokens": 95, "completion_tokens": 120, "total_tokens": 215, "token_count_source": "tokenizer"}, "decoding": {"temperature": 0.2, "top_p": null, "top_k": null, "max_tokens": 120, "seed": 42}, "prompt_tokens": 95, "completion_tokens": 120, "total_tokens": 215, "token_count_source": "tokenizer", "diffusion_steps": null, "flops_estimate": null, "flops_arch": null, "flops_model_params": null, "flops_active_params": null, "tokens_non_final": 3, "tokens_reasoning": 0, "tokens_response": 3, "elapsed_seconds": 35.00691843032837, "judgement": "Good approximation"}
{"id": "tips_000827", "topic": "tips", "subtopic": "tips_service", "prompt": "Bill is $39.73; service fee 5% and tip 22%. About how much do you pay in total?", "exact_value": 50.89, "model": "Dream-org/Dream-v0-Instruct-7B", "provider": "transformers", "response": "!!!!!!!!!!!!!!!!!!!!!!!!!!!!!!!!!!!!!!!!!!!!!!!!!!!!!!!!!!!!!!!!!!!!!!!!!!!!!!!!!!!!!!!!!!!!!!!!!!!!!!!!!!!!!!!!!!!!!!!!", "numeric_answer": null, "relative_error": null, "thinking_text": null, "has_tool_call": false, "tool_call": null, "usage": {"prompt_tokens": 94, "completion_tokens": 121, "total_tokens": 215, "token_count_source": "tokenizer"}, "decoding": {"temperature": 0.2, "top_p": null, "top_k": null, "max_tokens": 120, "seed": 42}, "prompt_tokens": 94, "completion_tokens": 121, "total_tokens": 215, "token_count_source": "tokenizer", "diffusion_steps": null, "flops_estimate": null, "flops_arch": null, "flops_model_params": null, "flops_active_params": null, "tokens_non_final": 1, "tokens_reasoning": 0, "tokens_response": 1, "elapsed_seconds": 34.41625785827637, "judgement": "Uncategorized"}
{"id": "tips_000847", "topic": "tips", "subtopic": "tips_service", "prompt": "Bill is $108.02; service fee 3% and tip 20%. About how much do you pay in total?", "exact_value": 133.51, "model": "Dream-org/Dream-v0-Instruct-7B", "provider": "transformers", "response": "Final answer: 120.22", "numeric_answer": 120.22, "relative_error": 0.09954310538536434, "thinking_text": null, "has_tool_call": false, "tool_call": null, "usage": {"prompt_tokens": 95, "completion_tokens": 120, "total_tokens": 215, "token_count_source": "tokenizer"}, "decoding": {"temperature": 0.2, "top_p": null, "top_k": null, "max_tokens": 120, "seed": 42}, "prompt_tokens": 95, "completion_tokens": 120, "total_tokens": 215, "token_count_source": "tokenizer", "diffusion_steps": null, "flops_estimate": null, "flops_arch": null, "flops_model_params": null, "flops_active_params": null, "tokens_non_final": 3, "tokens_reasoning": 0, "tokens_response": 3, "elapsed_seconds": 34.41625785827637, "judgement": "Good approximation"}
{"id": "tips_000867", "topic": "tips", "subtopic": "tips_service", "prompt": "Bill is $93.22; service fee 3% and tip 22%. About how much do you pay in total?", "exact_value": 117.14, "model": "Dream-org/Dream-v0-Instruct-7B", "provider": "transformers", "response": "!!!!!!!!!!!!!!!!!!!!!!!!!!!!!!!!!!!!!!!!!!!!!!!!!!!!!!!!!!!!!!!!!!!!!!!!!!!!!!!!!!!!!!!!!!!!!!!!!!!!!!!!!!!!!!!!!!!!!!!!", "numeric_answer": null, "relative_error": null, "thinking_text": null, "has_tool_call": false, "tool_call": null, "usage": {"prompt_tokens": 94, "completion_tokens": 121, "total_tokens": 215, "token_count_source": "tokenizer"}, "decoding": {"temperature": 0.2, "top_p": null, "top_k": null, "max_tokens": 120, "seed": 42}, "prompt_tokens": 94, "completion_tokens": 121, "total_tokens": 215, "token_count_source": "tokenizer", "diffusion_steps": null, "flops_estimate": null, "flops_arch": null, "flops_model_params": null, "flops_active_params": null, "tokens_non_final": 1, "tokens_reasoning": 0, "tokens_response": 1, "elapsed_seconds": 34.41625785827637, "judgement": "Uncategorized"}
{"id": "tips_000887", "topic": "tips", "subtopic": "tips_service", "prompt": "Bill is $41.32; service fee 0% and tip 18%. About how much do you pay in total?", "exact_value": 48.76, "model": "Dream-org/Dream-v0-Instruct-7B", "provider": "transformers", "response": "!!!!!!!!!!!!!!!!!!!!!!!!!!!!!!!!!!!!!!!!!!!!!!!!!!!!!!!!!!!!!!!!!!!!!!!!!!!!!!!!!!!!!!!!!!!!!!!!!!!!!!!!!!!!!!!!!!!!!!!!", "numeric_answer": null, "relative_error": null, "thinking_text": null, "has_tool_call": false, "tool_call": null, "usage": {"prompt_tokens": 94, "completion_tokens": 121, "total_tokens": 215, "token_count_source": "tokenizer"}, "decoding": {"temperature": 0.2, "top_p": null, "top_k": null, "max_tokens": 120, "seed": 42}, "prompt_tokens": 94, "completion_tokens": 121, "total_tokens": 215, "token_count_source": "tokenizer", "diffusion_steps": null, "flops_estimate": null, "flops_arch": null, "flops_model_params": null, "flops_active_params": null, "tokens_non_final": 1, "tokens_reasoning": 0, "tokens_response": 1, "elapsed_seconds": 34.41625785827637, "judgement": "Uncategorized"}
{"id": "tips_000907", "topic": "tips", "subtopic": "tips_service", "prompt": "Bill is $65.03; service fee 3% and tip 22%. About how much do you pay in total?", "exact_value": 81.72, "model": "Dream-org/Dream-v0-Instruct-7B", "provider": "transformers", "response": "Final answer: 21.26", "numeric_answer": 21.26, "relative_error": 0.7398433675966715, "thinking_text": null, "has_tool_call": false, "tool_call": null, "usage": {"prompt_tokens": 94, "completion_tokens": 120, "total_tokens": 214, "token_count_source": "tokenizer"}, "decoding": {"temperature": 0.2, "top_p": null, "top_k": null, "max_tokens": 120, "seed": 42}, "prompt_tokens": 94, "completion_tokens": 120, "total_tokens": 214, "token_count_source": "tokenizer", "diffusion_steps": null, "flops_estimate": null, "flops_arch": null, "flops_model_params": null, "flops_active_params": null, "tokens_non_final": 3, "tokens_reasoning": 0, "tokens_response": 3, "elapsed_seconds": 35.68426704406738, "judgement": "Way off"}
{"id": "tips_000927", "topic": "tips", "subtopic": "tips_service", "prompt": "Bill is $78.22; service fee 5% and tip 15%. About how much do you pay in total?", "exact_value": 94.45, "model": "Dream-org/Dream-v0-Instruct-7B", "provider": "transformers", "response": "Final answer: 29.22", "numeric_answer": 29.22, "relative_error": 0.6906299629433563, "thinking_text": null, "has_tool_call": false, "tool_call": null, "usage": {"prompt_tokens": 94, "completion_tokens": 120, "total_tokens": 214, "token_count_source": "tokenizer"}, "decoding": {"temperature": 0.2, "top_p": null, "top_k": null, "max_tokens": 120, "seed": 42}, "prompt_tokens": 94, "completion_tokens": 120, "total_tokens": 214, "token_count_source": "tokenizer", "diffusion_steps": null, "flops_estimate": null, "flops_arch": null, "flops_model_params": null, "flops_active_params": null, "tokens_non_final": 3, "tokens_reasoning": 0, "tokens_response": 3, "elapsed_seconds": 35.68426704406738, "judgement": "Way off"}
{"id": "tips_000947", "topic": "tips", "subtopic": "tips_service", "prompt": "Bill is $97.36; service fee 3% and tip 15%. About how much do you pay in total?", "exact_value": 115.32, "model": "Dream-org/Dream-v0-Instruct-7B", "provider": "transformers", "response": "Final answer: $10.31", "numeric_answer": 10.31, "relative_error": 0.910596600763094, "thinking_text": null, "has_tool_call": false, "tool_call": null, "usage": {"prompt_tokens": 94, "completion_tokens": 120, "total_tokens": 214, "token_count_source": "tokenizer"}, "decoding": {"temperature": 0.2, "top_p": null, "top_k": null, "max_tokens": 120, "seed": 42}, "prompt_tokens": 94, "completion_tokens": 120, "total_tokens": 214, "token_count_source": "tokenizer", "diffusion_steps": null, "flops_estimate": null, "flops_arch": null, "flops_model_params": null, "flops_active_params": null, "tokens_non_final": 3, "tokens_reasoning": 0, "tokens_response": 3, "elapsed_seconds": 35.68426704406738, "judgement": "Way off"}
{"id": "tips_000967", "topic": "tips", "subtopic": "tips_service", "prompt": "Bill is $13.97; service fee 3% and tip 15%. About how much do you pay in total?", "exact_value": 16.55, "model": "Dream-org/Dream-v0-Instruct-7B", "provider": "transformers", "response": "Final answer: 24.09", "numeric_answer": 24.09, "relative_error": 0.4555891238670694, "thinking_text": null, "has_tool_call": false, "tool_call": null, "usage": {"prompt_tokens": 94, "completion_tokens": 120, "total_tokens": 214, "token_count_source": "tokenizer"}, "decoding": {"temperature": 0.2, "top_p": null, "top_k": null, "max_tokens": 120, "seed": 42}, "prompt_tokens": 94, "completion_tokens": 120, "total_tokens": 214, "token_count_source": "tokenizer", "diffusion_steps": null, "flops_estimate": null, "flops_arch": null, "flops_model_params": null, "flops_active_params": null, "tokens_non_final": 3, "tokens_reasoning": 0, "tokens_response": 3, "elapsed_seconds": 35.68426704406738, "judgement": "Mildly off"}
{"id": "tips_000987", "topic": "tips", "subtopic": "tips_service", "prompt": "Bill is $60.94; service fee 5% and tip 18%. About how much do you pay in total?", "exact_value": 75.5, "model": "Dream-org/Dream-v0-Instruct-7B", "provider": "transformers", "response": "!!!!!!!!!!!!!!!!!!!!!!!!!!!!!!!!!!!!!!!!!!!!!!!!!!!!!!!!!!!!!!!!!!!!!!!!!!!!!!!!!!!!!!!!!!!!!!!!!!!!!!!!!!!!!!!!!!!!!!!!", "numeric_answer": null, "relative_error": null, "thinking_text": null, "has_tool_call": false, "tool_call": null, "usage": {"prompt_tokens": 94, "completion_tokens": 121, "total_tokens": 215, "token_count_source": "tokenizer"}, "decoding": {"temperature": 0.2, "top_p": null, "top_k": null, "max_tokens": 120, "seed": 42}, "prompt_tokens": 94, "completion_tokens": 121, "total_tokens": 215, "token_count_source": "tokenizer", "diffusion_steps": null, "flops_estimate": null, "flops_arch": null, "flops_model_params": null, "flops_active_params": null, "tokens_non_final": 1, "tokens_reasoning": 0, "tokens_response": 1, "elapsed_seconds": 34.40900254249573, "judgement": "Uncategorized"}
{"id": "tips_001007", "topic": "tips", "subtopic": "tips_service", "prompt": "Bill is $101.70; service fee 3% and tip 18%. About how much do you pay in total?", "exact_value": 123.61, "model": "Dream-org/Dream-v0-Instruct-7B", "provider": "transformers", "response": "Final answer: 122.20", "numeric_answer": 122.2, "relative_error": 0.011406844106463851, "thinking_text": null, "has_tool_call": false, "tool_call": null, "usage": {"prompt_tokens": 95, "completion_tokens": 120, "total_tokens": 215, "token_count_source": "tokenizer"}, "decoding": {"temperature": 0.2, "top_p": null, "top_k": null, "max_tokens": 120, "seed": 42}, "prompt_tokens": 95, "completion_tokens": 120, "total_tokens": 215, "token_count_source": "tokenizer", "diffusion_steps": null, "flops_estimate": null, "flops_arch": null, "flops_model_params": null, "flops_active_params": null, "tokens_non_final": 3, "tokens_reasoning": 0, "tokens_response": 3, "elapsed_seconds": 34.40900254249573, "judgement": "Good approximation"}
{"id": "tips_001027", "topic": "tips", "subtopic": "tips_service", "prompt": "Bill is $71.23; service fee 0% and tip 20%. About how much do you pay in total?", "exact_value": 85.48, "model": "Dream-org/Dream-v0-Instruct-7B", "provider": "transformers", "response": "!!!!!!!!!!!!!!!!!!!!!!!!!!!!!!!!!!!!!!!!!!!!!!!!!!!!!!!!!!!!!!!!!!!!!!!!!!!!!!!!!!!!!!!!!!!!!!!!!!!!!!!!!!!!!!!!!!!!!!!!", "numeric_answer": null, "relative_error": null, "thinking_text": null, "has_tool_call": false, "tool_call": null, "usage": {"prompt_tokens": 94, "completion_tokens": 121, "total_tokens": 215, "token_count_source": "tokenizer"}, "decoding": {"temperature": 0.2, "top_p": null, "top_k": null, "max_tokens": 120, "seed": 42}, "prompt_tokens": 94, "completion_tokens": 121, "total_tokens": 215, "token_count_source": "tokenizer", "diffusion_steps": null, "flops_estimate": null, "flops_arch": null, "flops_model_params": null, "flops_active_params": null, "tokens_non_final": 1, "tokens_reasoning": 0, "tokens_response": 1, "elapsed_seconds": 34.40900254249573, "judgement": "Uncategorized"}
{"id": "tips_001047", "topic": "tips", "subtopic": "tips_service", "prompt": "Bill is $56.40; service fee 5% and tip 15%. About how much do you pay in total?", "exact_value": 68.1, "model": "Dream-org/Dream-v0-Instruct-7B", "provider": "transformers", "response": "!!!!!!!!!!!!!!!!!!!!!!!!!!!!!!!!!!!!!!!!!!!!!!!!!!!!!!!!!!!!!!!!!!!!!!!!!!!!!!!!!!!!!!!!!!!!!!!!!!!!!!!!!!!!!!!!!!!!!!!!", "numeric_answer": null, "relative_error": null, "thinking_text": null, "has_tool_call": false, "tool_call": null, "usage": {"prompt_tokens": 94, "completion_tokens": 121, "total_tokens": 215, "token_count_source": "tokenizer"}, "decoding": {"temperature": 0.2, "top_p": null, "top_k": null, "max_tokens": 120, "seed": 42}, "prompt_tokens": 94, "completion_tokens": 121, "total_tokens": 215, "token_count_source": "tokenizer", "diffusion_steps": null, "flops_estimate": null, "flops_arch": null, "flops_model_params": null, "flops_active_params": null, "tokens_non_final": 1, "tokens_reasoning": 0, "tokens_response": 1, "elapsed_seconds": 34.40900254249573, "judgement": "Uncategorized"}
{"id": "tips_001067", "topic": "tips", "subtopic": "tips_service", "prompt": "Bill is $110.45; service fee 5% and tip 20%. About how much do you pay in total?", "exact_value": 139.17, "model": "Dream-org/Dream-v0-Instruct-7B", "provider": "transformers", "response": "Final answer: 120.22.", "numeric_answer": 120.22, "relative_error": 0.13616440324782633, "thinking_text": null, "has_tool_call": false, "tool_call": null, "usage": {"prompt_tokens": 95, "completion_tokens": 120, "total_tokens": 215, "token_count_source": "tokenizer"}, "decoding": {"temperature": 0.2, "top_p": null, "top_k": null, "max_tokens": 120, "seed": 42}, "prompt_tokens": 95, "completion_tokens": 120, "total_tokens": 215, "token_count_source": "tokenizer", "diffusion_steps": null, "flops_estimate": null, "flops_arch": null, "flops_model_params": null, "flops_active_params": null, "tokens_non_final": 3, "tokens_reasoning": 0, "tokens_response": 3, "elapsed_seconds": 34.38352108001709, "judgement": "Good approximation"}
{"id": "tips_001087", "topic": "tips", "subtopic": "tips_service", "prompt": "Bill is $32.83; service fee 0% and tip 15%. About how much do you pay in total?", "exact_value": 37.75, "model": "Dream-org/Dream-v0-Instruct-7B", "provider": "transformers", "response": "!!!!!!!!!!!!!!!!!!!!!!!!!!!!!!!!!!!!!!!!!!!!!!!!!!!!!!!!!!!!!!!!!!!!!!!!!!!!!!!!!!!!!!!!!!!!!!!!!!!!!!!!!!!!!!!!!!!!!!!!", "numeric_answer": null, "relative_error": null, "thinking_text": null, "has_tool_call": false, "tool_call": null, "usage": {"prompt_tokens": 94, "completion_tokens": 121, "total_tokens": 215, "token_count_source": "tokenizer"}, "decoding": {"temperature": 0.2, "top_p": null, "top_k": null, "max_tokens": 120, "seed": 42}, "prompt_tokens": 94, "completion_tokens": 121, "total_tokens": 215, "token_count_source": "tokenizer", "diffusion_steps": null, "flops_estimate": null, "flops_arch": null, "flops_model_params": null, "flops_active_params": null, "tokens_non_final": 1, "tokens_reasoning": 0, "tokens_response": 1, "elapsed_seconds": 34.38352108001709, "judgement": "Uncategorized"}
{"id": "tips_001107", "topic": "tips", "subtopic": "tips_service", "prompt": "Bill is $52.28; service fee 3% and tip 15%. About how much do you pay in total?", "exact_value": 61.93, "model": "Dream-org/Dream-v0-Instruct-7B", "provider": "transformers", "response": "!!!!!!!!!!!!!!!!!!!!!!!!!!!!!!!!!!!!!!!!!!!!!!!!!!!!!!!!!!!!!!!!!!!!!!!!!!!!!!!!!!!!!!!!!!!!!!!!!!!!!!!!!!!!!!!!!!!!!!!!", "numeric_answer": null, "relative_error": null, "thinking_text": null, "has_tool_call": false, "tool_call": null, "usage": {"prompt_tokens": 94, "completion_tokens": 121, "total_tokens": 215, "token_count_source": "tokenizer"}, "decoding": {"temperature": 0.2, "top_p": null, "top_k": null, "max_tokens": 120, "seed": 42}, "prompt_tokens": 94, "completion_tokens": 121, "total_tokens": 215, "token_count_source": "tokenizer", "diffusion_steps": null, "flops_estimate": null, "flops_arch": null, "flops_model_params": null, "flops_active_params": null, "tokens_non_final": 1, "tokens_reasoning": 0, "tokens_response": 1, "elapsed_seconds": 34.38352108001709, "judgement": "Uncategorized"}
{"id": "tips_001127", "topic": "tips", "subtopic": "tips_service", "prompt": "Bill is $24.64; service fee 0% and tip 20%. About how much do you pay in total?", "exact_value": 29.57, "model": "Dream-org/Dream-v0-Instruct-7B", "provider": "transformers", "response": "!!!!!!!!!!!!!!!!!!!!!!!!!!!!!!!!!!!!!!!!!!!!!!!!!!!!!!!!!!!!!!!!!!!!!!!!!!!!!!!!!!!!!!!!!!!!!!!!!!!!!!!!!!!!!!!!!!!!!!!!", "numeric_answer": null, "relative_error": null, "thinking_text": null, "has_tool_call": false, "tool_call": null, "usage": {"prompt_tokens": 94, "completion_tokens": 121, "total_tokens": 215, "token_count_source": "tokenizer"}, "decoding": {"temperature": 0.2, "top_p": null, "top_k": null, "max_tokens": 120, "seed": 42}, "prompt_tokens": 94, "completion_tokens": 121, "total_tokens": 215, "token_count_source": "tokenizer", "diffusion_steps": null, "flops_estimate": null, "flops_arch": null, "flops_model_params": null, "flops_active_params": null, "tokens_non_final": 1, "tokens_reasoning": 0, "tokens_response": 1, "elapsed_seconds": 34.38352108001709, "judgement": "Uncategorized"}
{"id": "tips_001147", "topic": "tips", "subtopic": "tips_service", "prompt": "Bill is $56.58; service fee 0% and tip 22%. About how much do you pay in total?", "exact_value": 69.03, "model": "Dream-org/Dream-v0-Instruct-7B", "provider": "transformers", "response": "Final answer: 60", "numeric_answer": 60.0, "relative_error": 0.13081269013472405, "thinking_text": null, "has_tool_call": false, "tool_call": null, "usage": {"prompt_tokens": 94, "completion_tokens": 120, "total_tokens": 214, "token_count_source": "tokenizer"}, "decoding": {"temperature": 0.2, "top_p": null, "top_k": null, "max_tokens": 120, "seed": 42}, "prompt_tokens": 94, "completion_tokens": 120, "total_tokens": 214, "token_count_source": "tokenizer", "diffusion_steps": null, "flops_estimate": null, "flops_arch": null, "flops_model_params": null, "flops_active_params": null, "tokens_non_final": 3, "tokens_reasoning": 0, "tokens_response": 3, "elapsed_seconds": 35.65091896057129, "judgement": "Good approximation"}
{"id": "tips_001167", "topic": "tips", "subtopic": "tips_service", "prompt": "Bill is $37.99; service fee 5% and tip 18%. About how much do you pay in total?", "exact_value": 47.07, "model": "Dream-org/Dream-v0-Instruct-7B", "provider": "transformers", "response": "Final answer: 20.02", "numeric_answer": 20.02, "relative_error": 0.5746760144465689, "thinking_text": null, "has_tool_call": false, "tool_call": null, "usage": {"prompt_tokens": 94, "completion_tokens": 120, "total_tokens": 214, "token_count_source": "tokenizer"}, "decoding": {"temperature": 0.2, "top_p": null, "top_k": null, "max_tokens": 120, "seed": 42}, "prompt_tokens": 94, "completion_tokens": 120, "total_tokens": 214, "token_count_source": "tokenizer", "diffusion_steps": null, "flops_estimate": null, "flops_arch": null, "flops_model_params": null, "flops_active_params": null, "tokens_non_final": 3, "tokens_reasoning": 0, "tokens_response": 3, "elapsed_seconds": 35.65091896057129, "judgement": "Mildly off"}
{"id": "tips_001187", "topic": "tips", "subtopic": "tips_service", "prompt": "Bill is $68.55; service fee 0% and tip 22%. About how much do you pay in total?", "exact_value": 83.63, "model": "Dream-org/Dream-v0-Instruct-7B", "provider": "transformers", "response": "Final answer: 20.12", "numeric_answer": 20.12, "relative_error": 0.7594164773406672, "thinking_text": null, "has_tool_call": false, "tool_call": null, "usage": {"prompt_tokens": 94, "completion_tokens": 120, "total_tokens": 214, "token_count_source": "tokenizer"}, "decoding": {"temperature": 0.2, "top_p": null, "top_k": null, "max_tokens": 120, "seed": 42}, "prompt_tokens": 94, "completion_tokens": 120, "total_tokens": 214, "token_count_source": "tokenizer", "diffusion_steps": null, "flops_estimate": null, "flops_arch": null, "flops_model_params": null, "flops_active_params": null, "tokens_non_final": 3, "tokens_reasoning": 0, "tokens_response": 3, "elapsed_seconds": 35.65091896057129, "judgement": "Way off"}
{"id": "tips_001207", "topic": "tips", "subtopic": "tips_service", "prompt": "Bill is $73.94; service fee 5% and tip 20%. About how much do you pay in total?", "exact_value": 93.16, "model": "Dream-org/Dream-v0-Instruct-7B", "provider": "transformers", "response": "Final answer: 23.04", "numeric_answer": 23.04, "relative_error": 0.7526835551738944, "thinking_text": null, "has_tool_call": false, "tool_call": null, "usage": {"prompt_tokens": 94, "completion_tokens": 120, "total_tokens": 214, "token_count_source": "tokenizer"}, "decoding": {"temperature": 0.2, "top_p": null, "top_k": null, "max_tokens": 120, "seed": 42}, "prompt_tokens": 94, "completion_tokens": 120, "total_tokens": 214, "token_count_source": "tokenizer", "diffusion_steps": null, "flops_estimate": null, "flops_arch": null, "flops_model_params": null, "flops_active_params": null, "tokens_non_final": 3, "tokens_reasoning": 0, "tokens_response": 3, "elapsed_seconds": 35.65091896057129, "judgement": "Way off"}
{"id": "tips_001227", "topic": "tips", "subtopic": "tips_service", "prompt": "Bill is $89.16; service fee 0% and tip 20%. About how much do you pay in total?", "exact_value": 106.99, "model": "Dream-org/Dream-v0-Instruct-7B", "provider": "transformers", "response": "!!!!!!!!!!!!!!!!!!!!!!!!!!!!!!!!!!!!!!!!!!!!!!!!!!!!!!!!!!!!!!!!!!!!!!!!!!!!!!!!!!!!!!!!!!!!!!!!!!!!!!!!!!!!!!!!!!!!!!!!", "numeric_answer": null, "relative_error": null, "thinking_text": null, "has_tool_call": false, "tool_call": null, "usage": {"prompt_tokens": 94, "completion_tokens": 121, "total_tokens": 215, "token_count_source": "tokenizer"}, "decoding": {"temperature": 0.2, "top_p": null, "top_k": null, "max_tokens": 120, "seed": 42}, "prompt_tokens": 94, "completion_tokens": 121, "total_tokens": 215, "token_count_source": "tokenizer", "diffusion_steps": null, "flops_estimate": null, "flops_arch": null, "flops_model_params": null, "flops_active_params": null, "tokens_non_final": 1, "tokens_reasoning": 0, "tokens_response": 1, "elapsed_seconds": 34.30360555648804, "judgement": "Uncategorized"}
{"id": "tips_001247", "topic": "tips", "subtopic": "tips_service", "prompt": "Bill is $77.57; service fee 0% and tip 22%. About how much do you pay in total?", "exact_value": 94.64, "model": "Dream-org/Dream-v0-Instruct-7B", "provider": "transformers", "response": "!!!!!!!!!!!!!!!!!!!!!!!!!!!!!!!!!!!!!!!!!!!!!!!!!!!!!!!!!!!!!!!!!!!!!!!!!!!!!!!!!!!!!!!!!!!!!!!!!!!!!!!!!!!!!!!!!!!!!!!!", "numeric_answer": null, "relative_error": null, "thinking_text": null, "has_tool_call": false, "tool_call": null, "usage": {"prompt_tokens": 94, "completion_tokens": 121, "total_tokens": 215, "token_count_source": "tokenizer"}, "decoding": {"temperature": 0.2, "top_p": null, "top_k": null, "max_tokens": 120, "seed": 42}, "prompt_tokens": 94, "completion_tokens": 121, "total_tokens": 215, "token_count_source": "tokenizer", "diffusion_steps": null, "flops_estimate": null, "flops_arch": null, "flops_model_params": null, "flops_active_params": null, "tokens_non_final": 1, "tokens_reasoning": 0, "tokens_response": 1, "elapsed_seconds": 34.30360555648804, "judgement": "Uncategorized"}
{"id": "tips_001267", "topic": "tips", "subtopic": "tips_service", "prompt": "Bill is $17.65; service fee 0% and tip 15%. About how much do you pay in total?", "exact_value": 20.3, "model": "Dream-org/Dream-v0-Instruct-7B", "provider": "transformers", "response": "!!!!!!!!!!!!!!!!!!!!!!!!!!!!!!!!!!!!!!!!!!!!!!!!!!!!!!!!!!!!!!!!!!!!!!!!!!!!!!!!!!!!!!!!!!!!!!!!!!!!!!!!!!!!!!!!!!!!!!!!", "numeric_answer": null, "relative_error": null, "thinking_text": null, "has_tool_call": false, "tool_call": null, "usage": {"prompt_tokens": 94, "completion_tokens": 121, "total_tokens": 215, "token_count_source": "tokenizer"}, "decoding": {"temperature": 0.2, "top_p": null, "top_k": null, "max_tokens": 120, "seed": 42}, "prompt_tokens": 94, "completion_tokens": 121, "total_tokens": 215, "token_count_source": "tokenizer", "diffusion_steps": null, "flops_estimate": null, "flops_arch": null, "flops_model_params": null, "flops_active_params": null, "tokens_non_final": 1, "tokens_reasoning": 0, "tokens_response": 1, "elapsed_seconds": 34.30360555648804, "judgement": "Uncategorized"}
{"id": "tips_001287", "topic": "tips", "subtopic": "tips_service", "prompt": "Bill is $107.76; service fee 5% and tip 15%. About how much do you pay in total?", "exact_value": 130.12, "model": "Dream-org/Dream-v0-Instruct-7B", "provider": "transformers", "response": "Final answer: 120.22", "numeric_answer": 120.22, "relative_error": 0.0760836151245005, "thinking_text": null, "has_tool_call": false, "tool_call": null, "usage": {"prompt_tokens": 95, "completion_tokens": 120, "total_tokens": 215, "token_count_source": "tokenizer"}, "decoding": {"temperature": 0.2, "top_p": null, "top_k": null, "max_tokens": 120, "seed": 42}, "prompt_tokens": 95, "completion_tokens": 120, "total_tokens": 215, "token_count_source": "tokenizer", "diffusion_steps": null, "flops_estimate": null, "flops_arch": null, "flops_model_params": null, "flops_active_params": null, "tokens_non_final": 3, "tokens_reasoning": 0, "tokens_response": 3, "elapsed_seconds": 34.30360555648804, "judgement": "Good approximation"}
{"id": "tips_001307", "topic": "tips", "subtopic": "tips_service", "prompt": "Bill is $49.18; service fee 0% and tip 20%. About how much do you pay in total?", "exact_value": 59.02, "model": "Dream-org/Dream-v0-Instruct-7B", "provider": "transformers", "response": "!!!!!!!!!!!!!!!!!!!!!!!!!!!!!!!!!!!!!!!!!!!!!!!!!!!!!!!!!!!!!!!!!!!!!!!!!!!!!!!!!!!!!!!!!!!!!!!!!!!!!!!!!!!!!!!!!!!!!!!!", "numeric_answer": null, "relative_error": null, "thinking_text": null, "has_tool_call": false, "tool_call": null, "usage": {"prompt_tokens": 94, "completion_tokens": 121, "total_tokens": 215, "token_count_source": "tokenizer"}, "decoding": {"temperature": 0.2, "top_p": null, "top_k": null, "max_tokens": 120, "seed": 42}, "prompt_tokens": 94, "completion_tokens": 121, "total_tokens": 215, "token_count_source": "tokenizer", "diffusion_steps": null, "flops_estimate": null, "flops_arch": null, "flops_model_params": null, "flops_active_params": null, "tokens_non_final": 1, "tokens_reasoning": 0, "tokens_response": 1, "elapsed_seconds": 34.73661804199219, "judgement": "Uncategorized"}
{"id": "tips_001327", "topic": "tips", "subtopic": "tips_service", "prompt": "Bill is $43.49; service fee 5% and tip 18%. About how much do you pay in total?", "exact_value": 53.88, "model": "Dream-org/Dream-v0-Instruct-7B", "provider": "transformers", "response": "!!!!!!!!!!!!!!!!!!!!!!!!!!!!!!!!!!!!!!!!!!!!!!!!!!!!!!!!!!!!!!!!!!!!!!!!!!!!!!!!!!!!!!!!!!!!!!!!!!!!!!!!!!!!!!!!!!!!!!!!", "numeric_answer": null, "relative_error": null, "thinking_text": null, "has_tool_call": false, "tool_call": null, "usage": {"prompt_tokens": 94, "completion_tokens": 121, "total_tokens": 215, "token_count_source": "tokenizer"}, "decoding": {"temperature": 0.2, "top_p": null, "top_k": null, "max_tokens": 120, "seed": 42}, "prompt_tokens": 94, "completion_tokens": 121, "total_tokens": 215, "token_count_source": "tokenizer", "diffusion_steps": null, "flops_estimate": null, "flops_arch": null, "flops_model_params": null, "flops_active_params": null, "tokens_non_final": 1, "tokens_reasoning": 0, "tokens_response": 1, "elapsed_seconds": 34.73661804199219, "judgement": "Uncategorized"}
{"id": "fermi_000103", "topic": "fermi", "subtopic": "crowd_density", "prompt": "A plaza is about 70 m by 20 m, with roughly 4 people per square meter. About how many people are there?", "exact_value": 5600, "model": "Dream-org/Dream-v0-Instruct-7B", "provider": "transformers", "response": "Final answer: 20000", "numeric_answer": 20000.0, "relative_error": 2.5714285714285716, "thinking_text": null, "has_tool_call": false, "tool_call": null, "usage": {"prompt_tokens": 95, "completion_tokens": 120, "total_tokens": 215, "token_count_source": "tokenizer"}, "decoding": {"temperature": 0.2, "top_p": null, "top_k": null, "max_tokens": 120, "seed": 42}, "prompt_tokens": 95, "completion_tokens": 120, "total_tokens": 215, "token_count_source": "tokenizer", "diffusion_steps": null, "flops_estimate": null, "flops_arch": null, "flops_model_params": null, "flops_active_params": null, "tokens_non_final": 3, "tokens_reasoning": 0, "tokens_response": 3, "elapsed_seconds": 34.73661804199219, "judgement": "Way off"}
{"id": "fermi_000123", "topic": "fermi", "subtopic": "crowd_density", "prompt": "A plaza is about 70 m by 35 m, with roughly 4 people per square meter. About how many people are there?", "exact_value": 9800, "model": "Dream-org/Dream-v0-Instruct-7B", "provider": "transformers", "response": "Final answer: 2000", "numeric_answer": 2000.0, "relative_error": 0.7959183673469388, "thinking_text": null, "has_tool_call": false, "tool_call": null, "usage": {"prompt_tokens": 95, "completion_tokens": 120, "total_tokens": 215, "token_count_source": "tokenizer"}, "decoding": {"temperature": 0.2, "top_p": null, "top_k": null, "max_tokens": 120, "seed": 42}, "prompt_tokens": 95, "completion_tokens": 120, "total_tokens": 215, "token_count_source": "tokenizer", "diffusion_steps": null, "flops_estimate": null, "flops_arch": null, "flops_model_params": null, "flops_active_params": null, "tokens_non_final": 3, "tokens_reasoning": 0, "tokens_response": 3, "elapsed_seconds": 34.73661804199219, "judgement": "Way off"}
{"id": "fermi_000143", "topic": "fermi", "subtopic": "crowd_density", "prompt": "A plaza is about 30 m by 20 m, with roughly 1 people per square meter. About how many people are there?", "exact_value": 600, "model": "Dream-org/Dream-v0-Instruct-7B", "provider": "transformers", "response": "Final answer: 200", "numeric_answer": 200.0, "relative_error": 0.6666666666666666, "thinking_text": null, "has_tool_call": false, "tool_call": null, "usage": {"prompt_tokens": 95, "completion_tokens": 120, "total_tokens": 215, "token_count_source": "tokenizer"}, "decoding": {"temperature": 0.2, "top_p": null, "top_k": null, "max_tokens": 120, "seed": 42}, "prompt_tokens": 95, "completion_tokens": 120, "total_tokens": 215, "token_count_source": "tokenizer", "diffusion_steps": null, "flops_estimate": null, "flops_arch": null, "flops_model_params": null, "flops_active_params": null, "tokens_non_final": 3, "tokens_reasoning": 0, "tokens_response": 3, "elapsed_seconds": 35.56525158882141, "judgement": "Way off"}
{"id": "fermi_000163", "topic": "fermi", "subtopic": "crowd_density", "prompt": "A plaza is about 70 m by 35 m, with roughly 3 people per square meter. About how many people are there?", "exact_value": 7350, "model": "Dream-org/Dream-v0-Instruct-7B", "provider": "transformers", "response": "Final answer: 1000", "numeric_answer": 1000.0, "relative_error": 0.8639455782312925, "thinking_text": null, "has_tool_call": false, "tool_call": null, "usage": {"prompt_tokens": 95, "completion_tokens": 120, "total_tokens": 215, "token_count_source": "tokenizer"}, "decoding": {"temperature": 0.2, "top_p": null, "top_k": null, "max_tokens": 120, "seed": 42}, "prompt_tokens": 95, "completion_tokens": 120, "total_tokens": 215, "token_count_source": "tokenizer", "diffusion_steps": null, "flops_estimate": null, "flops_arch": null, "flops_model_params": null, "flops_active_params": null, "tokens_non_final": 3, "tokens_reasoning": 0, "tokens_response": 3, "elapsed_seconds": 35.56525158882141, "judgement": "Way off"}
{"id": "fermi_000183", "topic": "fermi", "subtopic": "crowd_density", "prompt": "A plaza is about 40 m by 35 m, with roughly 3 people per square meter. About how many people are there?", "exact_value": 4200, "model": "Dream-org/Dream-v0-Instruct-7B", "provider": "transformers", "response": "", "numeric_answer": null, "relative_error": null, "thinking_text": null, "has_tool_call": false, "tool_call": null, "usage": {"prompt_tokens": 95, "completion_tokens": 120, "total_tokens": 215, "token_count_source": "tokenizer"}, "decoding": {"temperature": 0.2, "top_p": null, "top_k": null, "max_tokens": 120, "seed": 42}, "prompt_tokens": 95, "completion_tokens": 120, "total_tokens": 215, "token_count_source": "tokenizer", "diffusion_steps": null, "flops_estimate": null, "flops_arch": null, "flops_model_params": null, "flops_active_params": null, "tokens_non_final": 0, "tokens_reasoning": 0, "tokens_response": 0, "elapsed_seconds": 35.56525158882141, "judgement": "Uncategorized"}
{"id": "fermi_000203", "topic": "fermi", "subtopic": "crowd_density", "prompt": "A plaza is about 50 m by 20 m, with roughly 4 people per square meter. About how many people are there?", "exact_value": 4000, "model": "Dream-org/Dream-v0-Instruct-7B", "provider": "transformers", "response": "Final answer: 2200", "numeric_answer": 2200.0, "relative_error": 0.45, "thinking_text": null, "has_tool_call": false, "tool_call": null, "usage": {"prompt_tokens": 95, "completion_tokens": 120, "total_tokens": 215, "token_count_source": "tokenizer"}, "decoding": {"temperature": 0.2, "top_p": null, "top_k": null, "max_tokens": 120, "seed": 42}, "prompt_tokens": 95, "completion_tokens": 120, "total_tokens": 215, "token_count_source": "tokenizer", "diffusion_steps": null, "flops_estimate": null, "flops_arch": null, "flops_model_params": null, "flops_active_params": null, "tokens_non_final": 3, "tokens_reasoning": 0, "tokens_response": 3, "elapsed_seconds": 35.56525158882141, "judgement": "Mildly off"}
{"id": "fermi_000223", "topic": "fermi", "subtopic": "crowd_density", "prompt": "A plaza is about 40 m by 20 m, with roughly 1 people per square meter. About how many people are there?", "exact_value": 800, "model": "Dream-org/Dream-v0-Instruct-7B", "provider": "transformers", "response": "Final answer: 2", "numeric_answer": 2.0, "relative_error": 0.9975, "thinking_text": null, "has_tool_call": false, "tool_call": null, "usage": {"prompt_tokens": 95, "completion_tokens": 120, "total_tokens": 215, "token_count_source": "tokenizer"}, "decoding": {"temperature": 0.2, "top_p": null, "top_k": null, "max_tokens": 120, "seed": 42}, "prompt_tokens": 95, "completion_tokens": 120, "total_tokens": 215, "token_count_source": "tokenizer", "diffusion_steps": null, "flops_estimate": null, "flops_arch": null, "flops_model_params": null, "flops_active_params": null, "tokens_non_final": 3, "tokens_reasoning": 0, "tokens_response": 3, "elapsed_seconds": 35.555357933044434, "judgement": "Way off"}
{"id": "fermi_000243", "topic": "fermi", "subtopic": "crowd_density", "prompt": "A plaza is about 50 m by 35 m, with roughly 1 people per square meter. About how many people are there?", "exact_value": 1750, "model": "Dream-org/Dream-v0-Instruct-7B", "provider": "transformers", "response": "Final answer:", "numeric_answer": null, "relative_error": null, "thinking_text": null, "has_tool_call": false, "tool_call": null, "usage": {"prompt_tokens": 95, "completion_tokens": 120, "total_tokens": 215, "token_count_source": "tokenizer"}, "decoding": {"temperature": 0.2, "top_p": null, "top_k": null, "max_tokens": 120, "seed": 42}, "prompt_tokens": 95, "completion_tokens": 120, "total_tokens": 215, "token_count_source": "tokenizer", "diffusion_steps": null, "flops_estimate": null, "flops_arch": null, "flops_model_params": null, "flops_active_params": null, "tokens_non_final": 2, "tokens_reasoning": 0, "tokens_response": 2, "elapsed_seconds": 35.555357933044434, "judgement": "Uncategorized"}
{"id": "fermi_000263", "topic": "fermi", "subtopic": "crowd_density", "prompt": "A plaza is about 40 m by 30 m, with roughly 1 people per square meter. About how many people are there?", "exact_value": 1200, "model": "Dream-org/Dream-v0-Instruct-7B", "provider": "transformers", "response": "Final answer: 2000", "numeric_answer": 2000.0, "relative_error": 0.6666666666666666, "thinking_text": null, "has_tool_call": false, "tool_call": null, "usage": {"prompt_tokens": 95, "completion_tokens": 120, "total_tokens": 215, "token_count_source": "tokenizer"}, "decoding": {"temperature": 0.2, "top_p": null, "top_k": null, "max_tokens": 120, "seed": 42}, "prompt_tokens": 95, "completion_tokens": 120, "total_tokens": 215, "token_count_source": "tokenizer", "diffusion_steps": null, "flops_estimate": null, "flops_arch": null, "flops_model_params": null, "flops_active_params": null, "tokens_non_final": 3, "tokens_reasoning": 0, "tokens_response": 3, "elapsed_seconds": 35.555357933044434, "judgement": "Way off"}
{"id": "fermi_000283", "topic": "fermi", "subtopic": "crowd_density", "prompt": "A plaza is about 40 m by 20 m, with roughly 1 people per square meter. About how many people are there?", "exact_value": 800, "model": "Dream-org/Dream-v0-Instruct-7B", "provider": "transformers", "response": "Final answer: 20000", "numeric_answer": 20000.0, "relative_error": 24.0, "thinking_text": null, "has_tool_call": false, "tool_call": null, "usage": {"prompt_tokens": 95, "completion_tokens": 120, "total_tokens": 215, "token_count_source": "tokenizer"}, "decoding": {"temperature": 0.2, "top_p": null, "top_k": null, "max_tokens": 120, "seed": 42}, "prompt_tokens": 95, "completion_tokens": 120, "total_tokens": 215, "token_count_source": "tokenizer", "diffusion_steps": null, "flops_estimate": null, "flops_arch": null, "flops_model_params": null, "flops_active_params": null, "tokens_non_final": 3, "tokens_reasoning": 0, "tokens_response": 3, "elapsed_seconds": 35.555357933044434, "judgement": "Way off"}
{"id": "fermi_000303", "topic": "fermi", "subtopic": "crowd_density", "prompt": "A plaza is about 70 m by 25 m, with roughly 3 people per square meter. About how many people are there?", "exact_value": 5250, "model": "Dream-org/Dream-v0-Instruct-7B", "provider": "transformers", "response": "Final answer: 1000", "numeric_answer": 1000.0, "relative_error": 0.8095238095238095, "thinking_text": null, "has_tool_call": false, "tool_call": null, "usage": {"prompt_tokens": 95, "completion_tokens": 120, "total_tokens": 215, "token_count_source": "tokenizer"}, "decoding": {"temperature": 0.2, "top_p": null, "top_k": null, "max_tokens": 120, "seed": 42}, "prompt_tokens": 95, "completion_tokens": 120, "total_tokens": 215, "token_count_source": "tokenizer", "diffusion_steps": null, "flops_estimate": null, "flops_arch": null, "flops_model_params": null, "flops_active_params": null, "tokens_non_final": 3, "tokens_reasoning": 0, "tokens_response": 3, "elapsed_seconds": 35.54178977012634, "judgement": "Way off"}
{"id": "fermi_000323", "topic": "fermi", "subtopic": "crowd_density", "prompt": "A plaza is about 70 m by 20 m, with roughly 3 people per square meter. About how many people are there?", "exact_value": 4200, "model": "Dream-org/Dream-v0-Instruct-7B", "provider": "transformers", "response": "Final answer: 2000", "numeric_answer": 2000.0, "relative_error": 0.5238095238095238, "thinking_text": null, "has_tool_call": false, "tool_call": null, "usage": {"prompt_tokens": 95, "completion_tokens": 120, "total_tokens": 215, "token_count_source": "tokenizer"}, "decoding": {"temperature": 0.2, "top_p": null, "top_k": null, "max_tokens": 120, "seed": 42}, "prompt_tokens": 95, "completion_tokens": 120, "total_tokens": 215, "token_count_source": "tokenizer", "diffusion_steps": null, "flops_estimate": null, "flops_arch": null, "flops_model_params": null, "flops_active_params": null, "tokens_non_final": 3, "tokens_reasoning": 0, "tokens_response": 3, "elapsed_seconds": 35.54178977012634, "judgement": "Mildly off"}
{"id": "fermi_000343", "topic": "fermi", "subtopic": "crowd_density", "prompt": "A plaza is about 60 m by 30 m, with roughly 4 people per square meter. About how many people are there?", "exact_value": 7200, "model": "Dream-org/Dream-v0-Instruct-7B", "provider": "transformers", "response": "Final answer: 10000", "numeric_answer": 10000.0, "relative_error": 0.3888888888888889, "thinking_text": null, "has_tool_call": false, "tool_call": null, "usage": {"prompt_tokens": 95, "completion_tokens": 120, "total_tokens": 215, "token_count_source": "tokenizer"}, "decoding": {"temperature": 0.2, "top_p": null, "top_k": null, "max_tokens": 120, "seed": 42}, "prompt_tokens": 95, "completion_tokens": 120, "total_tokens": 215, "token_count_source": "tokenizer", "diffusion_steps": null, "flops_estimate": null, "flops_arch": null, "flops_model_params": null, "flops_active_params": null, "tokens_non_final": 3, "tokens_reasoning": 0, "tokens_response": 3, "elapsed_seconds": 35.54178977012634, "judgement": "Mildly off"}
{"id": "fermi_000363", "topic": "fermi", "subtopic": "crowd_density", "prompt": "A plaza is about 70 m by 20 m, with roughly 1 people per square meter. About how many people are there?", "exact_value": 1400, "model": "Dream-org/Dream-v0-Instruct-7B", "provider": "transformers", "response": "Final answer: 2000", "numeric_answer": 2000.0, "relative_error": 0.42857142857142855, "thinking_text": null, "has_tool_call": false, "tool_call": null, "usage": {"prompt_tokens": 95, "completion_tokens": 120, "total_tokens": 215, "token_count_source": "tokenizer"}, "decoding": {"temperature": 0.2, "top_p": null, "top_k": null, "max_tokens": 120, "seed": 42}, "prompt_tokens": 95, "completion_tokens": 120, "total_tokens": 215, "token_count_source": "tokenizer", "diffusion_steps": null, "flops_estimate": null, "flops_arch": null, "flops_model_params": null, "flops_active_params": null, "tokens_non_final": 3, "tokens_reasoning": 0, "tokens_response": 3, "elapsed_seconds": 35.54178977012634, "judgement": "Mildly off"}
{"id": "fermi_000383", "topic": "fermi", "subtopic": "crowd_density", "prompt": "A plaza is about 30 m by 30 m, with roughly 1 people per square meter. About how many people are there?", "exact_value": 900, "model": "Dream-org/Dream-v0-Instruct-7B", "provider": "transformers", "response": "Final answer: 200", "numeric_answer": 200.0, "relative_error": 0.7777777777777778, "thinking_text": null, "has_tool_call": false, "tool_call": null, "usage": {"prompt_tokens": 95, "completion_tokens": 120, "total_tokens": 215, "token_count_source": "tokenizer"}, "decoding": {"temperature": 0.2, "top_p": null, "top_k": null, "max_tokens": 120, "seed": 42}, "prompt_tokens": 95, "completion_tokens": 120, "total_tokens": 215, "token_count_source": "tokenizer", "diffusion_steps": null, "flops_estimate": null, "flops_arch": null, "flops_model_params": null, "flops_active_params": null, "tokens_non_final": 3, "tokens_reasoning": 0, "tokens_response": 3, "elapsed_seconds": 35.58995532989502, "judgement": "Way off"}
{"id": "fermi_000403", "topic": "fermi", "subtopic": "crowd_density", "prompt": "A plaza is about 40 m by 30 m, with roughly 2 people per square meter. About how many people are there?", "exact_value": 2400, "model": "Dream-org/Dream-v0-Instruct-7B", "provider": "transformers", "response": "Final answer: 4000", "numeric_answer": 4000.0, "relative_error": 0.6666666666666666, "thinking_text": null, "has_tool_call": false, "tool_call": null, "usage": {"prompt_tokens": 95, "completion_tokens": 120, "total_tokens": 215, "token_count_source": "tokenizer"}, "decoding": {"temperature": 0.2, "top_p": null, "top_k": null, "max_tokens": 120, "seed": 42}, "prompt_tokens": 95, "completion_tokens": 120, "total_tokens": 215, "token_count_source": "tokenizer", "diffusion_steps": null, "flops_estimate": null, "flops_arch": null, "flops_model_params": null, "flops_active_params": null, "tokens_non_final": 3, "tokens_reasoning": 0, "tokens_response": 3, "elapsed_seconds": 35.58995532989502, "judgement": "Way off"}
{"id": "fermi_000423", "topic": "fermi", "subtopic": "crowd_density", "prompt": "A plaza is about 70 m by 20 m, with roughly 1 people per square meter. About how many people are there?", "exact_value": 1400, "model": "Dream-org/Dream-v0-Instruct-7B", "provider": "transformers", "response": "Final answer: 200", "numeric_answer": 200.0, "relative_error": 0.8571428571428571, "thinking_text": null, "has_tool_call": false, "tool_call": null, "usage": {"prompt_tokens": 95, "completion_tokens": 120, "total_tokens": 215, "token_count_source": "tokenizer"}, "decoding": {"temperature": 0.2, "top_p": null, "top_k": null, "max_tokens": 120, "seed": 42}, "prompt_tokens": 95, "completion_tokens": 120, "total_tokens": 215, "token_count_source": "tokenizer", "diffusion_steps": null, "flops_estimate": null, "flops_arch": null, "flops_model_params": null, "flops_active_params": null, "tokens_non_final": 3, "tokens_reasoning": 0, "tokens_response": 3, "elapsed_seconds": 35.58995532989502, "judgement": "Way off"}
{"id": "fermi_000443", "topic": "fermi", "subtopic": "crowd_density", "prompt": "A plaza is about 30 m by 30 m, with roughly 4 people per square meter. About how many people are there?", "exact_value": 3600, "model": "Dream-org/Dream-v0-Instruct-7B", "provider": "transformers", "response": "Final answer: 200", "numeric_answer": 200.0, "relative_error": 0.9444444444444444, "thinking_text": null, "has_tool_call": false, "tool_call": null, "usage": {"prompt_tokens": 95, "completion_tokens": 120, "total_tokens": 215, "token_count_source": "tokenizer"}, "decoding": {"temperature": 0.2, "top_p": null, "top_k": null, "max_tokens": 120, "seed": 42}, "prompt_tokens": 95, "completion_tokens": 120, "total_tokens": 215, "token_count_source": "tokenizer", "diffusion_steps": null, "flops_estimate": null, "flops_arch": null, "flops_model_params": null, "flops_active_params": null, "tokens_non_final": 3, "tokens_reasoning": 0, "tokens_response": 3, "elapsed_seconds": 35.58995532989502, "judgement": "Way off"}
{"id": "fermi_000463", "topic": "fermi", "subtopic": "crowd_density", "prompt": "A plaza is about 60 m by 25 m, with roughly 3 people per square meter. About how many people are there?", "exact_value": 4500, "model": "Dream-org/Dream-v0-Instruct-7B", "provider": "transformers", "response": "Final answer: 1000", "numeric_answer": 1000.0, "relative_error": 0.7777777777777778, "thinking_text": null, "has_tool_call": false, "tool_call": null, "usage": {"prompt_tokens": 95, "completion_tokens": 120, "total_tokens": 215, "token_count_source": "tokenizer"}, "decoding": {"temperature": 0.2, "top_p": null, "top_k": null, "max_tokens": 120, "seed": 42}, "prompt_tokens": 95, "completion_tokens": 120, "total_tokens": 215, "token_count_source": "tokenizer", "diffusion_steps": null, "flops_estimate": null, "flops_arch": null, "flops_model_params": null, "flops_active_params": null, "tokens_non_final": 3, "tokens_reasoning": 0, "tokens_response": 3, "elapsed_seconds": 35.5743203163147, "judgement": "Way off"}
{"id": "fermi_000483", "topic": "fermi", "subtopic": "crowd_density", "prompt": "A plaza is about 70 m by 30 m, with roughly 2 people per square meter. About how many people are there?", "exact_value": 4200, "model": "Dream-org/Dream-v0-Instruct-7B", "provider": "transformers", "response": "Final", "numeric_answer": null, "relative_error": null, "thinking_text": null, "has_tool_call": false, "tool_call": null, "usage": {"prompt_tokens": 95, "completion_tokens": 120, "total_tokens": 215, "token_count_source": "tokenizer"}, "decoding": {"temperature": 0.2, "top_p": null, "top_k": null, "max_tokens": 120, "seed": 42}, "prompt_tokens": 95, "completion_tokens": 120, "total_tokens": 215, "token_count_source": "tokenizer", "diffusion_steps": null, "flops_estimate": null, "flops_arch": null, "flops_model_params": null, "flops_active_params": null, "tokens_non_final": 1, "tokens_reasoning": 0, "tokens_response": 1, "elapsed_seconds": 35.5743203163147, "judgement": "Uncategorized"}
{"id": "fermi_000503", "topic": "fermi", "subtopic": "crowd_density", "prompt": "A plaza is about 40 m by 25 m, with roughly 4 people per square meter. About how many people are there?", "exact_value": 4000, "model": "Dream-org/Dream-v0-Instruct-7B", "provider": "transformers", "response": "Final answer: 2200", "numeric_answer": 2200.0, "relative_error": 0.45, "thinking_text": null, "has_tool_call": false, "tool_call": null, "usage": {"prompt_tokens": 95, "completion_tokens": 120, "total_tokens": 215, "token_count_source": "tokenizer"}, "decoding": {"temperature": 0.2, "top_p": null, "top_k": null, "max_tokens": 120, "seed": 42}, "prompt_tokens": 95, "completion_tokens": 120, "total_tokens": 215, "token_count_source": "tokenizer", "diffusion_steps": null, "flops_estimate": null, "flops_arch": null, "flops_model_params": null, "flops_active_params": null, "tokens_non_final": 3, "tokens_reasoning": 0, "tokens_response": 3, "elapsed_seconds": 35.5743203163147, "judgement": "Mildly off"}
{"id": "fermi_000523", "topic": "fermi", "subtopic": "crowd_density", "prompt": "A plaza is about 50 m by 35 m, with roughly 4 people per square meter. About how many people are there?", "exact_value": 7000, "model": "Dream-org/Dream-v0-Instruct-7B", "provider": "transformers", "response": "Final answer: 1200", "numeric_answer": 1200.0, "relative_error": 0.8285714285714286, "thinking_text": null, "has_tool_call": false, "tool_call": null, "usage": {"prompt_tokens": 95, "completion_tokens": 120, "total_tokens": 215, "token_count_source": "tokenizer"}, "decoding": {"temperature": 0.2, "top_p": null, "top_k": null, "max_tokens": 120, "seed": 42}, "prompt_tokens": 95, "completion_tokens": 120, "total_tokens": 215, "token_count_source": "tokenizer", "diffusion_steps": null, "flops_estimate": null, "flops_arch": null, "flops_model_params": null, "flops_active_params": null, "tokens_non_final": 3, "tokens_reasoning": 0, "tokens_response": 3, "elapsed_seconds": 35.5743203163147, "judgement": "Way off"}
{"id": "fermi_000543", "topic": "fermi", "subtopic": "crowd_density", "prompt": "A plaza is about 40 m by 35 m, with roughly 2 people per square meter. About how many people are there?", "exact_value": 2800, "model": "Dream-org/Dream-v0-Instruct-7B", "provider": "transformers", "response": "Final answer: 200", "numeric_answer": 200.0, "relative_error": 0.9285714285714286, "thinking_text": null, "has_tool_call": false, "tool_call": null, "usage": {"prompt_tokens": 95, "completion_tokens": 120, "total_tokens": 215, "token_count_source": "tokenizer"}, "decoding": {"temperature": 0.2, "top_p": null, "top_k": null, "max_tokens": 120, "seed": 42}, "prompt_tokens": 95, "completion_tokens": 120, "total_tokens": 215, "token_count_source": "tokenizer", "diffusion_steps": null, "flops_estimate": null, "flops_arch": null, "flops_model_params": null, "flops_active_params": null, "tokens_non_final": 3, "tokens_reasoning": 0, "tokens_response": 3, "elapsed_seconds": 35.600914001464844, "judgement": "Way off"}
{"id": "fermi_000563", "topic": "fermi", "subtopic": "crowd_density", "prompt": "A plaza is about 30 m by 30 m, with roughly 3 people per square meter. About how many people are there?", "exact_value": 2700, "model": "Dream-org/Dream-v0-Instruct-7B", "provider": "transformers", "response": "Final answer: 2000", "numeric_answer": 2000.0, "relative_error": 0.25925925925925924, "thinking_text": null, "has_tool_call": false, "tool_call": null, "usage": {"prompt_tokens": 95, "completion_tokens": 120, "total_tokens": 215, "token_count_source": "tokenizer"}, "decoding": {"temperature": 0.2, "top_p": null, "top_k": null, "max_tokens": 120, "seed": 42}, "prompt_tokens": 95, "completion_tokens": 120, "total_tokens": 215, "token_count_source": "tokenizer", "diffusion_steps": null, "flops_estimate": null, "flops_arch": null, "flops_model_params": null, "flops_active_params": null, "tokens_non_final": 3, "tokens_reasoning": 0, "tokens_response": 3, "elapsed_seconds": 35.600914001464844, "judgement": "Mildly off"}
{"id": "fermi_000583", "topic": "fermi", "subtopic": "crowd_density", "prompt": "A plaza is about 60 m by 25 m, with roughly 4 people per square meter. About how many people are there?", "exact_value": 6000, "model": "Dream-org/Dream-v0-Instruct-7B", "provider": "transformers", "response": "Final answer: 20000", "numeric_answer": 20000.0, "relative_error": 2.3333333333333335, "thinking_text": null, "has_tool_call": false, "tool_call": null, "usage": {"prompt_tokens": 95, "completion_tokens": 120, "total_tokens": 215, "token_count_source": "tokenizer"}, "decoding": {"temperature": 0.2, "top_p": null, "top_k": null, "max_tokens": 120, "seed": 42}, "prompt_tokens": 95, "completion_tokens": 120, "total_tokens": 215, "token_count_source": "tokenizer", "diffusion_steps": null, "flops_estimate": null, "flops_arch": null, "flops_model_params": null, "flops_active_params": null, "tokens_non_final": 3, "tokens_reasoning": 0, "tokens_response": 3, "elapsed_seconds": 35.600914001464844, "judgement": "Way off"}
{"id": "fermi_000603", "topic": "fermi", "subtopic": "crowd_density", "prompt": "A plaza is about 70 m by 25 m, with roughly 3 people per square meter. About how many people are there?", "exact_value": 5250, "model": "Dream-org/Dream-v0-Instruct-7B", "provider": "transformers", "response": "Final answer: 2000", "numeric_answer": 2000.0, "relative_error": 0.6190476190476191, "thinking_text": null, "has_tool_call": false, "tool_call": null, "usage": {"prompt_tokens": 95, "completion_tokens": 120, "total_tokens": 215, "token_count_source": "tokenizer"}, "decoding": {"temperature": 0.2, "top_p": null, "top_k": null, "max_tokens": 120, "seed": 42}, "prompt_tokens": 95, "completion_tokens": 120, "total_tokens": 215, "token_count_source": "tokenizer", "diffusion_steps": null, "flops_estimate": null, "flops_arch": null, "flops_model_params": null, "flops_active_params": null, "tokens_non_final": 3, "tokens_reasoning": 0, "tokens_response": 3, "elapsed_seconds": 35.600914001464844, "judgement": "Way off"}
{"id": "fermi_000623", "topic": "fermi", "subtopic": "crowd_density", "prompt": "A plaza is about 70 m by 35 m, with roughly 3 people per square meter. About how many people are there?", "exact_value": 7350, "model": "Dream-org/Dream-v0-Instruct-7B", "provider": "transformers", "response": "Final answer: 2500", "numeric_answer": 2500.0, "relative_error": 0.6598639455782312, "thinking_text": null, "has_tool_call": false, "tool_call": null, "usage": {"prompt_tokens": 95, "completion_tokens": 120, "total_tokens": 215, "token_count_source": "tokenizer"}, "decoding": {"temperature": 0.2, "top_p": null, "top_k": null, "max_tokens": 120, "seed": 42}, "prompt_tokens": 95, "completion_tokens": 120, "total_tokens": 215, "token_count_source": "tokenizer", "diffusion_steps": null, "flops_estimate": null, "flops_arch": null, "flops_model_params": null, "flops_active_params": null, "tokens_non_final": 3, "tokens_reasoning": 0, "tokens_response": 3, "elapsed_seconds": 35.638293981552124, "judgement": "Way off"}
{"id": "fermi_000643", "topic": "fermi", "subtopic": "crowd_density", "prompt": "A plaza is about 30 m by 25 m, with roughly 4 people per square meter. About how many people are there?", "exact_value": 3000, "model": "Dream-org/Dream-v0-Instruct-7B", "provider": "transformers", "response": "Final answer: 2000", "numeric_answer": 2000.0, "relative_error": 0.3333333333333333, "thinking_text": null, "has_tool_call": false, "tool_call": null, "usage": {"prompt_tokens": 95, "completion_tokens": 120, "total_tokens": 215, "token_count_source": "tokenizer"}, "decoding": {"temperature": 0.2, "top_p": null, "top_k": null, "max_tokens": 120, "seed": 42}, "prompt_tokens": 95, "completion_tokens": 120, "total_tokens": 215, "token_count_source": "tokenizer", "diffusion_steps": null, "flops_estimate": null, "flops_arch": null, "flops_model_params": null, "flops_active_params": null, "tokens_non_final": 3, "tokens_reasoning": 0, "tokens_response": 3, "elapsed_seconds": 35.638293981552124, "judgement": "Mildly off"}
{"id": "fermi_000663", "topic": "fermi", "subtopic": "crowd_density", "prompt": "A plaza is about 30 m by 25 m, with roughly 2 people per square meter. About how many people are there?", "exact_value": 1500, "model": "Dream-org/Dream-v0-Instruct-7B", "provider": "transformers", "response": "Final answer: 3", "numeric_answer": 3.0, "relative_error": 0.998, "thinking_text": null, "has_tool_call": false, "tool_call": null, "usage": {"prompt_tokens": 95, "completion_tokens": 120, "total_tokens": 215, "token_count_source": "tokenizer"}, "decoding": {"temperature": 0.2, "top_p": null, "top_k": null, "max_tokens": 120, "seed": 42}, "prompt_tokens": 95, "completion_tokens": 120, "total_tokens": 215, "token_count_source": "tokenizer", "diffusion_steps": null, "flops_estimate": null, "flops_arch": null, "flops_model_params": null, "flops_active_params": null, "tokens_non_final": 3, "tokens_reasoning": 0, "tokens_response": 3, "elapsed_seconds": 35.638293981552124, "judgement": "Way off"}
{"id": "fermi_000683", "topic": "fermi", "subtopic": "crowd_density", "prompt": "A plaza is about 70 m by 35 m, with roughly 1 people per square meter. About how many people are there?", "exact_value": 2450, "model": "Dream-org/Dream-v0-Instruct-7B", "provider": "transformers", "response": "Final answer: 12000", "numeric_answer": 12000.0, "relative_error": 3.8979591836734695, "thinking_text": null, "has_tool_call": false, "tool_call": null, "usage": {"prompt_tokens": 95, "completion_tokens": 120, "total_tokens": 215, "token_count_source": "tokenizer"}, "decoding": {"temperature": 0.2, "top_p": null, "top_k": null, "max_tokens": 120, "seed": 42}, "prompt_tokens": 95, "completion_tokens": 120, "total_tokens": 215, "token_count_source": "tokenizer", "diffusion_steps": null, "flops_estimate": null, "flops_arch": null, "flops_model_params": null, "flops_active_params": null, "tokens_non_final": 3, "tokens_reasoning": 0, "tokens_response": 3, "elapsed_seconds": 35.638293981552124, "judgement": "Way off"}
{"id": "fermi_000703", "topic": "fermi", "subtopic": "crowd_density", "prompt": "A plaza is about 40 m by 25 m, with roughly 1 people per square meter. About how many people are there?", "exact_value": 1000, "model": "Dream-org/Dream-v0-Instruct-7B", "provider": "transformers", "response": "Final answer: 200", "numeric_answer": 200.0, "relative_error": 0.8, "thinking_text": null, "has_tool_call": false, "tool_call": null, "usage": {"prompt_tokens": 95, "completion_tokens": 120, "total_tokens": 215, "token_count_source": "tokenizer"}, "decoding": {"temperature": 0.2, "top_p": null, "top_k": null, "max_tokens": 120, "seed": 42}, "prompt_tokens": 95, "completion_tokens": 120, "total_tokens": 215, "token_count_source": "tokenizer", "diffusion_steps": null, "flops_estimate": null, "flops_arch": null, "flops_model_params": null, "flops_active_params": null, "tokens_non_final": 3, "tokens_reasoning": 0, "tokens_response": 3, "elapsed_seconds": 35.64808630943298, "judgement": "Way off"}
{"id": "fermi_000723", "topic": "fermi", "subtopic": "crowd_density", "prompt": "A plaza is about 50 m by 30 m, with roughly 4 people per square meter. About how many people are there?", "exact_value": 6000, "model": "Dream-org/Dream-v0-Instruct-7B", "provider": "transformers", "response": "Final answer: 3000", "numeric_answer": 3000.0, "relative_error": 0.5, "thinking_text": null, "has_tool_call": false, "tool_call": null, "usage": {"prompt_tokens": 95, "completion_tokens": 120, "total_tokens": 215, "token_count_source": "tokenizer"}, "decoding": {"temperature": 0.2, "top_p": null, "top_k": null, "max_tokens": 120, "seed": 42}, "prompt_tokens": 95, "completion_tokens": 120, "total_tokens": 215, "token_count_source": "tokenizer", "diffusion_steps": null, "flops_estimate": null, "flops_arch": null, "flops_model_params": null, "flops_active_params": null, "tokens_non_final": 3, "tokens_reasoning": 0, "tokens_response": 3, "elapsed_seconds": 35.64808630943298, "judgement": "Mildly off"}
{"id": "fermi_000743", "topic": "fermi", "subtopic": "crowd_density", "prompt": "A plaza is about 50 m by 25 m, with roughly 4 people per square meter. About how many people are there?", "exact_value": 5000, "model": "Dream-org/Dream-v0-Instruct-7B", "provider": "transformers", "response": "Final answer: 1000", "numeric_answer": 1000.0, "relative_error": 0.8, "thinking_text": null, "has_tool_call": false, "tool_call": null, "usage": {"prompt_tokens": 95, "completion_tokens": 120, "total_tokens": 215, "token_count_source": "tokenizer"}, "decoding": {"temperature": 0.2, "top_p": null, "top_k": null, "max_tokens": 120, "seed": 42}, "prompt_tokens": 95, "completion_tokens": 120, "total_tokens": 215, "token_count_source": "tokenizer", "diffusion_steps": null, "flops_estimate": null, "flops_arch": null, "flops_model_params": null, "flops_active_params": null, "tokens_non_final": 3, "tokens_reasoning": 0, "tokens_response": 3, "elapsed_seconds": 35.64808630943298, "judgement": "Way off"}
{"id": "fermi_000763", "topic": "fermi", "subtopic": "crowd_density", "prompt": "A plaza is about 60 m by 35 m, with roughly 4 people per square meter. About how many people are there?", "exact_value": 8400, "model": "Dream-org/Dream-v0-Instruct-7B", "provider": "transformers", "response": "Final answer: 2100", "numeric_answer": 2100.0, "relative_error": 0.75, "thinking_text": null, "has_tool_call": false, "tool_call": null, "usage": {"prompt_tokens": 95, "completion_tokens": 120, "total_tokens": 215, "token_count_source": "tokenizer"}, "decoding": {"temperature": 0.2, "top_p": null, "top_k": null, "max_tokens": 120, "seed": 42}, "prompt_tokens": 95, "completion_tokens": 120, "total_tokens": 215, "token_count_source": "tokenizer", "diffusion_steps": null, "flops_estimate": null, "flops_arch": null, "flops_model_params": null, "flops_active_params": null, "tokens_non_final": 3, "tokens_reasoning": 0, "tokens_response": 3, "elapsed_seconds": 35.64808630943298, "judgement": "Way off"}
{"id": "fermi_000783", "topic": "fermi", "subtopic": "crowd_density", "prompt": "A plaza is about 50 m by 25 m, with roughly 4 people per square meter. About how many people are there?", "exact_value": 5000, "model": "Dream-org/Dream-v0-Instruct-7B", "provider": "transformers", "response": "Final answer: 1000", "numeric_answer": 1000.0, "relative_error": 0.8, "thinking_text": null, "has_tool_call": false, "tool_call": null, "usage": {"prompt_tokens": 95, "completion_tokens": 120, "total_tokens": 215, "token_count_source": "tokenizer"}, "decoding": {"temperature": 0.2, "top_p": null, "top_k": null, "max_tokens": 120, "seed": 42}, "prompt_tokens": 95, "completion_tokens": 120, "total_tokens": 215, "token_count_source": "tokenizer", "diffusion_steps": null, "flops_estimate": null, "flops_arch": null, "flops_model_params": null, "flops_active_params": null, "tokens_non_final": 3, "tokens_reasoning": 0, "tokens_response": 3, "elapsed_seconds": 35.643513679504395, "judgement": "Way off"}
{"id": "fermi_000803", "topic": "fermi", "subtopic": "crowd_density", "prompt": "A plaza is about 30 m by 20 m, with roughly 2 people per square meter. About how many people are there?", "exact_value": 1200, "model": "Dream-org/Dream-v0-Instruct-7B", "provider": "transformers", "response": "Final answer: 2000", "numeric_answer": 2000.0, "relative_error": 0.6666666666666666, "thinking_text": null, "has_tool_call": false, "tool_call": null, "usage": {"prompt_tokens": 95, "completion_tokens": 120, "total_tokens": 215, "token_count_source": "tokenizer"}, "decoding": {"temperature": 0.2, "top_p": null, "top_k": null, "max_tokens": 120, "seed": 42}, "prompt_tokens": 95, "completion_tokens": 120, "total_tokens": 215, "token_count_source": "tokenizer", "diffusion_steps": null, "flops_estimate": null, "flops_arch": null, "flops_model_params": null, "flops_active_params": null, "tokens_non_final": 3, "tokens_reasoning": 0, "tokens_response": 3, "elapsed_seconds": 35.643513679504395, "judgement": "Way off"}
{"id": "fermi_000823", "topic": "fermi", "subtopic": "crowd_density", "prompt": "A plaza is about 50 m by 20 m, with roughly 3 people per square meter. About how many people are there?", "exact_value": 3000, "model": "Dream-org/Dream-v0-Instruct-7B", "provider": "transformers", "response": "Final answer: 100", "numeric_answer": 100.0, "relative_error": 0.9666666666666667, "thinking_text": null, "has_tool_call": false, "tool_call": null, "usage": {"prompt_tokens": 95, "completion_tokens": 120, "total_tokens": 215, "token_count_source": "tokenizer"}, "decoding": {"temperature": 0.2, "top_p": null, "top_k": null, "max_tokens": 120, "seed": 42}, "prompt_tokens": 95, "completion_tokens": 120, "total_tokens": 215, "token_count_source": "tokenizer", "diffusion_steps": null, "flops_estimate": null, "flops_arch": null, "flops_model_params": null, "flops_active_params": null, "tokens_non_final": 3, "tokens_reasoning": 0, "tokens_response": 3, "elapsed_seconds": 35.643513679504395, "judgement": "Way off"}
{"id": "fermi_000843", "topic": "fermi", "subtopic": "crowd_density", "prompt": "A plaza is about 40 m by 30 m, with roughly 2 people per square meter. About how many people are there?", "exact_value": 2400, "model": "Dream-org/Dream-v0-Instruct-7B", "provider": "transformers", "response": "Final answer: 1200", "numeric_answer": 1200.0, "relative_error": 0.5, "thinking_text": null, "has_tool_call": false, "tool_call": null, "usage": {"prompt_tokens": 95, "completion_tokens": 120, "total_tokens": 215, "token_count_source": "tokenizer"}, "decoding": {"temperature": 0.2, "top_p": null, "top_k": null, "max_tokens": 120, "seed": 42}, "prompt_tokens": 95, "completion_tokens": 120, "total_tokens": 215, "token_count_source": "tokenizer", "diffusion_steps": null, "flops_estimate": null, "flops_arch": null, "flops_model_params": null, "flops_active_params": null, "tokens_non_final": 3, "tokens_reasoning": 0, "tokens_response": 3, "elapsed_seconds": 35.643513679504395, "judgement": "Mildly off"}
{"id": "fermi_000863", "topic": "fermi", "subtopic": "crowd_density", "prompt": "A plaza is about 50 m by 35 m, with roughly 4 people per square meter. About how many people are there?", "exact_value": 7000, "model": "Dream-org/Dream-v0-Instruct-7B", "provider": "transformers", "response": "Final answer: 100", "numeric_answer": 100.0, "relative_error": 0.9857142857142858, "thinking_text": null, "has_tool_call": false, "tool_call": null, "usage": {"prompt_tokens": 95, "completion_tokens": 120, "total_tokens": 215, "token_count_source": "tokenizer"}, "decoding": {"temperature": 0.2, "top_p": null, "top_k": null, "max_tokens": 120, "seed": 42}, "prompt_tokens": 95, "completion_tokens": 120, "total_tokens": 215, "token_count_source": "tokenizer", "diffusion_steps": null, "flops_estimate": null, "flops_arch": null, "flops_model_params": null, "flops_active_params": null, "tokens_non_final": 3, "tokens_reasoning": 0, "tokens_response": 3, "elapsed_seconds": 35.64578628540039, "judgement": "Way off"}
{"id": "fermi_000883", "topic": "fermi", "subtopic": "crowd_density", "prompt": "A plaza is about 60 m by 20 m, with roughly 4 people per square meter. About how many people are there?", "exact_value": 4800, "model": "Dream-org/Dream-v0-Instruct-7B", "provider": "transformers", "response": "Final answer: 32000", "numeric_answer": 32000.0, "relative_error": 5.666666666666667, "thinking_text": null, "has_tool_call": false, "tool_call": null, "usage": {"prompt_tokens": 95, "completion_tokens": 120, "total_tokens": 215, "token_count_source": "tokenizer"}, "decoding": {"temperature": 0.2, "top_p": null, "top_k": null, "max_tokens": 120, "seed": 42}, "prompt_tokens": 95, "completion_tokens": 120, "total_tokens": 215, "token_count_source": "tokenizer", "diffusion_steps": null, "flops_estimate": null, "flops_arch": null, "flops_model_params": null, "flops_active_params": null, "tokens_non_final": 3, "tokens_reasoning": 0, "tokens_response": 3, "elapsed_seconds": 35.64578628540039, "judgement": "Way off"}
{"id": "fermi_000903", "topic": "fermi", "subtopic": "crowd_density", "prompt": "A plaza is about 60 m by 20 m, with roughly 1 people per square meter. About how many people are there?", "exact_value": 1200, "model": "Dream-org/Dream-v0-Instruct-7B", "provider": "transformers", "response": "Final answer: 200", "numeric_answer": 200.0, "relative_error": 0.8333333333333334, "thinking_text": null, "has_tool_call": false, "tool_call": null, "usage": {"prompt_tokens": 95, "completion_tokens": 120, "total_tokens": 215, "token_count_source": "tokenizer"}, "decoding": {"temperature": 0.2, "top_p": null, "top_k": null, "max_tokens": 120, "seed": 42}, "prompt_tokens": 95, "completion_tokens": 120, "total_tokens": 215, "token_count_source": "tokenizer", "diffusion_steps": null, "flops_estimate": null, "flops_arch": null, "flops_model_params": null, "flops_active_params": null, "tokens_non_final": 3, "tokens_reasoning": 0, "tokens_response": 3, "elapsed_seconds": 35.64578628540039, "judgement": "Way off"}
{"id": "fermi_000923", "topic": "fermi", "subtopic": "crowd_density", "prompt": "A plaza is about 30 m by 20 m, with roughly 3 people per square meter. About how many people are there?", "exact_value": 1800, "model": "Dream-org/Dream-v0-Instruct-7B", "provider": "transformers", "response": "Final answer: 300", "numeric_answer": 300.0, "relative_error": 0.8333333333333334, "thinking_text": null, "has_tool_call": false, "tool_call": null, "usage": {"prompt_tokens": 95, "completion_tokens": 120, "total_tokens": 215, "token_count_source": "tokenizer"}, "decoding": {"temperature": 0.2, "top_p": null, "top_k": null, "max_tokens": 120, "seed": 42}, "prompt_tokens": 95, "completion_tokens": 120, "total_tokens": 215, "token_count_source": "tokenizer", "diffusion_steps": null, "flops_estimate": null, "flops_arch": null, "flops_model_params": null, "flops_active_params": null, "tokens_non_final": 3, "tokens_reasoning": 0, "tokens_response": 3, "elapsed_seconds": 35.64578628540039, "judgement": "Way off"}
{"id": "fermi_000943", "topic": "fermi", "subtopic": "crowd_density", "prompt": "A plaza is about 50 m by 25 m, with roughly 1 people per square meter. About how many people are there?", "exact_value": 1250, "model": "Dream-org/Dream-v0-Instruct-7B", "provider": "transformers", "response": "Final answer:", "numeric_answer": null, "relative_error": null, "thinking_text": null, "has_tool_call": false, "tool_call": null, "usage": {"prompt_tokens": 95, "completion_tokens": 120, "total_tokens": 215, "token_count_source": "tokenizer"}, "decoding": {"temperature": 0.2, "top_p": null, "top_k": null, "max_tokens": 120, "seed": 42}, "prompt_tokens": 95, "completion_tokens": 120, "total_tokens": 215, "token_count_source": "tokenizer", "diffusion_steps": null, "flops_estimate": null, "flops_arch": null, "flops_model_params": null, "flops_active_params": null, "tokens_non_final": 2, "tokens_reasoning": 0, "tokens_response": 2, "elapsed_seconds": 35.6359224319458, "judgement": "Uncategorized"}
{"id": "fermi_000963", "topic": "fermi", "subtopic": "crowd_density", "prompt": "A plaza is about 70 m by 35 m, with roughly 4 people per square meter. About how many people are there?", "exact_value": 9800, "model": "Dream-org/Dream-v0-Instruct-7B", "provider": "transformers", "response": "Final answer: 1200", "numeric_answer": 1200.0, "relative_error": 0.8775510204081632, "thinking_text": null, "has_tool_call": false, "tool_call": null, "usage": {"prompt_tokens": 95, "completion_tokens": 120, "total_tokens": 215, "token_count_source": "tokenizer"}, "decoding": {"temperature": 0.2, "top_p": null, "top_k": null, "max_tokens": 120, "seed": 42}, "prompt_tokens": 95, "completion_tokens": 120, "total_tokens": 215, "token_count_source": "tokenizer", "diffusion_steps": null, "flops_estimate": null, "flops_arch": null, "flops_model_params": null, "flops_active_params": null, "tokens_non_final": 3, "tokens_reasoning": 0, "tokens_response": 3, "elapsed_seconds": 35.6359224319458, "judgement": "Way off"}
{"id": "fermi_000983", "topic": "fermi", "subtopic": "crowd_density", "prompt": "A plaza is about 50 m by 25 m, with roughly 3 people per square meter. About how many people are there?", "exact_value": 3750, "model": "Dream-org/Dream-v0-Instruct-7B", "provider": "transformers", "response": "Final answer: 1200", "numeric_answer": 1200.0, "relative_error": 0.68, "thinking_text": null, "has_tool_call": false, "tool_call": null, "usage": {"prompt_tokens": 95, "completion_tokens": 120, "total_tokens": 215, "token_count_source": "tokenizer"}, "decoding": {"temperature": 0.2, "top_p": null, "top_k": null, "max_tokens": 120, "seed": 42}, "prompt_tokens": 95, "completion_tokens": 120, "total_tokens": 215, "token_count_source": "tokenizer", "diffusion_steps": null, "flops_estimate": null, "flops_arch": null, "flops_model_params": null, "flops_active_params": null, "tokens_non_final": 3, "tokens_reasoning": 0, "tokens_response": 3, "elapsed_seconds": 35.6359224319458, "judgement": "Way off"}
{"id": "fermi_001003", "topic": "fermi", "subtopic": "crowd_density", "prompt": "A plaza is about 30 m by 25 m, with roughly 3 people per square meter. About how many people are there?", "exact_value": 2250, "model": "Dream-org/Dream-v0-Instruct-7B", "provider": "transformers", "response": "Final answer: 4000", "numeric_answer": 4000.0, "relative_error": 0.7777777777777778, "thinking_text": null, "has_tool_call": false, "tool_call": null, "usage": {"prompt_tokens": 95, "completion_tokens": 120, "total_tokens": 215, "token_count_source": "tokenizer"}, "decoding": {"temperature": 0.2, "top_p": null, "top_k": null, "max_tokens": 120, "seed": 42}, "prompt_tokens": 95, "completion_tokens": 120, "total_tokens": 215, "token_count_source": "tokenizer", "diffusion_steps": null, "flops_estimate": null, "flops_arch": null, "flops_model_params": null, "flops_active_params": null, "tokens_non_final": 3, "tokens_reasoning": 0, "tokens_response": 3, "elapsed_seconds": 35.6359224319458, "judgement": "Way off"}
{"id": "fermi_001023", "topic": "fermi", "subtopic": "crowd_density", "prompt": "A plaza is about 30 m by 25 m, with roughly 2 people per square meter. About how many people are there?", "exact_value": 1500, "model": "Dream-org/Dream-v0-Instruct-7B", "provider": "transformers", "response": "Final answer: 1000", "numeric_answer": 1000.0, "relative_error": 0.3333333333333333, "thinking_text": null, "has_tool_call": false, "tool_call": null, "usage": {"prompt_tokens": 95, "completion_tokens": 120, "total_tokens": 215, "token_count_source": "tokenizer"}, "decoding": {"temperature": 0.2, "top_p": null, "top_k": null, "max_tokens": 120, "seed": 42}, "prompt_tokens": 95, "completion_tokens": 120, "total_tokens": 215, "token_count_source": "tokenizer", "diffusion_steps": null, "flops_estimate": null, "flops_arch": null, "flops_model_params": null, "flops_active_params": null, "tokens_non_final": 3, "tokens_reasoning": 0, "tokens_response": 3, "elapsed_seconds": 35.379427671432495, "judgement": "Mildly off"}
{"id": "fermi_001043", "topic": "fermi", "subtopic": "crowd_density", "prompt": "A plaza is about 60 m by 20 m, with roughly 3 people per square meter. About how many people are there?", "exact_value": 3600, "model": "Dream-org/Dream-v0-Instruct-7B", "provider": "transformers", "response": "Final answer: 1000", "numeric_answer": 1000.0, "relative_error": 0.7222222222222222, "thinking_text": null, "has_tool_call": false, "tool_call": null, "usage": {"prompt_tokens": 95, "completion_tokens": 120, "total_tokens": 215, "token_count_source": "tokenizer"}, "decoding": {"temperature": 0.2, "top_p": null, "top_k": null, "max_tokens": 120, "seed": 42}, "prompt_tokens": 95, "completion_tokens": 120, "total_tokens": 215, "token_count_source": "tokenizer", "diffusion_steps": null, "flops_estimate": null, "flops_arch": null, "flops_model_params": null, "flops_active_params": null, "tokens_non_final": 3, "tokens_reasoning": 0, "tokens_response": 3, "elapsed_seconds": 35.379427671432495, "judgement": "Way off"}
{"id": "fermi_001063", "topic": "fermi", "subtopic": "crowd_density", "prompt": "A plaza is about 40 m by 20 m, with roughly 1 people per square meter. About how many people are there?", "exact_value": 800, "model": "Dream-org/Dream-v0-Instruct-7B", "provider": "transformers", "response": "Final answer: 200", "numeric_answer": 200.0, "relative_error": 0.75, "thinking_text": null, "has_tool_call": false, "tool_call": null, "usage": {"prompt_tokens": 95, "completion_tokens": 120, "total_tokens": 215, "token_count_source": "tokenizer"}, "decoding": {"temperature": 0.2, "top_p": null, "top_k": null, "max_tokens": 120, "seed": 42}, "prompt_tokens": 95, "completion_tokens": 120, "total_tokens": 215, "token_count_source": "tokenizer", "diffusion_steps": null, "flops_estimate": null, "flops_arch": null, "flops_model_params": null, "flops_active_params": null, "tokens_non_final": 3, "tokens_reasoning": 0, "tokens_response": 3, "elapsed_seconds": 35.379427671432495, "judgement": "Way off"}
{"id": "travel_time_000108", "topic": "travel_time", "subtopic": "drive_time", "prompt": "You need to travel about 161 miles at around 55 mph. About how many hours will it take?", "exact_value": 2.92, "model": "Dream-org/Dream-v0-Instruct-7B", "provider": "transformers", "response": "<|im_end|>\n<|im_start|>assistant\n!!!!!!!!!!!!!!!!!!!!!!!!!!!!!!!!!!!!!!!!!!!!!!!!!!!!!!!!!!!!!!!!!!!!!!!!!!!!!!!!!!!!!!!!!!!!!!!!!!!!!!!!!!!!!!!!!!!!!!!!", "numeric_answer": null, "relative_error": null, "thinking_text": null, "has_tool_call": false, "tool_call": null, "usage": {"prompt_tokens": 90, "completion_tokens": 125, "total_tokens": 215, "token_count_source": "tokenizer"}, "decoding": {"temperature": 0.2, "top_p": null, "top_k": null, "max_tokens": 120, "seed": 42}, "prompt_tokens": 90, "completion_tokens": 125, "total_tokens": 215, "token_count_source": "tokenizer", "diffusion_steps": null, "flops_estimate": null, "flops_arch": null, "flops_model_params": null, "flops_active_params": null, "tokens_non_final": 3, "tokens_reasoning": 0, "tokens_response": 3, "elapsed_seconds": 35.379427671432495, "judgement": "Uncategorized"}
{"id": "travel_time_000128", "topic": "travel_time", "subtopic": "drive_time", "prompt": "You need to travel about 11 miles at around 45 mph. About how many hours will it take?", "exact_value": 0.2511111111111111, "model": "Dream-org/Dream-v0-Instruct-7B", "provider": "transformers", "response": "!!!!!!!!!!!!!!!!!!!!!!!!!!!!!!!!!!!!!!!!!!!!!!!!!!!!!!!!!!!!!!!!!!!!!!!!!!!!!!!!!!!!!!!!!!!!!!!!!!!!!!!!!!!!!!!!!!!!!!!!", "numeric_answer": null, "relative_error": null, "thinking_text": null, "has_tool_call": false, "tool_call": null, "usage": {"prompt_tokens": 89, "completion_tokens": 121, "total_tokens": 210, "token_count_source": "tokenizer"}, "decoding": {"temperature": 0.2, "top_p": null, "top_k": null, "max_tokens": 120, "seed": 42}, "prompt_tokens": 89, "completion_tokens": 121, "total_tokens": 210, "token_count_source": "tokenizer", "diffusion_steps": null, "flops_estimate": null, "flops_arch": null, "flops_model_params": null, "flops_active_params": null, "tokens_non_final": 1, "tokens_reasoning": 0, "tokens_response": 1, "elapsed_seconds": 35.217336654663086, "judgement": "Uncategorized"}
{"id": "travel_time_000148", "topic": "travel_time", "subtopic": "drive_time", "prompt": "You need to travel about 189 miles at around 45 mph. About how many hours will it take?", "exact_value": 4.202222222222222, "model": "Dream-org/Dream-v0-Instruct-7B", "provider": "transformers", "response": "Final answer: 3", "numeric_answer": 3.0, "relative_error": 0.2860920148069804, "thinking_text": null, "has_tool_call": false, "tool_call": null, "usage": {"prompt_tokens": 90, "completion_tokens": 120, "total_tokens": 210, "token_count_source": "tokenizer"}, "decoding": {"temperature": 0.2, "top_p": null, "top_k": null, "max_tokens": 120, "seed": 42}, "prompt_tokens": 90, "completion_tokens": 120, "total_tokens": 210, "token_count_source": "tokenizer", "diffusion_steps": null, "flops_estimate": null, "flops_arch": null, "flops_model_params": null, "flops_active_params": null, "tokens_non_final": 3, "tokens_reasoning": 0, "tokens_response": 3, "elapsed_seconds": 35.217336654663086, "judgement": "Mildly off"}
{"id": "travel_time_000168", "topic": "travel_time", "subtopic": "drive_time", "prompt": "You need to travel about 239 miles at around 45 mph. About how many hours will it take?", "exact_value": 5.304444444444444, "model": "Dream-org/Dream-v0-Instruct-7B", "provider": "transformers", "response": "Final answer: 3.24", "numeric_answer": 3.24, "relative_error": 0.3891914537075827, "thinking_text": null, "has_tool_call": false, "tool_call": null, "usage": {"prompt_tokens": 90, "completion_tokens": 120, "total_tokens": 210, "token_count_source": "tokenizer"}, "decoding": {"temperature": 0.2, "top_p": null, "top_k": null, "max_tokens": 120, "seed": 42}, "prompt_tokens": 90, "completion_tokens": 120, "total_tokens": 210, "token_count_source": "tokenizer", "diffusion_steps": null, "flops_estimate": null, "flops_arch": null, "flops_model_params": null, "flops_active_params": null, "tokens_non_final": 3, "tokens_reasoning": 0, "tokens_response": 3, "elapsed_seconds": 35.217336654663086, "judgement": "Mildly off"}
{"id": "travel_time_000188", "topic": "travel_time", "subtopic": "drive_time", "prompt": "You need to travel about 118 miles at around 45 mph. About how many hours will it take?", "exact_value": 2.6133333333333333, "model": "Dream-org/Dream-v0-Instruct-7B", "provider": "transformers", "response": "Final answer: 2", "numeric_answer": 2.0, "relative_error": 0.2346938775510204, "thinking_text": null, "has_tool_call": false, "tool_call": null, "usage": {"prompt_tokens": 90, "completion_tokens": 120, "total_tokens": 210, "token_count_source": "tokenizer"}, "decoding": {"temperature": 0.2, "top_p": null, "top_k": null, "max_tokens": 120, "seed": 42}, "prompt_tokens": 90, "completion_tokens": 120, "total_tokens": 210, "token_count_source": "tokenizer", "diffusion_steps": null, "flops_estimate": null, "flops_arch": null, "flops_model_params": null, "flops_active_params": null, "tokens_non_final": 3, "tokens_reasoning": 0, "tokens_response": 3, "elapsed_seconds": 35.217336654663086, "judgement": "Mildly off"}
{"id": "travel_time_000208", "topic": "travel_time", "subtopic": "drive_time", "prompt": "You need to travel about 224 miles at around 55 mph. About how many hours will it take?", "exact_value": 4.067272727272727, "model": "Dream-org/Dream-v0-Instruct-7B", "provider": "transformers", "response": "Final answer: 2", "numeric_answer": 2.0, "relative_error": 0.5082700044702727, "thinking_text": null, "has_tool_call": false, "tool_call": null, "usage": {"prompt_tokens": 90, "completion_tokens": 120, "total_tokens": 210, "token_count_source": "tokenizer"}, "decoding": {"temperature": 0.2, "top_p": null, "top_k": null, "max_tokens": 120, "seed": 42}, "prompt_tokens": 90, "completion_tokens": 120, "total_tokens": 210, "token_count_source": "tokenizer", "diffusion_steps": null, "flops_estimate": null, "flops_arch": null, "flops_model_params": null, "flops_active_params": null, "tokens_non_final": 3, "tokens_reasoning": 0, "tokens_response": 3, "elapsed_seconds": 35.24094223976135, "judgement": "Mildly off"}
{"id": "travel_time_000228", "topic": "travel_time", "subtopic": "drive_time", "prompt": "You need to travel about 37 miles at around 45 mph. About how many hours will it take?", "exact_value": 0.8222222222222222, "model": "Dream-org/Dream-v0-Instruct-7B", "provider": "transformers", "response": "!!!!!!!!!!!!!!!!!!!!!!!!!!!!!!!!!!!!!!!!!!!!!!!!!!!!!!!!!!!!!!!!!!!!!!!!!!!!!!!!!!!!!!!!!!!!!!!!!!!!!!!!!!!!!!!!!!!!!!!!", "numeric_answer": null, "relative_error": null, "thinking_text": null, "has_tool_call": false, "tool_call": null, "usage": {"prompt_tokens": 89, "completion_tokens": 121, "total_tokens": 210, "token_count_source": "tokenizer"}, "decoding": {"temperature": 0.2, "top_p": null, "top_k": null, "max_tokens": 120, "seed": 42}, "prompt_tokens": 89, "completion_tokens": 121, "total_tokens": 210, "token_count_source": "tokenizer", "diffusion_steps": null, "flops_estimate": null, "flops_arch": null, "flops_model_params": null, "flops_active_params": null, "tokens_non_final": 1, "tokens_reasoning": 0, "tokens_response": 1, "elapsed_seconds": 35.24094223976135, "judgement": "Uncategorized"}
{"id": "travel_time_000248", "topic": "travel_time", "subtopic": "drive_time", "prompt": "You need to travel about 213 miles at around 35 mph. About how many hours will it take?", "exact_value": 6.082857142857143, "model": "Dream-org/Dream-v0-Instruct-7B", "provider": "transformers", "response": "Final answer: 2.5", "numeric_answer": 2.5, "relative_error": 0.5890089243776421, "thinking_text": null, "has_tool_call": false, "tool_call": null, "usage": {"prompt_tokens": 90, "completion_tokens": 120, "total_tokens": 210, "token_count_source": "tokenizer"}, "decoding": {"temperature": 0.2, "top_p": null, "top_k": null, "max_tokens": 120, "seed": 42}, "prompt_tokens": 90, "completion_tokens": 120, "total_tokens": 210, "token_count_source": "tokenizer", "diffusion_steps": null, "flops_estimate": null, "flops_arch": null, "flops_model_params": null, "flops_active_params": null, "tokens_non_final": 3, "tokens_reasoning": 0, "tokens_response": 3, "elapsed_seconds": 35.24094223976135, "judgement": "Mildly off"}
{"id": "travel_time_000268", "topic": "travel_time", "subtopic": "drive_time", "prompt": "You need to travel about 130 miles at around 35 mph. About how many hours will it take?", "exact_value": 3.7228571428571433, "model": "Dream-org/Dream-v0-Instruct-7B", "provider": "transformers", "response": "Final answer: 2.75", "numeric_answer": 2.75, "relative_error": 0.26132003069838844, "thinking_text": null, "has_tool_call": false, "tool_call": null, "usage": {"prompt_tokens": 90, "completion_tokens": 120, "total_tokens": 210, "token_count_source": "tokenizer"}, "decoding": {"temperature": 0.2, "top_p": null, "top_k": null, "max_tokens": 120, "seed": 42}, "prompt_tokens": 90, "completion_tokens": 120, "total_tokens": 210, "token_count_source": "tokenizer", "diffusion_steps": null, "flops_estimate": null, "flops_arch": null, "flops_model_params": null, "flops_active_params": null, "tokens_non_final": 3, "tokens_reasoning": 0, "tokens_response": 3, "elapsed_seconds": 35.24094223976135, "judgement": "Mildly off"}
{"id": "travel_time_000288", "topic": "travel_time", "subtopic": "drive_time", "prompt": "You need to travel about 182 miles at around 45 mph. About how many hours will it take?", "exact_value": 4.04, "model": "Dream-org/Dream-v0-Instruct-7B", "provider": "transformers", "response": "Final answer: 3", "numeric_answer": 3.0, "relative_error": 0.25742574257425743, "thinking_text": null, "has_tool_call": false, "tool_call": null, "usage": {"prompt_tokens": 90, "completion_tokens": 120, "total_tokens": 210, "token_count_source": "tokenizer"}, "decoding": {"temperature": 0.2, "top_p": null, "top_k": null, "max_tokens": 120, "seed": 42}, "prompt_tokens": 90, "completion_tokens": 120, "total_tokens": 210, "token_count_source": "tokenizer", "diffusion_steps": null, "flops_estimate": null, "flops_arch": null, "flops_model_params": null, "flops_active_params": null, "tokens_non_final": 3, "tokens_reasoning": 0, "tokens_response": 3, "elapsed_seconds": 35.34551787376404, "judgement": "Mildly off"}
{"id": "travel_time_000308", "topic": "travel_time", "subtopic": "drive_time", "prompt": "You need to travel about 220 miles at around 55 mph. About how many hours will it take?", "exact_value": 4.009090909090909, "model": "Dream-org/Dream-v0-Instruct-7B", "provider": "transformers", "response": "Final answer: 2.", "numeric_answer": 2.0, "relative_error": 0.5011337868480725, "thinking_text": null, "has_tool_call": false, "tool_call": null, "usage": {"prompt_tokens": 90, "completion_tokens": 120, "total_tokens": 210, "token_count_source": "tokenizer"}, "decoding": {"temperature": 0.2, "top_p": null, "top_k": null, "max_tokens": 120, "seed": 42}, "prompt_tokens": 90, "completion_tokens": 120, "total_tokens": 210, "token_count_source": "tokenizer", "diffusion_steps": null, "flops_estimate": null, "flops_arch": null, "flops_model_params": null, "flops_active_params": null, "tokens_non_final": 3, "tokens_reasoning": 0, "tokens_response": 3, "elapsed_seconds": 35.34551787376404, "judgement": "Mildly off"}
{"id": "travel_time_000328", "topic": "travel_time", "subtopic": "drive_time", "prompt": "You need to travel about 144 miles at around 65 mph. About how many hours will it take?", "exact_value": 2.2184615384615385, "model": "Dream-org/Dream-v0-Instruct-7B", "provider": "transformers", "response": "Final answer: 2.", "numeric_answer": 2.0, "relative_error": 0.0984743411927878, "thinking_text": null, "has_tool_call": false, "tool_call": null, "usage": {"prompt_tokens": 90, "completion_tokens": 120, "total_tokens": 210, "token_count_source": "tokenizer"}, "decoding": {"temperature": 0.2, "top_p": null, "top_k": null, "max_tokens": 120, "seed": 42}, "prompt_tokens": 90, "completion_tokens": 120, "total_tokens": 210, "token_count_source": "tokenizer", "diffusion_steps": null, "flops_estimate": null, "flops_arch": null, "flops_model_params": null, "flops_active_params": null, "tokens_non_final": 3, "tokens_reasoning": 0, "tokens_response": 3, "elapsed_seconds": 35.34551787376404, "judgement": "Good approximation"}
{"id": "travel_time_000348", "topic": "travel_time", "subtopic": "drive_time", "prompt": "You need to travel about 215 miles at around 25 mph. About how many hours will it take?", "exact_value": 8.612, "model": "Dream-org/Dream-v0-Instruct-7B", "provider": "transformers", "response": "Final answer: 2", "numeric_answer": 2.0, "relative_error": 0.7677659080352995, "thinking_text": null, "has_tool_call": false, "tool_call": null, "usage": {"prompt_tokens": 90, "completion_tokens": 120, "total_tokens": 210, "token_count_source": "tokenizer"}, "decoding": {"temperature": 0.2, "top_p": null, "top_k": null, "max_tokens": 120, "seed": 42}, "prompt_tokens": 90, "completion_tokens": 120, "total_tokens": 210, "token_count_source": "tokenizer", "diffusion_steps": null, "flops_estimate": null, "flops_arch": null, "flops_model_params": null, "flops_active_params": null, "tokens_non_final": 3, "tokens_reasoning": 0, "tokens_response": 3, "elapsed_seconds": 35.34551787376404, "judgement": "Way off"}
{"id": "travel_time_000368", "topic": "travel_time", "subtopic": "drive_time", "prompt": "You need to travel about 173 miles at around 55 mph. About how many hours will it take?", "exact_value": 3.152727272727273, "model": "Dream-org/Dream-v0-Instruct-7B", "provider": "transformers", "response": "Final answer: 3", "numeric_answer": 3.0, "relative_error": 0.04844290657439449, "thinking_text": null, "has_tool_call": false, "tool_call": null, "usage": {"prompt_tokens": 90, "completion_tokens": 120, "total_tokens": 210, "token_count_source": "tokenizer"}, "decoding": {"temperature": 0.2, "top_p": null, "top_k": null, "max_tokens": 120, "seed": 42}, "prompt_tokens": 90, "completion_tokens": 120, "total_tokens": 210, "token_count_source": "tokenizer", "diffusion_steps": null, "flops_estimate": null, "flops_arch": null, "flops_model_params": null, "flops_active_params": null, "tokens_non_final": 3, "tokens_reasoning": 0, "tokens_response": 3, "elapsed_seconds": 34.01684236526489, "judgement": "Good approximation"}
{"id": "travel_time_000388", "topic": "travel_time", "subtopic": "drive_time", "prompt": "You need to travel about 73 miles at around 25 mph. About how many hours will it take?", "exact_value": 2.92, "model": "Dream-org/Dream-v0-Instruct-7B", "provider": "transformers", "response": "!!!!!!!!!!!!!!!!!!!!!!!!!!!!!!!!!!!!!!!!!!!!!!!!!!!!!!!!!!!!!!!!!!!!!!!!!!!!!!!!!!!!!!!!!!!!!!!!!!!!!!!!!!!!!!!!!!!!!!!!", "numeric_answer": null, "relative_error": null, "thinking_text": null, "has_tool_call": false, "tool_call": null, "usage": {"prompt_tokens": 89, "completion_tokens": 121, "total_tokens": 210, "token_count_source": "tokenizer"}, "decoding": {"temperature": 0.2, "top_p": null, "top_k": null, "max_tokens": 120, "seed": 42}, "prompt_tokens": 89, "completion_tokens": 121, "total_tokens": 210, "token_count_source": "tokenizer", "diffusion_steps": null, "flops_estimate": null, "flops_arch": null, "flops_model_params": null, "flops_active_params": null, "tokens_non_final": 1, "tokens_reasoning": 0, "tokens_response": 1, "elapsed_seconds": 34.01684236526489, "judgement": "Uncategorized"}
{"id": "travel_time_000408", "topic": "travel_time", "subtopic": "drive_time", "prompt": "You need to travel about 66 miles at around 65 mph. About how many hours will it take?", "exact_value": 1.0215384615384617, "model": "Dream-org/Dream-v0-Instruct-7B", "provider": "transformers", "response": "!!!!!!!!!!!!!!!!!!!!!!!!!!!!!!!!!!!!!!!!!!!!!!!!!!!!!!!!!!!!!!!!!!!!!!!!!!!!!!!!!!!!!!!!!!!!!!!!!!!!!!!!!!!!!!!!!!!!!!!!", "numeric_answer": null, "relative_error": null, "thinking_text": null, "has_tool_call": false, "tool_call": null, "usage": {"prompt_tokens": 89, "completion_tokens": 121, "total_tokens": 210, "token_count_source": "tokenizer"}, "decoding": {"temperature": 0.2, "top_p": null, "top_k": null, "max_tokens": 120, "seed": 42}, "prompt_tokens": 89, "completion_tokens": 121, "total_tokens": 210, "token_count_source": "tokenizer", "diffusion_steps": null, "flops_estimate": null, "flops_arch": null, "flops_model_params": null, "flops_active_params": null, "tokens_non_final": 1, "tokens_reasoning": 0, "tokens_response": 1, "elapsed_seconds": 34.01684236526489, "judgement": "Uncategorized"}
{"id": "travel_time_000428", "topic": "travel_time", "subtopic": "drive_time", "prompt": "You need to travel about 18 miles at around 65 mph. About how many hours will it take?", "exact_value": 0.27999999999999997, "model": "Dream-org/Dream-v0-Instruct-7B", "provider": "transformers", "response": "!!!!!!!!!!!!!!!!!!!!!!!!!!!!!!!!!!!!!!!!!!!!!!!!!!!!!!!!!!!!!!!!!!!!!!!!!!!!!!!!!!!!!!!!!!!!!!!!!!!!!!!!!!!!!!!!!!!!!!!!", "numeric_answer": null, "relative_error": null, "thinking_text": null, "has_tool_call": false, "tool_call": null, "usage": {"prompt_tokens": 89, "completion_tokens": 121, "total_tokens": 210, "token_count_source": "tokenizer"}, "decoding": {"temperature": 0.2, "top_p": null, "top_k": null, "max_tokens": 120, "seed": 42}, "prompt_tokens": 89, "completion_tokens": 121, "total_tokens": 210, "token_count_source": "tokenizer", "diffusion_steps": null, "flops_estimate": null, "flops_arch": null, "flops_model_params": null, "flops_active_params": null, "tokens_non_final": 1, "tokens_reasoning": 0, "tokens_response": 1, "elapsed_seconds": 34.01684236526489, "judgement": "Uncategorized"}
{"id": "travel_time_000448", "topic": "travel_time", "subtopic": "drive_time", "prompt": "You need to travel about 208 miles at around 35 mph. About how many hours will it take?", "exact_value": 5.951428571428572, "model": "Dream-org/Dream-v0-Instruct-7B", "provider": "transformers", "response": "Final answer: 2.5", "numeric_answer": 2.5, "relative_error": 0.5799327892462794, "thinking_text": null, "has_tool_call": false, "tool_call": null, "usage": {"prompt_tokens": 90, "completion_tokens": 120, "total_tokens": 210, "token_count_source": "tokenizer"}, "decoding": {"temperature": 0.2, "top_p": null, "top_k": null, "max_tokens": 120, "seed": 42}, "prompt_tokens": 90, "completion_tokens": 120, "total_tokens": 210, "token_count_source": "tokenizer", "diffusion_steps": null, "flops_estimate": null, "flops_arch": null, "flops_model_params": null, "flops_active_params": null, "tokens_non_final": 3, "tokens_reasoning": 0, "tokens_response": 3, "elapsed_seconds": 34.524338483810425, "judgement": "Mildly off"}
{"id": "travel_time_000468", "topic": "travel_time", "subtopic": "drive_time", "prompt": "You need to travel about 49 miles at around 35 mph. About how many hours will it take?", "exact_value": 1.3885714285714286, "model": "Dream-org/Dream-v0-Instruct-7B", "provider": "transformers", "response": "!!!!!!!!!!!!!!!!!!!!!!!!!!!!!!!!!!!!!!!!!!!!!!!!!!!!!!!!!!!!!!!!!!!!!!!!!!!!!!!!!!!!!!!!!!!!!!!!!!!!!!!!!!!!!!!!!!!!!!!!", "numeric_answer": null, "relative_error": null, "thinking_text": null, "has_tool_call": false, "tool_call": null, "usage": {"prompt_tokens": 89, "completion_tokens": 121, "total_tokens": 210, "token_count_source": "tokenizer"}, "decoding": {"temperature": 0.2, "top_p": null, "top_k": null, "max_tokens": 120, "seed": 42}, "prompt_tokens": 89, "completion_tokens": 121, "total_tokens": 210, "token_count_source": "tokenizer", "diffusion_steps": null, "flops_estimate": null, "flops_arch": null, "flops_model_params": null, "flops_active_params": null, "tokens_non_final": 1, "tokens_reasoning": 0, "tokens_response": 1, "elapsed_seconds": 34.524338483810425, "judgement": "Uncategorized"}
{"id": "travel_time_000488", "topic": "travel_time", "subtopic": "drive_time", "prompt": "You need to travel about 85 miles at around 55 mph. About how many hours will it take?", "exact_value": 1.5454545454545454, "model": "Dream-org/Dream-v0-Instruct-7B", "provider": "transformers", "response": "!!!!!!!!!!!!!!!!!!!!!!!!!!!!!!!!!!!!!!!!!!!!!!!!!!!!!!!!!!!!!!!!!!!!!!!!!!!!!!!!!!!!!!!!!!!!!!!!!!!!!!!!!!!!!!!!!!!!!!!!", "numeric_answer": null, "relative_error": null, "thinking_text": null, "has_tool_call": false, "tool_call": null, "usage": {"prompt_tokens": 89, "completion_tokens": 121, "total_tokens": 210, "token_count_source": "tokenizer"}, "decoding": {"temperature": 0.2, "top_p": null, "top_k": null, "max_tokens": 120, "seed": 42}, "prompt_tokens": 89, "completion_tokens": 121, "total_tokens": 210, "token_count_source": "tokenizer", "diffusion_steps": null, "flops_estimate": null, "flops_arch": null, "flops_model_params": null, "flops_active_params": null, "tokens_non_final": 1, "tokens_reasoning": 0, "tokens_response": 1, "elapsed_seconds": 34.524338483810425, "judgement": "Uncategorized"}
{"id": "travel_time_000508", "topic": "travel_time", "subtopic": "drive_time", "prompt": "You need to travel about 139 miles at around 35 mph. About how many hours will it take?", "exact_value": 3.9800000000000004, "model": "Dream-org/Dream-v0-Instruct-7B", "provider": "transformers", "response": "Final answer: 2.5", "numeric_answer": 2.5, "relative_error": 0.3718592964824121, "thinking_text": null, "has_tool_call": false, "tool_call": null, "usage": {"prompt_tokens": 90, "completion_tokens": 120, "total_tokens": 210, "token_count_source": "tokenizer"}, "decoding": {"temperature": 0.2, "top_p": null, "top_k": null, "max_tokens": 120, "seed": 42}, "prompt_tokens": 90, "completion_tokens": 120, "total_tokens": 210, "token_count_source": "tokenizer", "diffusion_steps": null, "flops_estimate": null, "flops_arch": null, "flops_model_params": null, "flops_active_params": null, "tokens_non_final": 3, "tokens_reasoning": 0, "tokens_response": 3, "elapsed_seconds": 34.524338483810425, "judgement": "Mildly off"}
{"id": "travel_time_000528", "topic": "travel_time", "subtopic": "drive_time", "prompt": "You need to travel about 203 miles at around 45 mph. About how many hours will it take?", "exact_value": 4.511111111111111, "model": "Dream-org/Dream-v0-Instruct-7B", "provider": "transformers", "response": "Final answer: 2.2", "numeric_answer": 2.2, "relative_error": 0.5123152709359605, "thinking_text": null, "has_tool_call": false, "tool_call": null, "usage": {"prompt_tokens": 90, "completion_tokens": 120, "total_tokens": 210, "token_count_source": "tokenizer"}, "decoding": {"temperature": 0.2, "top_p": null, "top_k": null, "max_tokens": 120, "seed": 42}, "prompt_tokens": 90, "completion_tokens": 120, "total_tokens": 210, "token_count_source": "tokenizer", "diffusion_steps": null, "flops_estimate": null, "flops_arch": null, "flops_model_params": null, "flops_active_params": null, "tokens_non_final": 3, "tokens_reasoning": 0, "tokens_response": 3, "elapsed_seconds": 34.56492209434509, "judgement": "Mildly off"}
{"id": "travel_time_000548", "topic": "travel_time", "subtopic": "drive_time", "prompt": "You need to travel about 71 miles at around 65 mph. About how many hours will it take?", "exact_value": 1.0953846153846154, "model": "Dream-org/Dream-v0-Instruct-7B", "provider": "transformers", "response": "!!!!!!!!!!!!!!!!!!!!!!!!!!!!!!!!!!!!!!!!!!!!!!!!!!!!!!!!!!!!!!!!!!!!!!!!!!!!!!!!!!!!!!!!!!!!!!!!!!!!!!!!!!!!!!!!!!!!!!!!", "numeric_answer": null, "relative_error": null, "thinking_text": null, "has_tool_call": false, "tool_call": null, "usage": {"prompt_tokens": 89, "completion_tokens": 121, "total_tokens": 210, "token_count_source": "tokenizer"}, "decoding": {"temperature": 0.2, "top_p": null, "top_k": null, "max_tokens": 120, "seed": 42}, "prompt_tokens": 89, "completion_tokens": 121, "total_tokens": 210, "token_count_source": "tokenizer", "diffusion_steps": null, "flops_estimate": null, "flops_arch": null, "flops_model_params": null, "flops_active_params": null, "tokens_non_final": 1, "tokens_reasoning": 0, "tokens_response": 1, "elapsed_seconds": 34.56492209434509, "judgement": "Uncategorized"}
{"id": "travel_time_000568", "topic": "travel_time", "subtopic": "drive_time", "prompt": "You need to travel about 167 miles at around 45 mph. About how many hours will it take?", "exact_value": 3.7022222222222223, "model": "Dream-org/Dream-v0-Instruct-7B", "provider": "transformers", "response": "Final answer: 2.5", "numeric_answer": 2.5, "relative_error": 0.3247298919567827, "thinking_text": null, "has_tool_call": false, "tool_call": null, "usage": {"prompt_tokens": 90, "completion_tokens": 120, "total_tokens": 210, "token_count_source": "tokenizer"}, "decoding": {"temperature": 0.2, "top_p": null, "top_k": null, "max_tokens": 120, "seed": 42}, "prompt_tokens": 90, "completion_tokens": 120, "total_tokens": 210, "token_count_source": "tokenizer", "diffusion_steps": null, "flops_estimate": null, "flops_arch": null, "flops_model_params": null, "flops_active_params": null, "tokens_non_final": 3, "tokens_reasoning": 0, "tokens_response": 3, "elapsed_seconds": 34.56492209434509, "judgement": "Mildly off"}
{"id": "travel_time_000588", "topic": "travel_time", "subtopic": "drive_time", "prompt": "You need to travel about 59 miles at around 25 mph. About how many hours will it take?", "exact_value": 2.344, "model": "Dream-org/Dream-v0-Instruct-7B", "provider": "transformers", "response": "!!!!!!!!!!!!!!!!!!!!!!!!!!!!!!!!!!!!!!!!!!!!!!!!!!!!!!!!!!!!!!!!!!!!!!!!!!!!!!!!!!!!!!!!!!!!!!!!!!!!!!!!!!!!!!!!!!!!!!!!", "numeric_answer": null, "relative_error": null, "thinking_text": null, "has_tool_call": false, "tool_call": null, "usage": {"prompt_tokens": 89, "completion_tokens": 121, "total_tokens": 210, "token_count_source": "tokenizer"}, "decoding": {"temperature": 0.2, "top_p": null, "top_k": null, "max_tokens": 120, "seed": 42}, "prompt_tokens": 89, "completion_tokens": 121, "total_tokens": 210, "token_count_source": "tokenizer", "diffusion_steps": null, "flops_estimate": null, "flops_arch": null, "flops_model_params": null, "flops_active_params": null, "tokens_non_final": 1, "tokens_reasoning": 0, "tokens_response": 1, "elapsed_seconds": 34.56492209434509, "judgement": "Uncategorized"}
{"id": "travel_time_000608", "topic": "travel_time", "subtopic": "drive_time", "prompt": "You need to travel about 87 miles at around 25 mph. About how many hours will it take?", "exact_value": 3.468, "model": "Dream-org/Dream-v0-Instruct-7B", "provider": "transformers", "response": "!!!!!!!!!!!!!!!!!!!!!!!!!!!!!!!!!!!!!!!!!!!!!!!!!!!!!!!!!!!!!!!!!!!!!!!!!!!!!!!!!!!!!!!!!!!!!!!!!!!!!!!!!!!!!!!!!!!!!!!!", "numeric_answer": null, "relative_error": null, "thinking_text": null, "has_tool_call": false, "tool_call": null, "usage": {"prompt_tokens": 89, "completion_tokens": 121, "total_tokens": 210, "token_count_source": "tokenizer"}, "decoding": {"temperature": 0.2, "top_p": null, "top_k": null, "max_tokens": 120, "seed": 42}, "prompt_tokens": 89, "completion_tokens": 121, "total_tokens": 210, "token_count_source": "tokenizer", "diffusion_steps": null, "flops_estimate": null, "flops_arch": null, "flops_model_params": null, "flops_active_params": null, "tokens_non_final": 1, "tokens_reasoning": 0, "tokens_response": 1, "elapsed_seconds": 35.186607360839844, "judgement": "Uncategorized"}
{"id": "travel_time_000628", "topic": "travel_time", "subtopic": "drive_time", "prompt": "You need to travel about 236 miles at around 45 mph. About how many hours will it take?", "exact_value": 5.2444444444444445, "model": "Dream-org/Dream-v0-Instruct-7B", "provider": "transformers", "response": "Final answer: 3.5", "numeric_answer": 3.5, "relative_error": 0.3326271186440678, "thinking_text": null, "has_tool_call": false, "tool_call": null, "usage": {"prompt_tokens": 90, "completion_tokens": 120, "total_tokens": 210, "token_count_source": "tokenizer"}, "decoding": {"temperature": 0.2, "top_p": null, "top_k": null, "max_tokens": 120, "seed": 42}, "prompt_tokens": 90, "completion_tokens": 120, "total_tokens": 210, "token_count_source": "tokenizer", "diffusion_steps": null, "flops_estimate": null, "flops_arch": null, "flops_model_params": null, "flops_active_params": null, "tokens_non_final": 3, "tokens_reasoning": 0, "tokens_response": 3, "elapsed_seconds": 35.186607360839844, "judgement": "Mildly off"}
{"id": "travel_time_000648", "topic": "travel_time", "subtopic": "drive_time", "prompt": "You need to travel about 202 miles at around 45 mph. About how many hours will it take?", "exact_value": 4.497777777777778, "model": "Dream-org/Dream-v0-Instruct-7B", "provider": "transformers", "response": "Final answer: 2.25", "numeric_answer": 2.25, "relative_error": 0.49975296442687756, "thinking_text": null, "has_tool_call": false, "tool_call": null, "usage": {"prompt_tokens": 90, "completion_tokens": 120, "total_tokens": 210, "token_count_source": "tokenizer"}, "decoding": {"temperature": 0.2, "top_p": null, "top_k": null, "max_tokens": 120, "seed": 42}, "prompt_tokens": 90, "completion_tokens": 120, "total_tokens": 210, "token_count_source": "tokenizer", "diffusion_steps": null, "flops_estimate": null, "flops_arch": null, "flops_model_params": null, "flops_active_params": null, "tokens_non_final": 3, "tokens_reasoning": 0, "tokens_response": 3, "elapsed_seconds": 35.186607360839844, "judgement": "Mildly off"}
{"id": "travel_time_000668", "topic": "travel_time", "subtopic": "drive_time", "prompt": "You need to travel about 140 miles at around 25 mph. About how many hours will it take?", "exact_value": 5.6160000000000005, "model": "Dream-org/Dream-v0-Instruct-7B", "provider": "transformers", "response": "Final answer: 2", "numeric_answer": 2.0, "relative_error": 0.6438746438746439, "thinking_text": null, "has_tool_call": false, "tool_call": null, "usage": {"prompt_tokens": 90, "completion_tokens": 120, "total_tokens": 210, "token_count_source": "tokenizer"}, "decoding": {"temperature": 0.2, "top_p": null, "top_k": null, "max_tokens": 120, "seed": 42}, "prompt_tokens": 90, "completion_tokens": 120, "total_tokens": 210, "token_count_source": "tokenizer", "diffusion_steps": null, "flops_estimate": null, "flops_arch": null, "flops_model_params": null, "flops_active_params": null, "tokens_non_final": 3, "tokens_reasoning": 0, "tokens_response": 3, "elapsed_seconds": 35.186607360839844, "judgement": "Way off"}
{"id": "travel_time_000688", "topic": "travel_time", "subtopic": "drive_time", "prompt": "You need to travel about 10 miles at around 65 mph. About how many hours will it take?", "exact_value": 0.1523076923076923, "model": "Dream-org/Dream-v0-Instruct-7B", "provider": "transformers", "response": "!!!!!!!!!!!!!!!!!!!!!!!!!!!!!!!!!!!!!!!!!!!!!!!!!!!!!!!!!!!!!!!!!!!!!!!!!!!!!!!!!!!!!!!!!!!!!!!!!!!!!!!!!!!!!!!!!!!!!!!!", "numeric_answer": null, "relative_error": null, "thinking_text": null, "has_tool_call": false, "tool_call": null, "usage": {"prompt_tokens": 89, "completion_tokens": 121, "total_tokens": 210, "token_count_source": "tokenizer"}, "decoding": {"temperature": 0.2, "top_p": null, "top_k": null, "max_tokens": 120, "seed": 42}, "prompt_tokens": 89, "completion_tokens": 121, "total_tokens": 210, "token_count_source": "tokenizer", "diffusion_steps": null, "flops_estimate": null, "flops_arch": null, "flops_model_params": null, "flops_active_params": null, "tokens_non_final": 1, "tokens_reasoning": 0, "tokens_response": 1, "elapsed_seconds": 34.02550911903381, "judgement": "Uncategorized"}
{"id": "travel_time_000708", "topic": "travel_time", "subtopic": "drive_time", "prompt": "You need to travel about 187 miles at around 35 mph. About how many hours will it take?", "exact_value": 5.345714285714285, "model": "Dream-org/Dream-v0-Instruct-7B", "provider": "transformers", "response": "Final answer: 3.", "numeric_answer": 3.0, "relative_error": 0.43880277926242645, "thinking_text": null, "has_tool_call": false, "tool_call": null, "usage": {"prompt_tokens": 90, "completion_tokens": 120, "total_tokens": 210, "token_count_source": "tokenizer"}, "decoding": {"temperature": 0.2, "top_p": null, "top_k": null, "max_tokens": 120, "seed": 42}, "prompt_tokens": 90, "completion_tokens": 120, "total_tokens": 210, "token_count_source": "tokenizer", "diffusion_steps": null, "flops_estimate": null, "flops_arch": null, "flops_model_params": null, "flops_active_params": null, "tokens_non_final": 3, "tokens_reasoning": 0, "tokens_response": 3, "elapsed_seconds": 34.02550911903381, "judgement": "Mildly off"}
{"id": "travel_time_000728", "topic": "travel_time", "subtopic": "drive_time", "prompt": "You need to travel about 85 miles at around 35 mph. About how many hours will it take?", "exact_value": 2.42, "model": "Dream-org/Dream-v0-Instruct-7B", "provider": "transformers", "response": "!!!!!!!!!!!!!!!!!!!!!!!!!!!!!!!!!!!!!!!!!!!!!!!!!!!!!!!!!!!!!!!!!!!!!!!!!!!!!!!!!!!!!!!!!!!!!!!!!!!!!!!!!!!!!!!!!!!!!!!!", "numeric_answer": null, "relative_error": null, "thinking_text": null, "has_tool_call": false, "tool_call": null, "usage": {"prompt_tokens": 89, "completion_tokens": 121, "total_tokens": 210, "token_count_source": "tokenizer"}, "decoding": {"temperature": 0.2, "top_p": null, "top_k": null, "max_tokens": 120, "seed": 42}, "prompt_tokens": 89, "completion_tokens": 121, "total_tokens": 210, "token_count_source": "tokenizer", "diffusion_steps": null, "flops_estimate": null, "flops_arch": null, "flops_model_params": null, "flops_active_params": null, "tokens_non_final": 1, "tokens_reasoning": 0, "tokens_response": 1, "elapsed_seconds": 34.02550911903381, "judgement": "Uncategorized"}
{"id": "travel_time_000748", "topic": "travel_time", "subtopic": "drive_time", "prompt": "You need to travel about 45 miles at around 55 mph. About how many hours will it take?", "exact_value": 0.8200000000000001, "model": "Dream-org/Dream-v0-Instruct-7B", "provider": "transformers", "response": "!!!!!!!!!!!!!!!!!!!!!!!!!!!!!!!!!!!!!!!!!!!!!!!!!!!!!!!!!!!!!!!!!!!!!!!!!!!!!!!!!!!!!!!!!!!!!!!!!!!!!!!!!!!!!!!!!!!!!!!!", "numeric_answer": null, "relative_error": null, "thinking_text": null, "has_tool_call": false, "tool_call": null, "usage": {"prompt_tokens": 89, "completion_tokens": 121, "total_tokens": 210, "token_count_source": "tokenizer"}, "decoding": {"temperature": 0.2, "top_p": null, "top_k": null, "max_tokens": 120, "seed": 42}, "prompt_tokens": 89, "completion_tokens": 121, "total_tokens": 210, "token_count_source": "tokenizer", "diffusion_steps": null, "flops_estimate": null, "flops_arch": null, "flops_model_params": null, "flops_active_params": null, "tokens_non_final": 1, "tokens_reasoning": 0, "tokens_response": 1, "elapsed_seconds": 34.02550911903381, "judgement": "Uncategorized"}
{"id": "travel_time_000768", "topic": "travel_time", "subtopic": "drive_time", "prompt": "You need to travel about 174 miles at around 55 mph. About how many hours will it take?", "exact_value": 3.1563636363636363, "model": "Dream-org/Dream-v0-Instruct-7B", "provider": "transformers", "response": "Final answer: 2.5", "numeric_answer": 2.5, "relative_error": 0.20794930875576034, "thinking_text": null, "has_tool_call": false, "tool_call": null, "usage": {"prompt_tokens": 90, "completion_tokens": 120, "total_tokens": 210, "token_count_source": "tokenizer"}, "decoding": {"temperature": 0.2, "top_p": null, "top_k": null, "max_tokens": 120, "seed": 42}, "prompt_tokens": 90, "completion_tokens": 120, "total_tokens": 210, "token_count_source": "tokenizer", "diffusion_steps": null, "flops_estimate": null, "flops_arch": null, "flops_model_params": null, "flops_active_params": null, "tokens_non_final": 3, "tokens_reasoning": 0, "tokens_response": 3, "elapsed_seconds": 35.188414096832275, "judgement": "Mildly off"}
{"id": "travel_time_000788", "topic": "travel_time", "subtopic": "drive_time", "prompt": "You need to travel about 88 miles at around 65 mph. About how many hours will it take?", "exact_value": 1.3507692307692307, "model": "Dream-org/Dream-v0-Instruct-7B", "provider": "transformers", "response": "!!!!!!!!!!!!!!!!!!!!!!!!!!!!!!!!!!!!!!!!!!!!!!!!!!!!!!!!!!!!!!!!!!!!!!!!!!!!!!!!!!!!!!!!!!!!!!!!!!!!!!!!!!!!!!!!!!!!!!!!", "numeric_answer": null, "relative_error": null, "thinking_text": null, "has_tool_call": false, "tool_call": null, "usage": {"prompt_tokens": 89, "completion_tokens": 121, "total_tokens": 210, "token_count_source": "tokenizer"}, "decoding": {"temperature": 0.2, "top_p": null, "top_k": null, "max_tokens": 120, "seed": 42}, "prompt_tokens": 89, "completion_tokens": 121, "total_tokens": 210, "token_count_source": "tokenizer", "diffusion_steps": null, "flops_estimate": null, "flops_arch": null, "flops_model_params": null, "flops_active_params": null, "tokens_non_final": 1, "tokens_reasoning": 0, "tokens_response": 1, "elapsed_seconds": 35.188414096832275, "judgement": "Uncategorized"}
{"id": "travel_time_000808", "topic": "travel_time", "subtopic": "drive_time", "prompt": "You need to travel about 224 miles at around 35 mph. About how many hours will it take?", "exact_value": 6.402857142857143, "model": "Dream-org/Dream-v0-Instruct-7B", "provider": "transformers", "response": "Final answer: 4", "numeric_answer": 4.0, "relative_error": 0.37527889335118253, "thinking_text": null, "has_tool_call": false, "tool_call": null, "usage": {"prompt_tokens": 90, "completion_tokens": 120, "total_tokens": 210, "token_count_source": "tokenizer"}, "decoding": {"temperature": 0.2, "top_p": null, "top_k": null, "max_tokens": 120, "seed": 42}, "prompt_tokens": 90, "completion_tokens": 120, "total_tokens": 210, "token_count_source": "tokenizer", "diffusion_steps": null, "flops_estimate": null, "flops_arch": null, "flops_model_params": null, "flops_active_params": null, "tokens_non_final": 3, "tokens_reasoning": 0, "tokens_response": 3, "elapsed_seconds": 35.188414096832275, "judgement": "Mildly off"}
{"id": "travel_time_000828", "topic": "travel_time", "subtopic": "drive_time", "prompt": "You need to travel about 153 miles at around 45 mph. About how many hours will it take?", "exact_value": 3.391111111111111, "model": "Dream-org/Dream-v0-Instruct-7B", "provider": "transformers", "response": "Final answer: 2", "numeric_answer": 2.0, "relative_error": 0.41022280471821754, "thinking_text": null, "has_tool_call": false, "tool_call": null, "usage": {"prompt_tokens": 90, "completion_tokens": 120, "total_tokens": 210, "token_count_source": "tokenizer"}, "decoding": {"temperature": 0.2, "top_p": null, "top_k": null, "max_tokens": 120, "seed": 42}, "prompt_tokens": 90, "completion_tokens": 120, "total_tokens": 210, "token_count_source": "tokenizer", "diffusion_steps": null, "flops_estimate": null, "flops_arch": null, "flops_model_params": null, "flops_active_params": null, "tokens_non_final": 3, "tokens_reasoning": 0, "tokens_response": 3, "elapsed_seconds": 35.188414096832275, "judgement": "Mildly off"}
{"id": "travel_time_000848", "topic": "travel_time", "subtopic": "drive_time", "prompt": "You need to travel about 192 miles at around 25 mph. About how many hours will it take?", "exact_value": 7.7, "model": "Dream-org/Dream-v0-Instruct-7B", "provider": "transformers", "response": "Final answer: 3", "numeric_answer": 3.0, "relative_error": 0.6103896103896104, "thinking_text": null, "has_tool_call": false, "tool_call": null, "usage": {"prompt_tokens": 90, "completion_tokens": 120, "total_tokens": 210, "token_count_source": "tokenizer"}, "decoding": {"temperature": 0.2, "top_p": null, "top_k": null, "max_tokens": 120, "seed": 42}, "prompt_tokens": 90, "completion_tokens": 120, "total_tokens": 210, "token_count_source": "tokenizer", "diffusion_steps": null, "flops_estimate": null, "flops_arch": null, "flops_model_params": null, "flops_active_params": null, "tokens_non_final": 3, "tokens_reasoning": 0, "tokens_response": 3, "elapsed_seconds": 35.38302803039551, "judgement": "Way off"}
{"id": "travel_time_000868", "topic": "travel_time", "subtopic": "drive_time", "prompt": "You need to travel about 145 miles at around 25 mph. About how many hours will it take?", "exact_value": 5.792000000000001, "model": "Dream-org/Dream-v0-Instruct-7B", "provider": "transformers", "response": "Final answer: 2.5", "numeric_answer": 2.5, "relative_error": 0.5683701657458564, "thinking_text": null, "has_tool_call": false, "tool_call": null, "usage": {"prompt_tokens": 90, "completion_tokens": 120, "total_tokens": 210, "token_count_source": "tokenizer"}, "decoding": {"temperature": 0.2, "top_p": null, "top_k": null, "max_tokens": 120, "seed": 42}, "prompt_tokens": 90, "completion_tokens": 120, "total_tokens": 210, "token_count_source": "tokenizer", "diffusion_steps": null, "flops_estimate": null, "flops_arch": null, "flops_model_params": null, "flops_active_params": null, "tokens_non_final": 3, "tokens_reasoning": 0, "tokens_response": 3, "elapsed_seconds": 35.38302803039551, "judgement": "Mildly off"}
{"id": "travel_time_000888", "topic": "travel_time", "subtopic": "drive_time", "prompt": "You need to travel about 231 miles at around 45 mph. About how many hours will it take?", "exact_value": 5.1288888888888895, "model": "Dream-org/Dream-v0-Instruct-7B", "provider": "transformers", "response": "Final answer: 2", "numeric_answer": 2.0, "relative_error": 0.6100519930675911, "thinking_text": null, "has_tool_call": false, "tool_call": null, "usage": {"prompt_tokens": 90, "completion_tokens": 120, "total_tokens": 210, "token_count_source": "tokenizer"}, "decoding": {"temperature": 0.2, "top_p": null, "top_k": null, "max_tokens": 120, "seed": 42}, "prompt_tokens": 90, "completion_tokens": 120, "total_tokens": 210, "token_count_source": "tokenizer", "diffusion_steps": null, "flops_estimate": null, "flops_arch": null, "flops_model_params": null, "flops_active_params": null, "tokens_non_final": 3, "tokens_reasoning": 0, "tokens_response": 3, "elapsed_seconds": 35.38302803039551, "judgement": "Way off"}
{"id": "travel_time_000908", "topic": "travel_time", "subtopic": "drive_time", "prompt": "You need to travel about 116 miles at around 55 mph. About how many hours will it take?", "exact_value": 2.1163636363636367, "model": "Dream-org/Dream-v0-Instruct-7B", "provider": "transformers", "response": "Final answer: 2.5", "numeric_answer": 2.5, "relative_error": 0.18127147766323007, "thinking_text": null, "has_tool_call": false, "tool_call": null, "usage": {"prompt_tokens": 90, "completion_tokens": 120, "total_tokens": 210, "token_count_source": "tokenizer"}, "decoding": {"temperature": 0.2, "top_p": null, "top_k": null, "max_tokens": 120, "seed": 42}, "prompt_tokens": 90, "completion_tokens": 120, "total_tokens": 210, "token_count_source": "tokenizer", "diffusion_steps": null, "flops_estimate": null, "flops_arch": null, "flops_model_params": null, "flops_active_params": null, "tokens_non_final": 3, "tokens_reasoning": 0, "tokens_response": 3, "elapsed_seconds": 35.38302803039551, "judgement": "Good approximation"}
{"id": "travel_time_000928", "topic": "travel_time", "subtopic": "drive_time", "prompt": "You need to travel about 63 miles at around 55 mph. About how many hours will it take?", "exact_value": 1.1454545454545455, "model": "Dream-org/Dream-v0-Instruct-7B", "provider": "transformers", "response": "!!!!!!!!!!!!!!!!!!!!!!!!!!!!!!!!!!!!!!!!!!!!!!!!!!!!!!!!!!!!!!!!!!!!!!!!!!!!!!!!!!!!!!!!!!!!!!!!!!!!!!!!!!!!!!!!!!!!!!!!", "numeric_answer": null, "relative_error": null, "thinking_text": null, "has_tool_call": false, "tool_call": null, "usage": {"prompt_tokens": 89, "completion_tokens": 121, "total_tokens": 210, "token_count_source": "tokenizer"}, "decoding": {"temperature": 0.2, "top_p": null, "top_k": null, "max_tokens": 120, "seed": 42}, "prompt_tokens": 89, "completion_tokens": 121, "total_tokens": 210, "token_count_source": "tokenizer", "diffusion_steps": null, "flops_estimate": null, "flops_arch": null, "flops_model_params": null, "flops_active_params": null, "tokens_non_final": 1, "tokens_reasoning": 0, "tokens_response": 1, "elapsed_seconds": 35.191938400268555, "judgement": "Uncategorized"}
{"id": "travel_time_000948", "topic": "travel_time", "subtopic": "drive_time", "prompt": "You need to travel about 186 miles at around 65 mph. About how many hours will it take?", "exact_value": 2.8584615384615386, "model": "Dream-org/Dream-v0-Instruct-7B", "provider": "transformers", "response": "Final answer: 3.", "numeric_answer": 3.0, "relative_error": 0.04951560818083956, "thinking_text": null, "has_tool_call": false, "tool_call": null, "usage": {"prompt_tokens": 90, "completion_tokens": 120, "total_tokens": 210, "token_count_source": "tokenizer"}, "decoding": {"temperature": 0.2, "top_p": null, "top_k": null, "max_tokens": 120, "seed": 42}, "prompt_tokens": 90, "completion_tokens": 120, "total_tokens": 210, "token_count_source": "tokenizer", "diffusion_steps": null, "flops_estimate": null, "flops_arch": null, "flops_model_params": null, "flops_active_params": null, "tokens_non_final": 3, "tokens_reasoning": 0, "tokens_response": 3, "elapsed_seconds": 35.191938400268555, "judgement": "Good approximation"}
{"id": "travel_time_000968", "topic": "travel_time", "subtopic": "drive_time", "prompt": "You need to travel about 108 miles at around 55 mph. About how many hours will it take?", "exact_value": 1.9672727272727273, "model": "Dream-org/Dream-v0-Instruct-7B", "provider": "transformers", "response": "Final answer: 2", "numeric_answer": 2.0, "relative_error": 0.016635859519408498, "thinking_text": null, "has_tool_call": false, "tool_call": null, "usage": {"prompt_tokens": 90, "completion_tokens": 120, "total_tokens": 210, "token_count_source": "tokenizer"}, "decoding": {"temperature": 0.2, "top_p": null, "top_k": null, "max_tokens": 120, "seed": 42}, "prompt_tokens": 90, "completion_tokens": 120, "total_tokens": 210, "token_count_source": "tokenizer", "diffusion_steps": null, "flops_estimate": null, "flops_arch": null, "flops_model_params": null, "flops_active_params": null, "tokens_non_final": 3, "tokens_reasoning": 0, "tokens_response": 3, "elapsed_seconds": 35.191938400268555, "judgement": "Good approximation"}
{"id": "travel_time_000988", "topic": "travel_time", "subtopic": "drive_time", "prompt": "You need to travel about 156 miles at around 55 mph. About how many hours will it take?", "exact_value": 2.838181818181818, "model": "Dream-org/Dream-v0-Instruct-7B", "provider": "transformers", "response": "Final answer: 2.25", "numeric_answer": 2.25, "relative_error": 0.20723894939141568, "thinking_text": null, "has_tool_call": false, "tool_call": null, "usage": {"prompt_tokens": 90, "completion_tokens": 120, "total_tokens": 210, "token_count_source": "tokenizer"}, "decoding": {"temperature": 0.2, "top_p": null, "top_k": null, "max_tokens": 120, "seed": 42}, "prompt_tokens": 90, "completion_tokens": 120, "total_tokens": 210, "token_count_source": "tokenizer", "diffusion_steps": null, "flops_estimate": null, "flops_arch": null, "flops_model_params": null, "flops_active_params": null, "tokens_non_final": 3, "tokens_reasoning": 0, "tokens_response": 3, "elapsed_seconds": 35.191938400268555, "judgement": "Mildly off"}
{"id": "travel_time_001008", "topic": "travel_time", "subtopic": "drive_time", "prompt": "You need to travel about 74 miles at around 25 mph. About how many hours will it take?", "exact_value": 2.948, "model": "Dream-org/Dream-v0-Instruct-7B", "provider": "transformers", "response": "!!!!!!!!!!!!!!!!!!!!!!!!!!!!!!!!!!!!!!!!!!!!!!!!!!!!!!!!!!!!!!!!!!!!!!!!!!!!!!!!!!!!!!!!!!!!!!!!!!!!!!!!!!!!!!!!!!!!!!!!", "numeric_answer": null, "relative_error": null, "thinking_text": null, "has_tool_call": false, "tool_call": null, "usage": {"prompt_tokens": 89, "completion_tokens": 121, "total_tokens": 210, "token_count_source": "tokenizer"}, "decoding": {"temperature": 0.2, "top_p": null, "top_k": null, "max_tokens": 120, "seed": 42}, "prompt_tokens": 89, "completion_tokens": 121, "total_tokens": 210, "token_count_source": "tokenizer", "diffusion_steps": null, "flops_estimate": null, "flops_arch": null, "flops_model_params": null, "flops_active_params": null, "tokens_non_final": 1, "tokens_reasoning": 0, "tokens_response": 1, "elapsed_seconds": 34.555673360824585, "judgement": "Uncategorized"}
{"id": "travel_time_001028", "topic": "travel_time", "subtopic": "drive_time", "prompt": "You need to travel about 51 miles at around 55 mph. About how many hours will it take?", "exact_value": 0.9309090909090909, "model": "Dream-org/Dream-v0-Instruct-7B", "provider": "transformers", "response": "!!!!!!!!!!!!!!!!!!!!!!!!!!!!!!!!!!!!!!!!!!!!!!!!!!!!!!!!!!!!!!!!!!!!!!!!!!!!!!!!!!!!!!!!!!!!!!!!!!!!!!!!!!!!!!!!!!!!!!!!", "numeric_answer": null, "relative_error": null, "thinking_text": null, "has_tool_call": false, "tool_call": null, "usage": {"prompt_tokens": 89, "completion_tokens": 121, "total_tokens": 210, "token_count_source": "tokenizer"}, "decoding": {"temperature": 0.2, "top_p": null, "top_k": null, "max_tokens": 120, "seed": 42}, "prompt_tokens": 89, "completion_tokens": 121, "total_tokens": 210, "token_count_source": "tokenizer", "diffusion_steps": null, "flops_estimate": null, "flops_arch": null, "flops_model_params": null, "flops_active_params": null, "tokens_non_final": 1, "tokens_reasoning": 0, "tokens_response": 1, "elapsed_seconds": 34.555673360824585, "judgement": "Uncategorized"}
{"id": "travel_time_001048", "topic": "travel_time", "subtopic": "drive_time", "prompt": "You need to travel about 216 miles at around 35 mph. About how many hours will it take?", "exact_value": 6.180000000000001, "model": "Dream-org/Dream-v0-Instruct-7B", "provider": "transformers", "response": "Final answer: 3", "numeric_answer": 3.0, "relative_error": 0.5145631067961165, "thinking_text": null, "has_tool_call": false, "tool_call": null, "usage": {"prompt_tokens": 90, "completion_tokens": 120, "total_tokens": 210, "token_count_source": "tokenizer"}, "decoding": {"temperature": 0.2, "top_p": null, "top_k": null, "max_tokens": 120, "seed": 42}, "prompt_tokens": 90, "completion_tokens": 120, "total_tokens": 210, "token_count_source": "tokenizer", "diffusion_steps": null, "flops_estimate": null, "flops_arch": null, "flops_model_params": null, "flops_active_params": null, "tokens_non_final": 3, "tokens_reasoning": 0, "tokens_response": 3, "elapsed_seconds": 34.555673360824585, "judgement": "Mildly off"}
{"id": "travel_time_001068", "topic": "travel_time", "subtopic": "drive_time", "prompt": "You need to travel about 183 miles at around 25 mph. About how many hours will it take?", "exact_value": 7.308, "model": "Dream-org/Dream-v0-Instruct-7B", "provider": "transformers", "response": "Final answer: 2.5", "numeric_answer": 2.5, "relative_error": 0.6579091406677613, "thinking_text": null, "has_tool_call": false, "tool_call": null, "usage": {"prompt_tokens": 90, "completion_tokens": 120, "total_tokens": 210, "token_count_source": "tokenizer"}, "decoding": {"temperature": 0.2, "top_p": null, "top_k": null, "max_tokens": 120, "seed": 42}, "prompt_tokens": 90, "completion_tokens": 120, "total_tokens": 210, "token_count_source": "tokenizer", "diffusion_steps": null, "flops_estimate": null, "flops_arch": null, "flops_model_params": null, "flops_active_params": null, "tokens_non_final": 3, "tokens_reasoning": 0, "tokens_response": 3, "elapsed_seconds": 34.555673360824585, "judgement": "Way off"}
{"id": "physics_estimate_000112", "topic": "physics_estimate", "subtopic": "fill_rate", "prompt": "A faucet fills 40 liters at about 6 liters per minute. About how many minutes does it take?", "exact_value": 6.666666666666667, "model": "Dream-org/Dream-v0-Instruct-7B", "provider": "transformers", "response": "Final answer: 3", "numeric_answer": 3.0, "relative_error": 0.55, "thinking_text": null, "has_tool_call": false, "tool_call": null, "usage": {"prompt_tokens": 88, "completion_tokens": 120, "total_tokens": 208, "token_count_source": "tokenizer"}, "decoding": {"temperature": 0.2, "top_p": null, "top_k": null, "max_tokens": 120, "seed": 42}, "prompt_tokens": 88, "completion_tokens": 120, "total_tokens": 208, "token_count_source": "tokenizer", "diffusion_steps": null, "flops_estimate": null, "flops_arch": null, "flops_model_params": null, "flops_active_params": null, "tokens_non_final": 3, "tokens_reasoning": 0, "tokens_response": 3, "elapsed_seconds": 35.31160044670105, "judgement": "Mildly off"}
{"id": "physics_estimate_000132", "topic": "physics_estimate", "subtopic": "fill_rate", "prompt": "A faucet fills 10 liters at about 6 liters per minute. About how many minutes does it take?", "exact_value": 1.6666666666666667, "model": "Dream-org/Dream-v0-Instruct-7B", "provider": "transformers", "response": "Final answer: 2", "numeric_answer": 2.0, "relative_error": 0.19999999999999996, "thinking_text": null, "has_tool_call": false, "tool_call": null, "usage": {"prompt_tokens": 88, "completion_tokens": 120, "total_tokens": 208, "token_count_source": "tokenizer"}, "decoding": {"temperature": 0.2, "top_p": null, "top_k": null, "max_tokens": 120, "seed": 42}, "prompt_tokens": 88, "completion_tokens": 120, "total_tokens": 208, "token_count_source": "tokenizer", "diffusion_steps": null, "flops_estimate": null, "flops_arch": null, "flops_model_params": null, "flops_active_params": null, "tokens_non_final": 3, "tokens_reasoning": 0, "tokens_response": 3, "elapsed_seconds": 35.31160044670105, "judgement": "Good approximation"}
{"id": "physics_estimate_000152", "topic": "physics_estimate", "subtopic": "fill_rate", "prompt": "A faucet fills 10 liters at about 7 liters per minute. About how many minutes does it take?", "exact_value": 1.4285714285714286, "model": "Dream-org/Dream-v0-Instruct-7B", "provider": "transformers", "response": "Final answer: 2", "numeric_answer": 2.0, "relative_error": 0.39999999999999997, "thinking_text": null, "has_tool_call": false, "tool_call": null, "usage": {"prompt_tokens": 88, "completion_tokens": 120, "total_tokens": 208, "token_count_source": "tokenizer"}, "decoding": {"temperature": 0.2, "top_p": null, "top_k": null, "max_tokens": 120, "seed": 42}, "prompt_tokens": 88, "completion_tokens": 120, "total_tokens": 208, "token_count_source": "tokenizer", "diffusion_steps": null, "flops_estimate": null, "flops_arch": null, "flops_model_params": null, "flops_active_params": null, "tokens_non_final": 3, "tokens_reasoning": 0, "tokens_response": 3, "elapsed_seconds": 35.31160044670105, "judgement": "Mildly off"}
{"id": "physics_estimate_000172", "topic": "physics_estimate", "subtopic": "fill_rate", "prompt": "A faucet fills 15 liters at about 6 liters per minute. About how many minutes does it take?", "exact_value": 2.5, "model": "Dream-org/Dream-v0-Instruct-7B", "provider": "transformers", "response": "Final answer: 3", "numeric_answer": 3.0, "relative_error": 0.2, "thinking_text": null, "has_tool_call": false, "tool_call": null, "usage": {"prompt_tokens": 88, "completion_tokens": 120, "total_tokens": 208, "token_count_source": "tokenizer"}, "decoding": {"temperature": 0.2, "top_p": null, "top_k": null, "max_tokens": 120, "seed": 42}, "prompt_tokens": 88, "completion_tokens": 120, "total_tokens": 208, "token_count_source": "tokenizer", "diffusion_steps": null, "flops_estimate": null, "flops_arch": null, "flops_model_params": null, "flops_active_params": null, "tokens_non_final": 3, "tokens_reasoning": 0, "tokens_response": 3, "elapsed_seconds": 35.31160044670105, "judgement": "Good approximation"}
{"id": "physics_estimate_000192", "topic": "physics_estimate", "subtopic": "fill_rate", "prompt": "A faucet fills 15 liters at about 8 liters per minute. About how many minutes does it take?", "exact_value": 1.875, "model": "Dream-org/Dream-v0-Instruct-7B", "provider": "transformers", "response": "Final answer: 2.5", "numeric_answer": 2.5, "relative_error": 0.3333333333333333, "thinking_text": null, "has_tool_call": false, "tool_call": null, "usage": {"prompt_tokens": 88, "completion_tokens": 120, "total_tokens": 208, "token_count_source": "tokenizer"}, "decoding": {"temperature": 0.2, "top_p": null, "top_k": null, "max_tokens": 120, "seed": 42}, "prompt_tokens": 88, "completion_tokens": 120, "total_tokens": 208, "token_count_source": "tokenizer", "diffusion_steps": null, "flops_estimate": null, "flops_arch": null, "flops_model_params": null, "flops_active_params": null, "tokens_non_final": 3, "tokens_reasoning": 0, "tokens_response": 3, "elapsed_seconds": 35.31185054779053, "judgement": "Mildly off"}
{"id": "physics_estimate_000212", "topic": "physics_estimate", "subtopic": "fill_rate", "prompt": "A faucet fills 50 liters at about 6 liters per minute. About how many minutes does it take?", "exact_value": 8.333333333333334, "model": "Dream-org/Dream-v0-Instruct-7B", "provider": "transformers", "response": "Final answer: 1", "numeric_answer": 1.0, "relative_error": 0.88, "thinking_text": null, "has_tool_call": false, "tool_call": null, "usage": {"prompt_tokens": 88, "completion_tokens": 120, "total_tokens": 208, "token_count_source": "tokenizer"}, "decoding": {"temperature": 0.2, "top_p": null, "top_k": null, "max_tokens": 120, "seed": 42}, "prompt_tokens": 88, "completion_tokens": 120, "total_tokens": 208, "token_count_source": "tokenizer", "diffusion_steps": null, "flops_estimate": null, "flops_arch": null, "flops_model_params": null, "flops_active_params": null, "tokens_non_final": 3, "tokens_reasoning": 0, "tokens_response": 3, "elapsed_seconds": 35.31185054779053, "judgement": "Way off"}
{"id": "physics_estimate_000232", "topic": "physics_estimate", "subtopic": "fill_rate", "prompt": "A faucet fills 20 liters at about 4 liters per minute. About how many minutes does it take?", "exact_value": 5.0, "model": "Dream-org/Dream-v0-Instruct-7B", "provider": "transformers", "response": "Final answer: 2", "numeric_answer": 2.0, "relative_error": 0.6, "thinking_text": null, "has_tool_call": false, "tool_call": null, "usage": {"prompt_tokens": 88, "completion_tokens": 120, "total_tokens": 208, "token_count_source": "tokenizer"}, "decoding": {"temperature": 0.2, "top_p": null, "top_k": null, "max_tokens": 120, "seed": 42}, "prompt_tokens": 88, "completion_tokens": 120, "total_tokens": 208, "token_count_source": "tokenizer", "diffusion_steps": null, "flops_estimate": null, "flops_arch": null, "flops_model_params": null, "flops_active_params": null, "tokens_non_final": 3, "tokens_reasoning": 0, "tokens_response": 3, "elapsed_seconds": 35.31185054779053, "judgement": "Mildly off"}
{"id": "physics_estimate_000252", "topic": "physics_estimate", "subtopic": "fill_rate", "prompt": "A faucet fills 30 liters at about 5 liters per minute. About how many minutes does it take?", "exact_value": 6.0, "model": "Dream-org/Dream-v0-Instruct-7B", "provider": "transformers", "response": "Final answer: 2.5", "numeric_answer": 2.5, "relative_error": 0.5833333333333334, "thinking_text": null, "has_tool_call": false, "tool_call": null, "usage": {"prompt_tokens": 88, "completion_tokens": 120, "total_tokens": 208, "token_count_source": "tokenizer"}, "decoding": {"temperature": 0.2, "top_p": null, "top_k": null, "max_tokens": 120, "seed": 42}, "prompt_tokens": 88, "completion_tokens": 120, "total_tokens": 208, "token_count_source": "tokenizer", "diffusion_steps": null, "flops_estimate": null, "flops_arch": null, "flops_model_params": null, "flops_active_params": null, "tokens_non_final": 3, "tokens_reasoning": 0, "tokens_response": 3, "elapsed_seconds": 35.31185054779053, "judgement": "Mildly off"}
{"id": "physics_estimate_000272", "topic": "physics_estimate", "subtopic": "fill_rate", "prompt": "A faucet fills 50 liters at about 6 liters per minute. About how many minutes does it take?", "exact_value": 8.333333333333334, "model": "Dream-org/Dream-v0-Instruct-7B", "provider": "transformers", "response": "Final answer: 10", "numeric_answer": 10.0, "relative_error": 0.19999999999999993, "thinking_text": null, "has_tool_call": false, "tool_call": null, "usage": {"prompt_tokens": 88, "completion_tokens": 120, "total_tokens": 208, "token_count_source": "tokenizer"}, "decoding": {"temperature": 0.2, "top_p": null, "top_k": null, "max_tokens": 120, "seed": 42}, "prompt_tokens": 88, "completion_tokens": 120, "total_tokens": 208, "token_count_source": "tokenizer", "diffusion_steps": null, "flops_estimate": null, "flops_arch": null, "flops_model_params": null, "flops_active_params": null, "tokens_non_final": 3, "tokens_reasoning": 0, "tokens_response": 3, "elapsed_seconds": 35.477351665496826, "judgement": "Good approximation"}
{"id": "physics_estimate_000292", "topic": "physics_estimate", "subtopic": "fill_rate", "prompt": "A faucet fills 20 liters at about 4 liters per minute. About how many minutes does it take?", "exact_value": 5.0, "model": "Dream-org/Dream-v0-Instruct-7B", "provider": "transformers", "response": "Final answer: 5", "numeric_answer": 5.0, "relative_error": 0.0, "thinking_text": null, "has_tool_call": false, "tool_call": null, "usage": {"prompt_tokens": 88, "completion_tokens": 120, "total_tokens": 208, "token_count_source": "tokenizer"}, "decoding": {"temperature": 0.2, "top_p": null, "top_k": null, "max_tokens": 120, "seed": 42}, "prompt_tokens": 88, "completion_tokens": 120, "total_tokens": 208, "token_count_source": "tokenizer", "diffusion_steps": null, "flops_estimate": null, "flops_arch": null, "flops_model_params": null, "flops_active_params": null, "tokens_non_final": 3, "tokens_reasoning": 0, "tokens_response": 3, "elapsed_seconds": 35.477351665496826, "judgement": "Exact math"}
{"id": "physics_estimate_000312", "topic": "physics_estimate", "subtopic": "fill_rate", "prompt": "A faucet fills 15 liters at about 4 liters per minute. About how many minutes does it take?", "exact_value": 3.75, "model": "Dream-org/Dream-v0-Instruct-7B", "provider": "transformers", "response": "Final answer: 3", "numeric_answer": 3.0, "relative_error": 0.2, "thinking_text": null, "has_tool_call": false, "tool_call": null, "usage": {"prompt_tokens": 88, "completion_tokens": 120, "total_tokens": 208, "token_count_source": "tokenizer"}, "decoding": {"temperature": 0.2, "top_p": null, "top_k": null, "max_tokens": 120, "seed": 42}, "prompt_tokens": 88, "completion_tokens": 120, "total_tokens": 208, "token_count_source": "tokenizer", "diffusion_steps": null, "flops_estimate": null, "flops_arch": null, "flops_model_params": null, "flops_active_params": null, "tokens_non_final": 3, "tokens_reasoning": 0, "tokens_response": 3, "elapsed_seconds": 35.477351665496826, "judgement": "Good approximation"}
{"id": "physics_estimate_000332", "topic": "physics_estimate", "subtopic": "fill_rate", "prompt": "A faucet fills 15 liters at about 5 liters per minute. About how many minutes does it take?", "exact_value": 3.0, "model": "Dream-org/Dream-v0-Instruct-7B", "provider": "transformers", "response": "Final answer: 5.5 minutes", "numeric_answer": 5.5, "relative_error": 0.8333333333333334, "thinking_text": null, "has_tool_call": false, "tool_call": null, "usage": {"prompt_tokens": 88, "completion_tokens": 120, "total_tokens": 208, "token_count_source": "tokenizer"}, "decoding": {"temperature": 0.2, "top_p": null, "top_k": null, "max_tokens": 120, "seed": 42}, "prompt_tokens": 88, "completion_tokens": 120, "total_tokens": 208, "token_count_source": "tokenizer", "diffusion_steps": null, "flops_estimate": null, "flops_arch": null, "flops_model_params": null, "flops_active_params": null, "tokens_non_final": 4, "tokens_reasoning": 0, "tokens_response": 4, "elapsed_seconds": 35.477351665496826, "judgement": "Way off"}
{"id": "physics_estimate_000352", "topic": "physics_estimate", "subtopic": "fill_rate", "prompt": "A faucet fills 15 liters at about 6 liters per minute. About how many minutes does it take?", "exact_value": 2.5, "model": "Dream-org/Dream-v0-Instruct-7B", "provider": "transformers", "response": "Final answer: 3", "numeric_answer": 3.0, "relative_error": 0.2, "thinking_text": null, "has_tool_call": false, "tool_call": null, "usage": {"prompt_tokens": 88, "completion_tokens": 120, "total_tokens": 208, "token_count_source": "tokenizer"}, "decoding": {"temperature": 0.2, "top_p": null, "top_k": null, "max_tokens": 120, "seed": 42}, "prompt_tokens": 88, "completion_tokens": 120, "total_tokens": 208, "token_count_source": "tokenizer", "diffusion_steps": null, "flops_estimate": null, "flops_arch": null, "flops_model_params": null, "flops_active_params": null, "tokens_non_final": 3, "tokens_reasoning": 0, "tokens_response": 3, "elapsed_seconds": 35.4582040309906, "judgement": "Good approximation"}
{"id": "physics_estimate_000372", "topic": "physics_estimate", "subtopic": "fill_rate", "prompt": "A faucet fills 50 liters at about 6 liters per minute. About how many minutes does it take?", "exact_value": 8.333333333333334, "model": "Dream-org/Dream-v0-Instruct-7B", "provider": "transformers", "response": "Final answer: 2.5", "numeric_answer": 2.5, "relative_error": 0.7000000000000001, "thinking_text": null, "has_tool_call": false, "tool_call": null, "usage": {"prompt_tokens": 88, "completion_tokens": 120, "total_tokens": 208, "token_count_source": "tokenizer"}, "decoding": {"temperature": 0.2, "top_p": null, "top_k": null, "max_tokens": 120, "seed": 42}, "prompt_tokens": 88, "completion_tokens": 120, "total_tokens": 208, "token_count_source": "tokenizer", "diffusion_steps": null, "flops_estimate": null, "flops_arch": null, "flops_model_params": null, "flops_active_params": null, "tokens_non_final": 3, "tokens_reasoning": 0, "tokens_response": 3, "elapsed_seconds": 35.4582040309906, "judgement": "Way off"}
{"id": "physics_estimate_000392", "topic": "physics_estimate", "subtopic": "fill_rate", "prompt": "A faucet fills 40 liters at about 7 liters per minute. About how many minutes does it take?", "exact_value": 5.714285714285714, "model": "Dream-org/Dream-v0-Instruct-7B", "provider": "transformers", "response": "Final answer: 2.5", "numeric_answer": 2.5, "relative_error": 0.5625, "thinking_text": null, "has_tool_call": false, "tool_call": null, "usage": {"prompt_tokens": 88, "completion_tokens": 120, "total_tokens": 208, "token_count_source": "tokenizer"}, "decoding": {"temperature": 0.2, "top_p": null, "top_k": null, "max_tokens": 120, "seed": 42}, "prompt_tokens": 88, "completion_tokens": 120, "total_tokens": 208, "token_count_source": "tokenizer", "diffusion_steps": null, "flops_estimate": null, "flops_arch": null, "flops_model_params": null, "flops_active_params": null, "tokens_non_final": 3, "tokens_reasoning": 0, "tokens_response": 3, "elapsed_seconds": 35.4582040309906, "judgement": "Mildly off"}
{"id": "physics_estimate_000412", "topic": "physics_estimate", "subtopic": "fill_rate", "prompt": "A faucet fills 10 liters at about 7 liters per minute. About how many minutes does it take?", "exact_value": 1.4285714285714286, "model": "Dream-org/Dream-v0-Instruct-7B", "provider": "transformers", "response": "Final answer: 3.", "numeric_answer": 3.0, "relative_error": 1.0999999999999999, "thinking_text": null, "has_tool_call": false, "tool_call": null, "usage": {"prompt_tokens": 88, "completion_tokens": 120, "total_tokens": 208, "token_count_source": "tokenizer"}, "decoding": {"temperature": 0.2, "top_p": null, "top_k": null, "max_tokens": 120, "seed": 42}, "prompt_tokens": 88, "completion_tokens": 120, "total_tokens": 208, "token_count_source": "tokenizer", "diffusion_steps": null, "flops_estimate": null, "flops_arch": null, "flops_model_params": null, "flops_active_params": null, "tokens_non_final": 3, "tokens_reasoning": 0, "tokens_response": 3, "elapsed_seconds": 35.4582040309906, "judgement": "Way off"}
{"id": "physics_estimate_000432", "topic": "physics_estimate", "subtopic": "fill_rate", "prompt": "A faucet fills 30 liters at about 6 liters per minute. About how many minutes does it take?", "exact_value": 5.0, "model": "Dream-org/Dream-v0-Instruct-7B", "provider": "transformers", "response": "Final answer: 3", "numeric_answer": 3.0, "relative_error": 0.4, "thinking_text": null, "has_tool_call": false, "tool_call": null, "usage": {"prompt_tokens": 88, "completion_tokens": 120, "total_tokens": 208, "token_count_source": "tokenizer"}, "decoding": {"temperature": 0.2, "top_p": null, "top_k": null, "max_tokens": 120, "seed": 42}, "prompt_tokens": 88, "completion_tokens": 120, "total_tokens": 208, "token_count_source": "tokenizer", "diffusion_steps": null, "flops_estimate": null, "flops_arch": null, "flops_model_params": null, "flops_active_params": null, "tokens_non_final": 3, "tokens_reasoning": 0, "tokens_response": 3, "elapsed_seconds": 35.42193007469177, "judgement": "Mildly off"}
{"id": "physics_estimate_000452", "topic": "physics_estimate", "subtopic": "fill_rate", "prompt": "A faucet fills 10 liters at about 5 liters per minute. About how many minutes does it take?", "exact_value": 2.0, "model": "Dream-org/Dream-v0-Instruct-7B", "provider": "transformers", "response": "Final answer: 3", "numeric_answer": 3.0, "relative_error": 0.5, "thinking_text": null, "has_tool_call": false, "tool_call": null, "usage": {"prompt_tokens": 88, "completion_tokens": 120, "total_tokens": 208, "token_count_source": "tokenizer"}, "decoding": {"temperature": 0.2, "top_p": null, "top_k": null, "max_tokens": 120, "seed": 42}, "prompt_tokens": 88, "completion_tokens": 120, "total_tokens": 208, "token_count_source": "tokenizer", "diffusion_steps": null, "flops_estimate": null, "flops_arch": null, "flops_model_params": null, "flops_active_params": null, "tokens_non_final": 3, "tokens_reasoning": 0, "tokens_response": 3, "elapsed_seconds": 35.42193007469177, "judgement": "Mildly off"}
{"id": "physics_estimate_000472", "topic": "physics_estimate", "subtopic": "fill_rate", "prompt": "A faucet fills 30 liters at about 6 liters per minute. About how many minutes does it take?", "exact_value": 5.0, "model": "Dream-org/Dream-v0-Instruct-7B", "provider": "transformers", "response": "Final answer: 2", "numeric_answer": 2.0, "relative_error": 0.6, "thinking_text": null, "has_tool_call": false, "tool_call": null, "usage": {"prompt_tokens": 88, "completion_tokens": 120, "total_tokens": 208, "token_count_source": "tokenizer"}, "decoding": {"temperature": 0.2, "top_p": null, "top_k": null, "max_tokens": 120, "seed": 42}, "prompt_tokens": 88, "completion_tokens": 120, "total_tokens": 208, "token_count_source": "tokenizer", "diffusion_steps": null, "flops_estimate": null, "flops_arch": null, "flops_model_params": null, "flops_active_params": null, "tokens_non_final": 3, "tokens_reasoning": 0, "tokens_response": 3, "elapsed_seconds": 35.42193007469177, "judgement": "Mildly off"}
{"id": "physics_estimate_000492", "topic": "physics_estimate", "subtopic": "fill_rate", "prompt": "A faucet fills 30 liters at about 7 liters per minute. About how many minutes does it take?", "exact_value": 4.285714285714286, "model": "Dream-org/Dream-v0-Instruct-7B", "provider": "transformers", "response": "Final answer: 1", "numeric_answer": 1.0, "relative_error": 0.7666666666666666, "thinking_text": null, "has_tool_call": false, "tool_call": null, "usage": {"prompt_tokens": 88, "completion_tokens": 120, "total_tokens": 208, "token_count_source": "tokenizer"}, "decoding": {"temperature": 0.2, "top_p": null, "top_k": null, "max_tokens": 120, "seed": 42}, "prompt_tokens": 88, "completion_tokens": 120, "total_tokens": 208, "token_count_source": "tokenizer", "diffusion_steps": null, "flops_estimate": null, "flops_arch": null, "flops_model_params": null, "flops_active_params": null, "tokens_non_final": 3, "tokens_reasoning": 0, "tokens_response": 3, "elapsed_seconds": 35.42193007469177, "judgement": "Way off"}
{"id": "physics_estimate_000512", "topic": "physics_estimate", "subtopic": "fill_rate", "prompt": "A faucet fills 20 liters at about 8 liters per minute. About how many minutes does it take?", "exact_value": 2.5, "model": "Dream-org/Dream-v0-Instruct-7B", "provider": "transformers", "response": "Final answer: 2.5", "numeric_answer": 2.5, "relative_error": 0.0, "thinking_text": null, "has_tool_call": false, "tool_call": null, "usage": {"prompt_tokens": 88, "completion_tokens": 120, "total_tokens": 208, "token_count_source": "tokenizer"}, "decoding": {"temperature": 0.2, "top_p": null, "top_k": null, "max_tokens": 120, "seed": 42}, "prompt_tokens": 88, "completion_tokens": 120, "total_tokens": 208, "token_count_source": "tokenizer", "diffusion_steps": null, "flops_estimate": null, "flops_arch": null, "flops_model_params": null, "flops_active_params": null, "tokens_non_final": 3, "tokens_reasoning": 0, "tokens_response": 3, "elapsed_seconds": 35.453859090805054, "judgement": "Exact math"}
{"id": "physics_estimate_000532", "topic": "physics_estimate", "subtopic": "fill_rate", "prompt": "A faucet fills 50 liters at about 6 liters per minute. About how many minutes does it take?", "exact_value": 8.333333333333334, "model": "Dream-org/Dream-v0-Instruct-7B", "provider": "transformers", "response": "Final answer: 50", "numeric_answer": 50.0, "relative_error": 4.999999999999999, "thinking_text": null, "has_tool_call": false, "tool_call": null, "usage": {"prompt_tokens": 88, "completion_tokens": 120, "total_tokens": 208, "token_count_source": "tokenizer"}, "decoding": {"temperature": 0.2, "top_p": null, "top_k": null, "max_tokens": 120, "seed": 42}, "prompt_tokens": 88, "completion_tokens": 120, "total_tokens": 208, "token_count_source": "tokenizer", "diffusion_steps": null, "flops_estimate": null, "flops_arch": null, "flops_model_params": null, "flops_active_params": null, "tokens_non_final": 3, "tokens_reasoning": 0, "tokens_response": 3, "elapsed_seconds": 35.453859090805054, "judgement": "Way off"}
{"id": "physics_estimate_000552", "topic": "physics_estimate", "subtopic": "fill_rate", "prompt": "A faucet fills 40 liters at about 8 liters per minute. About how many minutes does it take?", "exact_value": 5.0, "model": "Dream-org/Dream-v0-Instruct-7B", "provider": "transformers", "response": "Final answer: 5", "numeric_answer": 5.0, "relative_error": 0.0, "thinking_text": null, "has_tool_call": false, "tool_call": null, "usage": {"prompt_tokens": 88, "completion_tokens": 120, "total_tokens": 208, "token_count_source": "tokenizer"}, "decoding": {"temperature": 0.2, "top_p": null, "top_k": null, "max_tokens": 120, "seed": 42}, "prompt_tokens": 88, "completion_tokens": 120, "total_tokens": 208, "token_count_source": "tokenizer", "diffusion_steps": null, "flops_estimate": null, "flops_arch": null, "flops_model_params": null, "flops_active_params": null, "tokens_non_final": 3, "tokens_reasoning": 0, "tokens_response": 3, "elapsed_seconds": 35.453859090805054, "judgement": "Exact math"}
{"id": "physics_estimate_000572", "topic": "physics_estimate", "subtopic": "fill_rate", "prompt": "A faucet fills 30 liters at about 8 liters per minute. About how many minutes does it take?", "exact_value": 3.75, "model": "Dream-org/Dream-v0-Instruct-7B", "provider": "transformers", "response": "Final answer: three", "numeric_answer": null, "relative_error": null, "thinking_text": null, "has_tool_call": false, "tool_call": null, "usage": {"prompt_tokens": 88, "completion_tokens": 120, "total_tokens": 208, "token_count_source": "tokenizer"}, "decoding": {"temperature": 0.2, "top_p": null, "top_k": null, "max_tokens": 120, "seed": 42}, "prompt_tokens": 88, "completion_tokens": 120, "total_tokens": 208, "token_count_source": "tokenizer", "diffusion_steps": null, "flops_estimate": null, "flops_arch": null, "flops_model_params": null, "flops_active_params": null, "tokens_non_final": 3, "tokens_reasoning": 0, "tokens_response": 3, "elapsed_seconds": 35.453859090805054, "judgement": "Uncategorized"}
{"id": "physics_estimate_000592", "topic": "physics_estimate", "subtopic": "fill_rate", "prompt": "A faucet fills 30 liters at about 6 liters per minute. About how many minutes does it take?", "exact_value": 5.0, "model": "Dream-org/Dream-v0-Instruct-7B", "provider": "transformers", "response": "Final answer: 2.5", "numeric_answer": 2.5, "relative_error": 0.5, "thinking_text": null, "has_tool_call": false, "tool_call": null, "usage": {"prompt_tokens": 88, "completion_tokens": 120, "total_tokens": 208, "token_count_source": "tokenizer"}, "decoding": {"temperature": 0.2, "top_p": null, "top_k": null, "max_tokens": 120, "seed": 42}, "prompt_tokens": 88, "completion_tokens": 120, "total_tokens": 208, "token_count_source": "tokenizer", "diffusion_steps": null, "flops_estimate": null, "flops_arch": null, "flops_model_params": null, "flops_active_params": null, "tokens_non_final": 3, "tokens_reasoning": 0, "tokens_response": 3, "elapsed_seconds": 35.467000246047974, "judgement": "Mildly off"}
{"id": "physics_estimate_000612", "topic": "physics_estimate", "subtopic": "fill_rate", "prompt": "A faucet fills 20 liters at about 6 liters per minute. About how many minutes does it take?", "exact_value": 3.3333333333333335, "model": "Dream-org/Dream-v0-Instruct-7B", "provider": "transformers", "response": "Final answer: 5", "numeric_answer": 5.0, "relative_error": 0.49999999999999994, "thinking_text": null, "has_tool_call": false, "tool_call": null, "usage": {"prompt_tokens": 88, "completion_tokens": 120, "total_tokens": 208, "token_count_source": "tokenizer"}, "decoding": {"temperature": 0.2, "top_p": null, "top_k": null, "max_tokens": 120, "seed": 42}, "prompt_tokens": 88, "completion_tokens": 120, "total_tokens": 208, "token_count_source": "tokenizer", "diffusion_steps": null, "flops_estimate": null, "flops_arch": null, "flops_model_params": null, "flops_active_params": null, "tokens_non_final": 3, "tokens_reasoning": 0, "tokens_response": 3, "elapsed_seconds": 35.467000246047974, "judgement": "Mildly off"}
{"id": "physics_estimate_000632", "topic": "physics_estimate", "subtopic": "fill_rate", "prompt": "A faucet fills 10 liters at about 7 liters per minute. About how many minutes does it take?", "exact_value": 1.4285714285714286, "model": "Dream-org/Dream-v0-Instruct-7B", "provider": "transformers", "response": "Final answer: 3", "numeric_answer": 3.0, "relative_error": 1.0999999999999999, "thinking_text": null, "has_tool_call": false, "tool_call": null, "usage": {"prompt_tokens": 88, "completion_tokens": 120, "total_tokens": 208, "token_count_source": "tokenizer"}, "decoding": {"temperature": 0.2, "top_p": null, "top_k": null, "max_tokens": 120, "seed": 42}, "prompt_tokens": 88, "completion_tokens": 120, "total_tokens": 208, "token_count_source": "tokenizer", "diffusion_steps": null, "flops_estimate": null, "flops_arch": null, "flops_model_params": null, "flops_active_params": null, "tokens_non_final": 3, "tokens_reasoning": 0, "tokens_response": 3, "elapsed_seconds": 35.467000246047974, "judgement": "Way off"}
{"id": "physics_estimate_000652", "topic": "physics_estimate", "subtopic": "fill_rate", "prompt": "A faucet fills 30 liters at about 6 liters per minute. About how many minutes does it take?", "exact_value": 5.0, "model": "Dream-org/Dream-v0-Instruct-7B", "provider": "transformers", "response": "Final answer: 3", "numeric_answer": 3.0, "relative_error": 0.4, "thinking_text": null, "has_tool_call": false, "tool_call": null, "usage": {"prompt_tokens": 88, "completion_tokens": 120, "total_tokens": 208, "token_count_source": "tokenizer"}, "decoding": {"temperature": 0.2, "top_p": null, "top_k": null, "max_tokens": 120, "seed": 42}, "prompt_tokens": 88, "completion_tokens": 120, "total_tokens": 208, "token_count_source": "tokenizer", "diffusion_steps": null, "flops_estimate": null, "flops_arch": null, "flops_model_params": null, "flops_active_params": null, "tokens_non_final": 3, "tokens_reasoning": 0, "tokens_response": 3, "elapsed_seconds": 35.467000246047974, "judgement": "Mildly off"}
{"id": "physics_estimate_000672", "topic": "physics_estimate", "subtopic": "fill_rate", "prompt": "A faucet fills 10 liters at about 7 liters per minute. About how many minutes does it take?", "exact_value": 1.4285714285714286, "model": "Dream-org/Dream-v0-Instruct-7B", "provider": "transformers", "response": "Final answer: 2", "numeric_answer": 2.0, "relative_error": 0.39999999999999997, "thinking_text": null, "has_tool_call": false, "tool_call": null, "usage": {"prompt_tokens": 88, "completion_tokens": 120, "total_tokens": 208, "token_count_source": "tokenizer"}, "decoding": {"temperature": 0.2, "top_p": null, "top_k": null, "max_tokens": 120, "seed": 42}, "prompt_tokens": 88, "completion_tokens": 120, "total_tokens": 208, "token_count_source": "tokenizer", "diffusion_steps": null, "flops_estimate": null, "flops_arch": null, "flops_model_params": null, "flops_active_params": null, "tokens_non_final": 3, "tokens_reasoning": 0, "tokens_response": 3, "elapsed_seconds": 35.3745858669281, "judgement": "Mildly off"}
{"id": "physics_estimate_000692", "topic": "physics_estimate", "subtopic": "fill_rate", "prompt": "A faucet fills 50 liters at about 6 liters per minute. About how many minutes does it take?", "exact_value": 8.333333333333334, "model": "Dream-org/Dream-v0-Instruct-7B", "provider": "transformers", "response": "Final answer: 10", "numeric_answer": 10.0, "relative_error": 0.19999999999999993, "thinking_text": null, "has_tool_call": false, "tool_call": null, "usage": {"prompt_tokens": 88, "completion_tokens": 120, "total_tokens": 208, "token_count_source": "tokenizer"}, "decoding": {"temperature": 0.2, "top_p": null, "top_k": null, "max_tokens": 120, "seed": 42}, "prompt_tokens": 88, "completion_tokens": 120, "total_tokens": 208, "token_count_source": "tokenizer", "diffusion_steps": null, "flops_estimate": null, "flops_arch": null, "flops_model_params": null, "flops_active_params": null, "tokens_non_final": 3, "tokens_reasoning": 0, "tokens_response": 3, "elapsed_seconds": 35.3745858669281, "judgement": "Good approximation"}
{"id": "physics_estimate_000712", "topic": "physics_estimate", "subtopic": "fill_rate", "prompt": "A faucet fills 15 liters at about 7 liters per minute. About how many minutes does it take?", "exact_value": 2.142857142857143, "model": "Dream-org/Dream-v0-Instruct-7B", "provider": "transformers", "response": "Final answer: 2.5", "numeric_answer": 2.5, "relative_error": 0.1666666666666667, "thinking_text": null, "has_tool_call": false, "tool_call": null, "usage": {"prompt_tokens": 88, "completion_tokens": 120, "total_tokens": 208, "token_count_source": "tokenizer"}, "decoding": {"temperature": 0.2, "top_p": null, "top_k": null, "max_tokens": 120, "seed": 42}, "prompt_tokens": 88, "completion_tokens": 120, "total_tokens": 208, "token_count_source": "tokenizer", "diffusion_steps": null, "flops_estimate": null, "flops_arch": null, "flops_model_params": null, "flops_active_params": null, "tokens_non_final": 3, "tokens_reasoning": 0, "tokens_response": 3, "elapsed_seconds": 35.3745858669281, "judgement": "Good approximation"}
{"id": "physics_estimate_000732", "topic": "physics_estimate", "subtopic": "fill_rate", "prompt": "A faucet fills 30 liters at about 7 liters per minute. About how many minutes does it take?", "exact_value": 4.285714285714286, "model": "Dream-org/Dream-v0-Instruct-7B", "provider": "transformers", "response": "Final answer: 5", "numeric_answer": 5.0, "relative_error": 0.1666666666666667, "thinking_text": null, "has_tool_call": false, "tool_call": null, "usage": {"prompt_tokens": 88, "completion_tokens": 120, "total_tokens": 208, "token_count_source": "tokenizer"}, "decoding": {"temperature": 0.2, "top_p": null, "top_k": null, "max_tokens": 120, "seed": 42}, "prompt_tokens": 88, "completion_tokens": 120, "total_tokens": 208, "token_count_source": "tokenizer", "diffusion_steps": null, "flops_estimate": null, "flops_arch": null, "flops_model_params": null, "flops_active_params": null, "tokens_non_final": 3, "tokens_reasoning": 0, "tokens_response": 3, "elapsed_seconds": 35.3745858669281, "judgement": "Good approximation"}
{"id": "physics_estimate_000752", "topic": "physics_estimate", "subtopic": "fill_rate", "prompt": "A faucet fills 15 liters at about 7 liters per minute. About how many minutes does it take?", "exact_value": 2.142857142857143, "model": "Dream-org/Dream-v0-Instruct-7B", "provider": "transformers", "response": "Final answer: 3", "numeric_answer": 3.0, "relative_error": 0.4, "thinking_text": null, "has_tool_call": false, "tool_call": null, "usage": {"prompt_tokens": 88, "completion_tokens": 120, "total_tokens": 208, "token_count_source": "tokenizer"}, "decoding": {"temperature": 0.2, "top_p": null, "top_k": null, "max_tokens": 120, "seed": 42}, "prompt_tokens": 88, "completion_tokens": 120, "total_tokens": 208, "token_count_source": "tokenizer", "diffusion_steps": null, "flops_estimate": null, "flops_arch": null, "flops_model_params": null, "flops_active_params": null, "tokens_non_final": 3, "tokens_reasoning": 0, "tokens_response": 3, "elapsed_seconds": 35.39284563064575, "judgement": "Mildly off"}
{"id": "physics_estimate_000772", "topic": "physics_estimate", "subtopic": "fill_rate", "prompt": "A faucet fills 20 liters at about 6 liters per minute. About how many minutes does it take?", "exact_value": 3.3333333333333335, "model": "Dream-org/Dream-v0-Instruct-7B", "provider": "transformers", "response": "Final answer: 10", "numeric_answer": 10.0, "relative_error": 1.9999999999999998, "thinking_text": null, "has_tool_call": false, "tool_call": null, "usage": {"prompt_tokens": 88, "completion_tokens": 120, "total_tokens": 208, "token_count_source": "tokenizer"}, "decoding": {"temperature": 0.2, "top_p": null, "top_k": null, "max_tokens": 120, "seed": 42}, "prompt_tokens": 88, "completion_tokens": 120, "total_tokens": 208, "token_count_source": "tokenizer", "diffusion_steps": null, "flops_estimate": null, "flops_arch": null, "flops_model_params": null, "flops_active_params": null, "tokens_non_final": 3, "tokens_reasoning": 0, "tokens_response": 3, "elapsed_seconds": 35.39284563064575, "judgement": "Way off"}
{"id": "physics_estimate_000792", "topic": "physics_estimate", "subtopic": "fill_rate", "prompt": "A faucet fills 15 liters at about 5 liters per minute. About how many minutes does it take?", "exact_value": 3.0, "model": "Dream-org/Dream-v0-Instruct-7B", "provider": "transformers", "response": "Final answer: 2", "numeric_answer": 2.0, "relative_error": 0.3333333333333333, "thinking_text": null, "has_tool_call": false, "tool_call": null, "usage": {"prompt_tokens": 88, "completion_tokens": 120, "total_tokens": 208, "token_count_source": "tokenizer"}, "decoding": {"temperature": 0.2, "top_p": null, "top_k": null, "max_tokens": 120, "seed": 42}, "prompt_tokens": 88, "completion_tokens": 120, "total_tokens": 208, "token_count_source": "tokenizer", "diffusion_steps": null, "flops_estimate": null, "flops_arch": null, "flops_model_params": null, "flops_active_params": null, "tokens_non_final": 3, "tokens_reasoning": 0, "tokens_response": 3, "elapsed_seconds": 35.39284563064575, "judgement": "Mildly off"}
{"id": "physics_estimate_000812", "topic": "physics_estimate", "subtopic": "fill_rate", "prompt": "A faucet fills 40 liters at about 7 liters per minute. About how many minutes does it take?", "exact_value": 5.714285714285714, "model": "Dream-org/Dream-v0-Instruct-7B", "provider": "transformers", "response": "Final answer: 7", "numeric_answer": 7.0, "relative_error": 0.22499999999999998, "thinking_text": null, "has_tool_call": false, "tool_call": null, "usage": {"prompt_tokens": 88, "completion_tokens": 120, "total_tokens": 208, "token_count_source": "tokenizer"}, "decoding": {"temperature": 0.2, "top_p": null, "top_k": null, "max_tokens": 120, "seed": 42}, "prompt_tokens": 88, "completion_tokens": 120, "total_tokens": 208, "token_count_source": "tokenizer", "diffusion_steps": null, "flops_estimate": null, "flops_arch": null, "flops_model_params": null, "flops_active_params": null, "tokens_non_final": 3, "tokens_reasoning": 0, "tokens_response": 3, "elapsed_seconds": 35.39284563064575, "judgement": "Mildly off"}
{"id": "physics_estimate_000832", "topic": "physics_estimate", "subtopic": "fill_rate", "prompt": "A faucet fills 15 liters at about 4 liters per minute. About how many minutes does it take?", "exact_value": 3.75, "model": "Dream-org/Dream-v0-Instruct-7B", "provider": "transformers", "response": "Final answer: 3", "numeric_answer": 3.0, "relative_error": 0.2, "thinking_text": null, "has_tool_call": false, "tool_call": null, "usage": {"prompt_tokens": 88, "completion_tokens": 120, "total_tokens": 208, "token_count_source": "tokenizer"}, "decoding": {"temperature": 0.2, "top_p": null, "top_k": null, "max_tokens": 120, "seed": 42}, "prompt_tokens": 88, "completion_tokens": 120, "total_tokens": 208, "token_count_source": "tokenizer", "diffusion_steps": null, "flops_estimate": null, "flops_arch": null, "flops_model_params": null, "flops_active_params": null, "tokens_non_final": 3, "tokens_reasoning": 0, "tokens_response": 3, "elapsed_seconds": 35.33366918563843, "judgement": "Good approximation"}
{"id": "physics_estimate_000852", "topic": "physics_estimate", "subtopic": "fill_rate", "prompt": "A faucet fills 10 liters at about 6 liters per minute. About how many minutes does it take?", "exact_value": 1.6666666666666667, "model": "Dream-org/Dream-v0-Instruct-7B", "provider": "transformers", "response": "Final answer: 2", "numeric_answer": 2.0, "relative_error": 0.19999999999999996, "thinking_text": null, "has_tool_call": false, "tool_call": null, "usage": {"prompt_tokens": 88, "completion_tokens": 120, "total_tokens": 208, "token_count_source": "tokenizer"}, "decoding": {"temperature": 0.2, "top_p": null, "top_k": null, "max_tokens": 120, "seed": 42}, "prompt_tokens": 88, "completion_tokens": 120, "total_tokens": 208, "token_count_source": "tokenizer", "diffusion_steps": null, "flops_estimate": null, "flops_arch": null, "flops_model_params": null, "flops_active_params": null, "tokens_non_final": 3, "tokens_reasoning": 0, "tokens_response": 3, "elapsed_seconds": 35.33366918563843, "judgement": "Good approximation"}
{"id": "physics_estimate_000872", "topic": "physics_estimate", "subtopic": "fill_rate", "prompt": "A faucet fills 30 liters at about 7 liters per minute. About how many minutes does it take?", "exact_value": 4.285714285714286, "model": "Dream-org/Dream-v0-Instruct-7B", "provider": "transformers", "response": "Final answer: 4", "numeric_answer": 4.0, "relative_error": 0.06666666666666664, "thinking_text": null, "has_tool_call": false, "tool_call": null, "usage": {"prompt_tokens": 88, "completion_tokens": 120, "total_tokens": 208, "token_count_source": "tokenizer"}, "decoding": {"temperature": 0.2, "top_p": null, "top_k": null, "max_tokens": 120, "seed": 42}, "prompt_tokens": 88, "completion_tokens": 120, "total_tokens": 208, "token_count_source": "tokenizer", "diffusion_steps": null, "flops_estimate": null, "flops_arch": null, "flops_model_params": null, "flops_active_params": null, "tokens_non_final": 3, "tokens_reasoning": 0, "tokens_response": 3, "elapsed_seconds": 35.33366918563843, "judgement": "Good approximation"}
{"id": "physics_estimate_000892", "topic": "physics_estimate", "subtopic": "fill_rate", "prompt": "A faucet fills 15 liters at about 4 liters per minute. About how many minutes does it take?", "exact_value": 3.75, "model": "Dream-org/Dream-v0-Instruct-7B", "provider": "transformers", "response": "Final answer: 4", "numeric_answer": 4.0, "relative_error": 0.06666666666666667, "thinking_text": null, "has_tool_call": false, "tool_call": null, "usage": {"prompt_tokens": 88, "completion_tokens": 120, "total_tokens": 208, "token_count_source": "tokenizer"}, "decoding": {"temperature": 0.2, "top_p": null, "top_k": null, "max_tokens": 120, "seed": 42}, "prompt_tokens": 88, "completion_tokens": 120, "total_tokens": 208, "token_count_source": "tokenizer", "diffusion_steps": null, "flops_estimate": null, "flops_arch": null, "flops_model_params": null, "flops_active_params": null, "tokens_non_final": 3, "tokens_reasoning": 0, "tokens_response": 3, "elapsed_seconds": 35.33366918563843, "judgement": "Good approximation"}
{"id": "physics_estimate_000912", "topic": "physics_estimate", "subtopic": "fill_rate", "prompt": "A faucet fills 30 liters at about 8 liters per minute. About how many minutes does it take?", "exact_value": 3.75, "model": "Dream-org/Dream-v0-Instruct-7B", "provider": "transformers", "response": "Final answer: 5", "numeric_answer": 5.0, "relative_error": 0.3333333333333333, "thinking_text": null, "has_tool_call": false, "tool_call": null, "usage": {"prompt_tokens": 88, "completion_tokens": 120, "total_tokens": 208, "token_count_source": "tokenizer"}, "decoding": {"temperature": 0.2, "top_p": null, "top_k": null, "max_tokens": 120, "seed": 42}, "prompt_tokens": 88, "completion_tokens": 120, "total_tokens": 208, "token_count_source": "tokenizer", "diffusion_steps": null, "flops_estimate": null, "flops_arch": null, "flops_model_params": null, "flops_active_params": null, "tokens_non_final": 3, "tokens_reasoning": 0, "tokens_response": 3, "elapsed_seconds": 35.28646993637085, "judgement": "Mildly off"}
{"id": "physics_estimate_000932", "topic": "physics_estimate", "subtopic": "fill_rate", "prompt": "A faucet fills 30 liters at about 6 liters per minute. About how many minutes does it take?", "exact_value": 5.0, "model": "Dream-org/Dream-v0-Instruct-7B", "provider": "transformers", "response": "Final answer: 3", "numeric_answer": 3.0, "relative_error": 0.4, "thinking_text": null, "has_tool_call": false, "tool_call": null, "usage": {"prompt_tokens": 88, "completion_tokens": 120, "total_tokens": 208, "token_count_source": "tokenizer"}, "decoding": {"temperature": 0.2, "top_p": null, "top_k": null, "max_tokens": 120, "seed": 42}, "prompt_tokens": 88, "completion_tokens": 120, "total_tokens": 208, "token_count_source": "tokenizer", "diffusion_steps": null, "flops_estimate": null, "flops_arch": null, "flops_model_params": null, "flops_active_params": null, "tokens_non_final": 3, "tokens_reasoning": 0, "tokens_response": 3, "elapsed_seconds": 35.28646993637085, "judgement": "Mildly off"}
{"id": "physics_estimate_000952", "topic": "physics_estimate", "subtopic": "fill_rate", "prompt": "A faucet fills 40 liters at about 6 liters per minute. About how many minutes does it take?", "exact_value": 6.666666666666667, "model": "Dream-org/Dream-v0-Instruct-7B", "provider": "transformers", "response": "Final answer: 7", "numeric_answer": 7.0, "relative_error": 0.049999999999999954, "thinking_text": null, "has_tool_call": false, "tool_call": null, "usage": {"prompt_tokens": 88, "completion_tokens": 120, "total_tokens": 208, "token_count_source": "tokenizer"}, "decoding": {"temperature": 0.2, "top_p": null, "top_k": null, "max_tokens": 120, "seed": 42}, "prompt_tokens": 88, "completion_tokens": 120, "total_tokens": 208, "token_count_source": "tokenizer", "diffusion_steps": null, "flops_estimate": null, "flops_arch": null, "flops_model_params": null, "flops_active_params": null, "tokens_non_final": 3, "tokens_reasoning": 0, "tokens_response": 3, "elapsed_seconds": 35.28646993637085, "judgement": "Good approximation"}
{"id": "physics_estimate_000972", "topic": "physics_estimate", "subtopic": "fill_rate", "prompt": "A faucet fills 10 liters at about 8 liters per minute. About how many minutes does it take?", "exact_value": 1.25, "model": "Dream-org/Dream-v0-Instruct-7B", "provider": "transformers", "response": "Final answer: 2", "numeric_answer": 2.0, "relative_error": 0.6, "thinking_text": null, "has_tool_call": false, "tool_call": null, "usage": {"prompt_tokens": 88, "completion_tokens": 120, "total_tokens": 208, "token_count_source": "tokenizer"}, "decoding": {"temperature": 0.2, "top_p": null, "top_k": null, "max_tokens": 120, "seed": 42}, "prompt_tokens": 88, "completion_tokens": 120, "total_tokens": 208, "token_count_source": "tokenizer", "diffusion_steps": null, "flops_estimate": null, "flops_arch": null, "flops_model_params": null, "flops_active_params": null, "tokens_non_final": 3, "tokens_reasoning": 0, "tokens_response": 3, "elapsed_seconds": 35.28646993637085, "judgement": "Mildly off"}
{"id": "physics_estimate_000992", "topic": "physics_estimate", "subtopic": "fill_rate", "prompt": "A faucet fills 20 liters at about 4 liters per minute. About how many minutes does it take?", "exact_value": 5.0, "model": "Dream-org/Dream-v0-Instruct-7B", "provider": "transformers", "response": "Final answer: 5", "numeric_answer": 5.0, "relative_error": 0.0, "thinking_text": null, "has_tool_call": false, "tool_call": null, "usage": {"prompt_tokens": 88, "completion_tokens": 120, "total_tokens": 208, "token_count_source": "tokenizer"}, "decoding": {"temperature": 0.2, "top_p": null, "top_k": null, "max_tokens": 120, "seed": 42}, "prompt_tokens": 88, "completion_tokens": 120, "total_tokens": 208, "token_count_source": "tokenizer", "diffusion_steps": null, "flops_estimate": null, "flops_arch": null, "flops_model_params": null, "flops_active_params": null, "tokens_non_final": 3, "tokens_reasoning": 0, "tokens_response": 3, "elapsed_seconds": 35.28966403007507, "judgement": "Exact math"}
{"id": "physics_estimate_001012", "topic": "physics_estimate", "subtopic": "fill_rate", "prompt": "A faucet fills 10 liters at about 6 liters per minute. About how many minutes does it take?", "exact_value": 1.6666666666666667, "model": "Dream-org/Dream-v0-Instruct-7B", "provider": "transformers", "response": "Final answer: 2", "numeric_answer": 2.0, "relative_error": 0.19999999999999996, "thinking_text": null, "has_tool_call": false, "tool_call": null, "usage": {"prompt_tokens": 88, "completion_tokens": 120, "total_tokens": 208, "token_count_source": "tokenizer"}, "decoding": {"temperature": 0.2, "top_p": null, "top_k": null, "max_tokens": 120, "seed": 42}, "prompt_tokens": 88, "completion_tokens": 120, "total_tokens": 208, "token_count_source": "tokenizer", "diffusion_steps": null, "flops_estimate": null, "flops_arch": null, "flops_model_params": null, "flops_active_params": null, "tokens_non_final": 3, "tokens_reasoning": 0, "tokens_response": 3, "elapsed_seconds": 35.28966403007507, "judgement": "Good approximation"}
{"id": "physics_estimate_001032", "topic": "physics_estimate", "subtopic": "fill_rate", "prompt": "A faucet fills 30 liters at about 6 liters per minute. About how many minutes does it take?", "exact_value": 5.0, "model": "Dream-org/Dream-v0-Instruct-7B", "provider": "transformers", "response": "Final answer: 3", "numeric_answer": 3.0, "relative_error": 0.4, "thinking_text": null, "has_tool_call": false, "tool_call": null, "usage": {"prompt_tokens": 88, "completion_tokens": 120, "total_tokens": 208, "token_count_source": "tokenizer"}, "decoding": {"temperature": 0.2, "top_p": null, "top_k": null, "max_tokens": 120, "seed": 42}, "prompt_tokens": 88, "completion_tokens": 120, "total_tokens": 208, "token_count_source": "tokenizer", "diffusion_steps": null, "flops_estimate": null, "flops_arch": null, "flops_model_params": null, "flops_active_params": null, "tokens_non_final": 3, "tokens_reasoning": 0, "tokens_response": 3, "elapsed_seconds": 35.28966403007507, "judgement": "Mildly off"}
{"id": "physics_estimate_001052", "topic": "physics_estimate", "subtopic": "fill_rate", "prompt": "A faucet fills 10 liters at about 5 liters per minute. About how many minutes does it take?", "exact_value": 2.0, "model": "Dream-org/Dream-v0-Instruct-7B", "provider": "transformers", "response": "Final answer: 2", "numeric_answer": 2.0, "relative_error": 0.0, "thinking_text": null, "has_tool_call": false, "tool_call": null, "usage": {"prompt_tokens": 88, "completion_tokens": 120, "total_tokens": 208, "token_count_source": "tokenizer"}, "decoding": {"temperature": 0.2, "top_p": null, "top_k": null, "max_tokens": 120, "seed": 42}, "prompt_tokens": 88, "completion_tokens": 120, "total_tokens": 208, "token_count_source": "tokenizer", "diffusion_steps": null, "flops_estimate": null, "flops_arch": null, "flops_model_params": null, "flops_active_params": null, "tokens_non_final": 3, "tokens_reasoning": 0, "tokens_response": 3, "elapsed_seconds": 35.28966403007507, "judgement": "Exact math"}
{"summary": {"samples": 500, "judgement_counts": {"Uncategorized": 263, "Mildly off": 63, "Way off": 129, "Good approximation": 40, "Exact math": 5}, "count_good_approximation": 40, "count_exact_math": 5, "count_mildly_off": 63, "count_way_off": 129, "good_approximation_rate": 0.08, "exact_math_rate": 0.01, "good_approximation_rate_ci_95": [0.05929780247392154, 0.1071068770920373], "exact_math_rate_ci_95": [0.004278690781520357, 0.023193435378764938], "counts_by_topic": {"basket_sum": {"n": 86, "count_good_approximation": 0, "count_exact_math": 0, "count_mildly_off": 4, "count_way_off": 19}, "discounts": {"n": 85, "count_good_approximation": 1, "count_exact_math": 0, "count_mildly_off": 3, "count_way_off": 18}, "taxes": {"n": 61, "count_good_approximation": 1, "count_exact_math": 0, "count_mildly_off": 0, "count_way_off": 13}, "units": {"n": 61, "count_good_approximation": 0, "count_exact_math": 0, "count_mildly_off": 2, "count_way_off": 22}, "tips": {"n": 61, "count_good_approximation": 19, "count_exact_math": 0, "count_mildly_off": 3, "count_way_off": 9}, "fermi": {"n": 49, "count_good_approximation": 0, "count_exact_math": 0, "count_mildly_off": 10, "count_way_off": 35}, "travel_time": {"n": 49, "count_good_approximation": 5, "count_exact_math": 0, "count_mildly_off": 21, "count_way_off": 5}, "physics_estimate": {"n": 48, "count_good_approximation": 14, "count_exact_math": 5, "count_mildly_off": 20, "count_way_off": 8}}, "counts_by_subtopic": {"decimal_prices": {"n": 86, "count_good_approximation": 0, "count_exact_math": 0, "count_mildly_off": 4, "count_way_off": 19}, "buy_n_get_m": {"n": 14, "count_good_approximation": 0, "count_exact_math": 0, "count_mildly_off": 0, "count_way_off": 0}, "threshold": {"n": 22, "count_good_approximation": 0, "count_exact_math": 0, "count_mildly_off": 1, "count_way_off": 5}, "percent": {"n": 16, "count_good_approximation": 0, "count_exact_math": 0, "count_mildly_off": 0, "count_way_off": 3}, "stacked": {"n": 18, "count_good_approximation": 1, "count_exact_math": 0, "count_mildly_off": 0, "count_way_off": 6}, "bogo": {"n": 15, "count_good_approximation": 0, "count_exact_math": 0, "count_mildly_off": 2, "count_way_off": 4}, "pre_discount_tax": {"n": 25, "count_good_approximation": 1, "count_exact_math": 0, "count_mildly_off": 0, "count_way_off": 7}, "post_discount_tax": {"n": 36, "count_good_approximation": 0, "count_exact_math": 0, "count_mildly_off": 0, "count_way_off": 6}, "kg_g": {"n": 31, "count_good_approximation": 0, "count_exact_math": 0, "count_mildly_off": 1, "count_way_off": 19}, "lb_oz": {"n": 30, "count_good_approximation": 0, "count_exact_math": 0, "count_mildly_off": 1, "count_way_off": 3}, "tips_service": {"n": 61, "count_good_approximation": 19, "count_exact_math": 0, "count_mildly_off": 3, "count_way_off": 9}, "crowd_density": {"n": 49, "count_good_approximation": 0, "count_exact_math": 0, "count_mildly_off": 10, "count_way_off": 35}, "drive_time": {"n": 49, "count_good_approximation": 5, "count_exact_math": 0, "count_mildly_off": 21, "count_way_off": 5}, "fill_rate": {"n": 48, "count_good_approximation": 14, "count_exact_math": 5, "count_mildly_off": 20, "count_way_off": 8}}, "tool_call_count": 0, "avg_elapsed_seconds": 38.3179803981781, "avg_tokens_non_final": 4.22, "avg_tokens_reasoning": 0.0, "avg_tokens": 4.22, "avg_completion_tokens": 124.71, "avg_prompt_tokens": 102.05, "avg_total_tokens": 226.76, "avg_flops_estimate": null, "token_counts_include_prompt": true, "token_count_sources": {"tokenizer": 500}, "avg_relative_error": 0.7558736249338651, "median_relative_error": 0.6509790450017177}}
