{"id": "basket_sum_000171", "topic": "basket_sum", "subtopic": "decimal_prices", "prompt": "You’re buying 3 items: $7.04, $12.56, $5.78. About how much will you pay (before tax)?", "exact_value": 25.38, "model": "Dream-org/Dream-v0-Instruct-7B", "provider": "transformers", "response": "an integer, round to nearly 5 or 10's multiple.<|im_end|>\n<|im_start|>assistant\nFinal answer: 25", "numeric_answer": 25.0, "relative_error": 0.014972419227738338, "thinking_text": null, "has_tool_call": false, "tool_call": null, "usage": {"prompt_tokens": 178, "completion_tokens": 140, "total_tokens": 318, "token_count_source": "tokenizer"}, "decoding": {"temperature": 0.2, "top_p": null, "top_k": null, "max_tokens": 120, "seed": 42}, "prompt_tokens": 178, "completion_tokens": 140, "total_tokens": 318, "token_count_source": "tokenizer", "diffusion_steps": null, "flops_estimate": null, "flops_arch": null, "flops_model_params": null, "flops_active_params": null, "tokens_non_final": 13, "tokens_reasoning": 0, "tokens_response": 13, "elapsed_seconds": 52.3372802734375, "judgement": "Good approximation"}
{"id": "basket_sum_000191", "topic": "basket_sum", "subtopic": "decimal_prices", "prompt": "You’re buying 5 items: $17.31, $7.03, $9.93, $19.51, $11.17. About how much will you pay (before tax)?", "exact_value": 64.95, "model": "Dream-org/Dream-v0-Instruct-7B", "provider": "transformers", "response": ".<|im_end|>\n<|im_start|>assistant\nFinal answer: 56", "numeric_answer": 56.0, "relative_error": 0.13779830638953044, "thinking_text": null, "has_tool_call": false, "tool_call": null, "usage": {"prompt_tokens": 192, "completion_tokens": 126, "total_tokens": 318, "token_count_source": "tokenizer"}, "decoding": {"temperature": 0.2, "top_p": null, "top_k": null, "max_tokens": 120, "seed": 42}, "prompt_tokens": 192, "completion_tokens": 126, "total_tokens": 318, "token_count_source": "tokenizer", "diffusion_steps": null, "flops_estimate": null, "flops_arch": null, "flops_model_params": null, "flops_active_params": null, "tokens_non_final": 5, "tokens_reasoning": 0, "tokens_response": 5, "elapsed_seconds": 52.3372802734375, "judgement": "Good approximation"}
{"id": "basket_sum_000211", "topic": "basket_sum", "subtopic": "decimal_prices", "prompt": "You’re buying 6 items: $13.05, $4.61, $17.83, $17.37, $4.97, $2.96. About how much will you pay (before tax)?", "exact_value": 60.79, "model": "Dream-org/Dream-v0-Instruct-7B", "provider": "transformers", "response": "Final answer:", "numeric_answer": null, "relative_error": null, "thinking_text": null, "has_tool_call": false, "tool_call": null, "usage": {"prompt_tokens": 198, "completion_tokens": 120, "total_tokens": 318, "token_count_source": "tokenizer"}, "decoding": {"temperature": 0.2, "top_p": null, "top_k": null, "max_tokens": 120, "seed": 42}, "prompt_tokens": 198, "completion_tokens": 120, "total_tokens": 318, "token_count_source": "tokenizer", "diffusion_steps": null, "flops_estimate": null, "flops_arch": null, "flops_model_params": null, "flops_active_params": null, "tokens_non_final": 2, "tokens_reasoning": 0, "tokens_response": 2, "elapsed_seconds": 52.3372802734375, "judgement": "Uncategorized"}
{"id": "basket_sum_000231", "topic": "basket_sum", "subtopic": "decimal_prices", "prompt": "You’re buying 6 items: $4.43, $10.89, $5.57, $12.80, $4.22, $15.17. About how much will you pay (before tax)?", "exact_value": 53.08, "model": "Dream-org/Dream-v0-Instruct-7B", "provider": "transformers", "response": "Final answer: $40", "numeric_answer": 40.0, "relative_error": 0.2464204973624717, "thinking_text": null, "has_tool_call": false, "tool_call": null, "usage": {"prompt_tokens": 198, "completion_tokens": 120, "total_tokens": 318, "token_count_source": "tokenizer"}, "decoding": {"temperature": 0.2, "top_p": null, "top_k": null, "max_tokens": 120, "seed": 42}, "prompt_tokens": 198, "completion_tokens": 120, "total_tokens": 318, "token_count_source": "tokenizer", "diffusion_steps": null, "flops_estimate": null, "flops_arch": null, "flops_model_params": null, "flops_active_params": null, "tokens_non_final": 3, "tokens_reasoning": 0, "tokens_response": 3, "elapsed_seconds": 52.3372802734375, "judgement": "Mildly off"}
{"id": "basket_sum_000251", "topic": "basket_sum", "subtopic": "decimal_prices", "prompt": "You’re buying 4 items: $7.24, $9.93, $15.10, $11.31. About how much will you pay (before tax)?", "exact_value": 43.58, "model": "Dream-org/Dream-v0-Instruct-7B", "provider": "transformers", "response": "Final answer: 40", "numeric_answer": 40.0, "relative_error": 0.08214777420835243, "thinking_text": null, "has_tool_call": false, "tool_call": null, "usage": {"prompt_tokens": 185, "completion_tokens": 121, "total_tokens": 306, "token_count_source": "tokenizer"}, "decoding": {"temperature": 0.2, "top_p": null, "top_k": null, "max_tokens": 120, "seed": 42}, "prompt_tokens": 185, "completion_tokens": 121, "total_tokens": 306, "token_count_source": "tokenizer", "diffusion_steps": null, "flops_estimate": null, "flops_arch": null, "flops_model_params": null, "flops_active_params": null, "tokens_non_final": 3, "tokens_reasoning": 0, "tokens_response": 3, "elapsed_seconds": 51.44676613807678, "judgement": "Good approximation"}
{"id": "basket_sum_000271", "topic": "basket_sum", "subtopic": "decimal_prices", "prompt": "You’re buying 4 items: $19.91, $19.58, $6.09, $1.98. About how much will you pay (before tax)?", "exact_value": 47.56, "model": "Dream-org/Dream-v0-Instruct-7B", "provider": "transformers", "response": "Final answer: 50", "numeric_answer": 50.0, "relative_error": 0.05130361648444066, "thinking_text": null, "has_tool_call": false, "tool_call": null, "usage": {"prompt_tokens": 185, "completion_tokens": 121, "total_tokens": 306, "token_count_source": "tokenizer"}, "decoding": {"temperature": 0.2, "top_p": null, "top_k": null, "max_tokens": 120, "seed": 42}, "prompt_tokens": 185, "completion_tokens": 121, "total_tokens": 306, "token_count_source": "tokenizer", "diffusion_steps": null, "flops_estimate": null, "flops_arch": null, "flops_model_params": null, "flops_active_params": null, "tokens_non_final": 3, "tokens_reasoning": 0, "tokens_response": 3, "elapsed_seconds": 51.44676613807678, "judgement": "Good approximation"}
{"id": "basket_sum_000291", "topic": "basket_sum", "subtopic": "decimal_prices", "prompt": "You’re buying 4 items: $10.75, $8.39, $14.91, $11.50. About how much will you pay (before tax)?", "exact_value": 45.55, "model": "Dream-org/Dream-v0-Instruct-7B", "provider": "transformers", "response": "Final answer:", "numeric_answer": null, "relative_error": null, "thinking_text": null, "has_tool_call": false, "tool_call": null, "usage": {"prompt_tokens": 186, "completion_tokens": 120, "total_tokens": 306, "token_count_source": "tokenizer"}, "decoding": {"temperature": 0.2, "top_p": null, "top_k": null, "max_tokens": 120, "seed": 42}, "prompt_tokens": 186, "completion_tokens": 120, "total_tokens": 306, "token_count_source": "tokenizer", "diffusion_steps": null, "flops_estimate": null, "flops_arch": null, "flops_model_params": null, "flops_active_params": null, "tokens_non_final": 2, "tokens_reasoning": 0, "tokens_response": 2, "elapsed_seconds": 51.44676613807678, "judgement": "Uncategorized"}
{"id": "basket_sum_000311", "topic": "basket_sum", "subtopic": "decimal_prices", "prompt": "You’re buying 3 items: $15.35, $16.98, $2.04. About how much will you pay (before tax)?", "exact_value": 34.37, "model": "Dream-org/Dream-v0-Instruct-7B", "provider": "transformers", "response": "multiple.<|im_end|>\n<|im_start|>assistant\nFinal answer: 34", "numeric_answer": 34.0, "relative_error": 0.01076520221123065, "thinking_text": null, "has_tool_call": false, "tool_call": null, "usage": {"prompt_tokens": 179, "completion_tokens": 127, "total_tokens": 306, "token_count_source": "tokenizer"}, "decoding": {"temperature": 0.2, "top_p": null, "top_k": null, "max_tokens": 120, "seed": 42}, "prompt_tokens": 179, "completion_tokens": 127, "total_tokens": 306, "token_count_source": "tokenizer", "diffusion_steps": null, "flops_estimate": null, "flops_arch": null, "flops_model_params": null, "flops_active_params": null, "tokens_non_final": 5, "tokens_reasoning": 0, "tokens_response": 5, "elapsed_seconds": 51.44676613807678, "judgement": "Good approximation"}
{"id": "basket_sum_000331", "topic": "basket_sum", "subtopic": "decimal_prices", "prompt": "You’re buying 6 items: $10.51, $16.13, $18.17, $3.75, $7.32, $10.07. About how much will you pay (before tax)?", "exact_value": 65.95, "model": "Dream-org/Dream-v0-Instruct-7B", "provider": "transformers", "response": "Final answer: 65", "numeric_answer": 65.0, "relative_error": 0.014404852160727866, "thinking_text": null, "has_tool_call": false, "tool_call": null, "usage": {"prompt_tokens": 199, "completion_tokens": 120, "total_tokens": 319, "token_count_source": "tokenizer"}, "decoding": {"temperature": 0.2, "top_p": null, "top_k": null, "max_tokens": 120, "seed": 42}, "prompt_tokens": 199, "completion_tokens": 120, "total_tokens": 319, "token_count_source": "tokenizer", "diffusion_steps": null, "flops_estimate": null, "flops_arch": null, "flops_model_params": null, "flops_active_params": null, "tokens_non_final": 3, "tokens_reasoning": 0, "tokens_response": 3, "elapsed_seconds": 51.95139670372009, "judgement": "Good approximation"}
{"id": "basket_sum_000351", "topic": "basket_sum", "subtopic": "decimal_prices", "prompt": "You’re buying 5 items: $4.79, $14.12, $9.07, $19.61, $11.68. About how much will you pay (before tax)?", "exact_value": 59.27, "model": "Dream-org/Dream-v0-Instruct-7B", "provider": "transformers", "response": "multiple.<|im_end|>\n<|im_start|>assistant\nFinal answer: 50", "numeric_answer": 50.0, "relative_error": 0.15640290197401727, "thinking_text": null, "has_tool_call": false, "tool_call": null, "usage": {"prompt_tokens": 192, "completion_tokens": 127, "total_tokens": 319, "token_count_source": "tokenizer"}, "decoding": {"temperature": 0.2, "top_p": null, "top_k": null, "max_tokens": 120, "seed": 42}, "prompt_tokens": 192, "completion_tokens": 127, "total_tokens": 319, "token_count_source": "tokenizer", "diffusion_steps": null, "flops_estimate": null, "flops_arch": null, "flops_model_params": null, "flops_active_params": null, "tokens_non_final": 5, "tokens_reasoning": 0, "tokens_response": 5, "elapsed_seconds": 51.95139670372009, "judgement": "Good approximation"}
{"id": "basket_sum_000371", "topic": "basket_sum", "subtopic": "decimal_prices", "prompt": "You’re buying 5 items: $9.72, $2.29, $17.88, $2.49, $9.86. About how much will you pay (before tax)?", "exact_value": 42.24, "model": "Dream-org/Dream-v0-Instruct-7B", "provider": "transformers", "response": "0's multiple.<|im_end|>\n<|im_start|>assistant\nFinal answer: 40", "numeric_answer": 40.0, "relative_error": 0.05303030303030307, "thinking_text": null, "has_tool_call": false, "tool_call": null, "usage": {"prompt_tokens": 190, "completion_tokens": 129, "total_tokens": 319, "token_count_source": "tokenizer"}, "decoding": {"temperature": 0.2, "top_p": null, "top_k": null, "max_tokens": 120, "seed": 42}, "prompt_tokens": 190, "completion_tokens": 129, "total_tokens": 319, "token_count_source": "tokenizer", "diffusion_steps": null, "flops_estimate": null, "flops_arch": null, "flops_model_params": null, "flops_active_params": null, "tokens_non_final": 6, "tokens_reasoning": 0, "tokens_response": 6, "elapsed_seconds": 51.95139670372009, "judgement": "Good approximation"}
{"id": "basket_sum_000391", "topic": "basket_sum", "subtopic": "decimal_prices", "prompt": "You’re buying 6 items: $2.67, $2.79, $9.35, $5.00, $6.23, $4.50. About how much will you pay (before tax)?", "exact_value": 30.54, "model": "Dream-org/Dream-v0-Instruct-7B", "provider": "transformers", "response": "<|im_start|>assistant\nFinal answer: 27", "numeric_answer": 27.0, "relative_error": 0.11591355599214143, "thinking_text": null, "has_tool_call": false, "tool_call": null, "usage": {"prompt_tokens": 195, "completion_tokens": 124, "total_tokens": 319, "token_count_source": "tokenizer"}, "decoding": {"temperature": 0.2, "top_p": null, "top_k": null, "max_tokens": 120, "seed": 42}, "prompt_tokens": 195, "completion_tokens": 124, "total_tokens": 319, "token_count_source": "tokenizer", "diffusion_steps": null, "flops_estimate": null, "flops_arch": null, "flops_model_params": null, "flops_active_params": null, "tokens_non_final": 4, "tokens_reasoning": 0, "tokens_response": 4, "elapsed_seconds": 51.95139670372009, "judgement": "Good approximation"}
{"id": "basket_sum_000411", "topic": "basket_sum", "subtopic": "decimal_prices", "prompt": "You’re buying 6 items: $19.35, $1.11, $7.30, $7.27, $14.63, $8.58. About how much will you pay (before tax)?", "exact_value": 58.24, "model": "Dream-org/Dream-v0-Instruct-7B", "provider": "transformers", "response": "Final answer:", "numeric_answer": null, "relative_error": null, "thinking_text": null, "has_tool_call": false, "tool_call": null, "usage": {"prompt_tokens": 197, "completion_tokens": 120, "total_tokens": 317, "token_count_source": "tokenizer"}, "decoding": {"temperature": 0.2, "top_p": null, "top_k": null, "max_tokens": 120, "seed": 42}, "prompt_tokens": 197, "completion_tokens": 120, "total_tokens": 317, "token_count_source": "tokenizer", "diffusion_steps": null, "flops_estimate": null, "flops_arch": null, "flops_model_params": null, "flops_active_params": null, "tokens_non_final": 2, "tokens_reasoning": 0, "tokens_response": 2, "elapsed_seconds": 51.67556357383728, "judgement": "Uncategorized"}
{"id": "basket_sum_000431", "topic": "basket_sum", "subtopic": "decimal_prices", "prompt": "You’re buying 5 items: $7.21, $16.25, $15.35, $1.62, $15.01. About how much will you pay (before tax)?", "exact_value": 55.44, "model": "Dream-org/Dream-v0-Instruct-7B", "provider": "transformers", "response": "<|im_end|>\n<|im_start|>assistant\nFinal answer:  renown5", "numeric_answer": 5.0, "relative_error": 0.9098124098124099, "thinking_text": null, "has_tool_call": false, "tool_call": null, "usage": {"prompt_tokens": 192, "completion_tokens": 125, "total_tokens": 317, "token_count_source": "tokenizer"}, "decoding": {"temperature": 0.2, "top_p": null, "top_k": null, "max_tokens": 120, "seed": 42}, "prompt_tokens": 192, "completion_tokens": 125, "total_tokens": 317, "token_count_source": "tokenizer", "diffusion_steps": null, "flops_estimate": null, "flops_arch": null, "flops_model_params": null, "flops_active_params": null, "tokens_non_final": 5, "tokens_reasoning": 0, "tokens_response": 5, "elapsed_seconds": 51.67556357383728, "judgement": "Way off"}
{"id": "basket_sum_000451", "topic": "basket_sum", "subtopic": "decimal_prices", "prompt": "You’re buying 4 items: $15.91, $2.34, $17.70, $14.92. About how much will you pay (before tax)?", "exact_value": 50.87, "model": "Dream-org/Dream-v0-Instruct-7B", "provider": "transformers", "response": "10's multiple.<|im_end|>\n<|im_start|>assistant\nFinal answer: 50", "numeric_answer": 50.0, "relative_error": 0.01710241792805185, "thinking_text": null, "has_tool_call": false, "tool_call": null, "usage": {"prompt_tokens": 186, "completion_tokens": 131, "total_tokens": 317, "token_count_source": "tokenizer"}, "decoding": {"temperature": 0.2, "top_p": null, "top_k": null, "max_tokens": 120, "seed": 42}, "prompt_tokens": 186, "completion_tokens": 131, "total_tokens": 317, "token_count_source": "tokenizer", "diffusion_steps": null, "flops_estimate": null, "flops_arch": null, "flops_model_params": null, "flops_active_params": null, "tokens_non_final": 6, "tokens_reasoning": 0, "tokens_response": 6, "elapsed_seconds": 51.67556357383728, "judgement": "Good approximation"}
{"id": "basket_sum_000471", "topic": "basket_sum", "subtopic": "decimal_prices", "prompt": "You’re buying 5 items: $9.40, $19.52, $11.04, $3.12, $1.27. About how much will you pay (before tax)?", "exact_value": 44.35, "model": "Dream-org/Dream-v0-Instruct-7B", "provider": "transformers", "response": ".<|im_end|>\n<|im_start|>assistant\nFinal answer: $40", "numeric_answer": 40.0, "relative_error": 0.09808342728297635, "thinking_text": null, "has_tool_call": false, "tool_call": null, "usage": {"prompt_tokens": 191, "completion_tokens": 126, "total_tokens": 317, "token_count_source": "tokenizer"}, "decoding": {"temperature": 0.2, "top_p": null, "top_k": null, "max_tokens": 120, "seed": 42}, "prompt_tokens": 191, "completion_tokens": 126, "total_tokens": 317, "token_count_source": "tokenizer", "diffusion_steps": null, "flops_estimate": null, "flops_arch": null, "flops_model_params": null, "flops_active_params": null, "tokens_non_final": 5, "tokens_reasoning": 0, "tokens_response": 5, "elapsed_seconds": 51.67556357383728, "judgement": "Good approximation"}
{"id": "basket_sum_000491", "topic": "basket_sum", "subtopic": "decimal_prices", "prompt": "You’re buying 3 items: $12.29, $7.74, $10.02. About how much will you pay (before tax)?", "exact_value": 30.05, "model": "Dream-org/Dream-v0-Instruct-7B", "provider": "transformers", "response": "5 or 10's multiple.<|im_end|>\n<|im_start|>assistant\nFinal answer: 30.", "numeric_answer": 30.0, "relative_error": 0.0016638935108153315, "thinking_text": null, "has_tool_call": false, "tool_call": null, "usage": {"prompt_tokens": 179, "completion_tokens": 133, "total_tokens": 312, "token_count_source": "tokenizer"}, "decoding": {"temperature": 0.2, "top_p": null, "top_k": null, "max_tokens": 120, "seed": 42}, "prompt_tokens": 179, "completion_tokens": 133, "total_tokens": 312, "token_count_source": "tokenizer", "diffusion_steps": null, "flops_estimate": null, "flops_arch": null, "flops_model_params": null, "flops_active_params": null, "tokens_non_final": 8, "tokens_reasoning": 0, "tokens_response": 8, "elapsed_seconds": 51.197564363479614, "judgement": "Good approximation"}
{"id": "basket_sum_000511", "topic": "basket_sum", "subtopic": "decimal_prices", "prompt": "You’re buying 5 items: $19.01, $7.47, $3.87, $10.40, $14.78. About how much will you pay (before tax)?", "exact_value": 55.53, "model": "Dream-org/Dream-v0-Instruct-7B", "provider": "transformers", "response": "Final answer:", "numeric_answer": null, "relative_error": null, "thinking_text": null, "has_tool_call": false, "tool_call": null, "usage": {"prompt_tokens": 192, "completion_tokens": 120, "total_tokens": 312, "token_count_source": "tokenizer"}, "decoding": {"temperature": 0.2, "top_p": null, "top_k": null, "max_tokens": 120, "seed": 42}, "prompt_tokens": 192, "completion_tokens": 120, "total_tokens": 312, "token_count_source": "tokenizer", "diffusion_steps": null, "flops_estimate": null, "flops_arch": null, "flops_model_params": null, "flops_active_params": null, "tokens_non_final": 2, "tokens_reasoning": 0, "tokens_response": 2, "elapsed_seconds": 51.197564363479614, "judgement": "Uncategorized"}
{"id": "basket_sum_000531", "topic": "basket_sum", "subtopic": "decimal_prices", "prompt": "You’re buying 3 items: $19.08, $1.40, $9.05. About how much will you pay (before tax)?", "exact_value": 29.53, "model": "Dream-org/Dream-v0-Instruct-7B", "provider": "transformers", "response": "5 or 10's multiple.<|im_end|>\n<|im_start|>assistant\nFinal answer: 29", "numeric_answer": 29.0, "relative_error": 0.017947849644429432, "thinking_text": null, "has_tool_call": false, "tool_call": null, "usage": {"prompt_tokens": 178, "completion_tokens": 134, "total_tokens": 312, "token_count_source": "tokenizer"}, "decoding": {"temperature": 0.2, "top_p": null, "top_k": null, "max_tokens": 120, "seed": 42}, "prompt_tokens": 178, "completion_tokens": 134, "total_tokens": 312, "token_count_source": "tokenizer", "diffusion_steps": null, "flops_estimate": null, "flops_arch": null, "flops_model_params": null, "flops_active_params": null, "tokens_non_final": 8, "tokens_reasoning": 0, "tokens_response": 8, "elapsed_seconds": 51.197564363479614, "judgement": "Good approximation"}
{"id": "basket_sum_000551", "topic": "basket_sum", "subtopic": "decimal_prices", "prompt": "You’re buying 4 items: $11.87, $4.88, $19.26, $15.04. About how much will you pay (before tax)?", "exact_value": 51.05, "model": "Dream-org/Dream-v0-Instruct-7B", "provider": "transformers", "response": ".<|im_end|>\n<|im_start|>assistant\nFinal answer: 50", "numeric_answer": 50.0, "relative_error": 0.02056807051909887, "thinking_text": null, "has_tool_call": false, "tool_call": null, "usage": {"prompt_tokens": 186, "completion_tokens": 126, "total_tokens": 312, "token_count_source": "tokenizer"}, "decoding": {"temperature": 0.2, "top_p": null, "top_k": null, "max_tokens": 120, "seed": 42}, "prompt_tokens": 186, "completion_tokens": 126, "total_tokens": 312, "token_count_source": "tokenizer", "diffusion_steps": null, "flops_estimate": null, "flops_arch": null, "flops_model_params": null, "flops_active_params": null, "tokens_non_final": 5, "tokens_reasoning": 0, "tokens_response": 5, "elapsed_seconds": 51.197564363479614, "judgement": "Good approximation"}
{"id": "basket_sum_000571", "topic": "basket_sum", "subtopic": "decimal_prices", "prompt": "You’re buying 6 items: $6.73, $19.19, $7.76, $16.39, $3.13, $17.44. About how much will you pay (before tax)?", "exact_value": 70.64, "model": "Dream-org/Dream-v0-Instruct-7B", "provider": "transformers", "response": "assistant\nFinal answer:", "numeric_answer": null, "relative_error": null, "thinking_text": null, "has_tool_call": false, "tool_call": null, "usage": {"prompt_tokens": 198, "completion_tokens": 122, "total_tokens": 320, "token_count_source": "tokenizer"}, "decoding": {"temperature": 0.2, "top_p": null, "top_k": null, "max_tokens": 120, "seed": 42}, "prompt_tokens": 198, "completion_tokens": 122, "total_tokens": 320, "token_count_source": "tokenizer", "diffusion_steps": null, "flops_estimate": null, "flops_arch": null, "flops_model_params": null, "flops_active_params": null, "tokens_non_final": 3, "tokens_reasoning": 0, "tokens_response": 3, "elapsed_seconds": 51.59839129447937, "judgement": "Uncategorized"}
{"id": "basket_sum_000591", "topic": "basket_sum", "subtopic": "decimal_prices", "prompt": "You’re buying 3 items: $0.99, $3.35, $7.00. About how much will you pay (before tax)?", "exact_value": 11.34, "model": "Dream-org/Dream-v0-Instruct-7B", "provider": "transformers", "response": "number is already an integer, round to nearly 5 or 10's multiple.<|im_end|>\n<|im_start|>assistant\nFinal answer: 11.", "numeric_answer": 11.0, "relative_error": 0.029982363315696637, "thinking_text": null, "has_tool_call": false, "tool_call": null, "usage": {"prompt_tokens": 177, "completion_tokens": 143, "total_tokens": 320, "token_count_source": "tokenizer"}, "decoding": {"temperature": 0.2, "top_p": null, "top_k": null, "max_tokens": 120, "seed": 42}, "prompt_tokens": 177, "completion_tokens": 143, "total_tokens": 320, "token_count_source": "tokenizer", "diffusion_steps": null, "flops_estimate": null, "flops_arch": null, "flops_model_params": null, "flops_active_params": null, "tokens_non_final": 16, "tokens_reasoning": 0, "tokens_response": 16, "elapsed_seconds": 51.59839129447937, "judgement": "Good approximation"}
{"id": "basket_sum_000611", "topic": "basket_sum", "subtopic": "decimal_prices", "prompt": "You’re buying 5 items: $18.98, $19.99, $18.20, $16.09, $3.27. About how much will you pay (before tax)?", "exact_value": 76.53, "model": "Dream-org/Dream-v0-Instruct-7B", "provider": "transformers", "response": "multiple.<|im_end|>\n<|im_start|>assistant\nFinal answer: 70", "numeric_answer": 70.0, "relative_error": 0.08532601594146087, "thinking_text": null, "has_tool_call": false, "tool_call": null, "usage": {"prompt_tokens": 193, "completion_tokens": 127, "total_tokens": 320, "token_count_source": "tokenizer"}, "decoding": {"temperature": 0.2, "top_p": null, "top_k": null, "max_tokens": 120, "seed": 42}, "prompt_tokens": 193, "completion_tokens": 127, "total_tokens": 320, "token_count_source": "tokenizer", "diffusion_steps": null, "flops_estimate": null, "flops_arch": null, "flops_model_params": null, "flops_active_params": null, "tokens_non_final": 5, "tokens_reasoning": 0, "tokens_response": 5, "elapsed_seconds": 51.59839129447937, "judgement": "Good approximation"}
{"id": "basket_sum_000631", "topic": "basket_sum", "subtopic": "decimal_prices", "prompt": "You’re buying 6 items: $6.60, $16.40, $12.63, $14.05, $19.28, $13.75. About how much will you pay (before tax)?", "exact_value": 82.71, "model": "Dream-org/Dream-v0-Instruct-7B", "provider": "transformers", "response": "Final answer: 70", "numeric_answer": 70.0, "relative_error": 0.1536694474670535, "thinking_text": null, "has_tool_call": false, "tool_call": null, "usage": {"prompt_tokens": 200, "completion_tokens": 120, "total_tokens": 320, "token_count_source": "tokenizer"}, "decoding": {"temperature": 0.2, "top_p": null, "top_k": null, "max_tokens": 120, "seed": 42}, "prompt_tokens": 200, "completion_tokens": 120, "total_tokens": 320, "token_count_source": "tokenizer", "diffusion_steps": null, "flops_estimate": null, "flops_arch": null, "flops_model_params": null, "flops_active_params": null, "tokens_non_final": 3, "tokens_reasoning": 0, "tokens_response": 3, "elapsed_seconds": 51.59839129447937, "judgement": "Good approximation"}
{"id": "basket_sum_000651", "topic": "basket_sum", "subtopic": "decimal_prices", "prompt": "You’re buying 3 items: $14.35, $18.58, $9.20. About how much will you pay (before tax)?", "exact_value": 42.13, "model": "Dream-org/Dream-v0-Instruct-7B", "provider": "transformers", "response": ", round to nearly 5 or 10's multiple.<|im_end|>\n<|im_start|>assistant\nFinal answer: 42", "numeric_answer": 42.0, "relative_error": 0.003085687158794269, "thinking_text": null, "has_tool_call": false, "tool_call": null, "usage": {"prompt_tokens": 179, "completion_tokens": 138, "total_tokens": 317, "token_count_source": "tokenizer"}, "decoding": {"temperature": 0.2, "top_p": null, "top_k": null, "max_tokens": 120, "seed": 42}, "prompt_tokens": 179, "completion_tokens": 138, "total_tokens": 317, "token_count_source": "tokenizer", "diffusion_steps": null, "flops_estimate": null, "flops_arch": null, "flops_model_params": null, "flops_active_params": null, "tokens_non_final": 12, "tokens_reasoning": 0, "tokens_response": 12, "elapsed_seconds": 51.57977914810181, "judgement": "Good approximation"}
{"id": "basket_sum_000671", "topic": "basket_sum", "subtopic": "decimal_prices", "prompt": "You’re buying 5 items: $5.42, $15.65, $14.74, $19.74, $2.91. About how much will you pay (before tax)?", "exact_value": 58.46, "model": "Dream-org/Dream-v0-Instruct-7B", "provider": "transformers", "response": "<|im_end|>\n<|im_start|>assistant\nFinal answer: 50", "numeric_answer": 50.0, "relative_error": 0.14471433458775232, "thinking_text": null, "has_tool_call": false, "tool_call": null, "usage": {"prompt_tokens": 192, "completion_tokens": 125, "total_tokens": 317, "token_count_source": "tokenizer"}, "decoding": {"temperature": 0.2, "top_p": null, "top_k": null, "max_tokens": 120, "seed": 42}, "prompt_tokens": 192, "completion_tokens": 125, "total_tokens": 317, "token_count_source": "tokenizer", "diffusion_steps": null, "flops_estimate": null, "flops_arch": null, "flops_model_params": null, "flops_active_params": null, "tokens_non_final": 5, "tokens_reasoning": 0, "tokens_response": 5, "elapsed_seconds": 51.57977914810181, "judgement": "Good approximation"}
{"id": "basket_sum_000691", "topic": "basket_sum", "subtopic": "decimal_prices", "prompt": "You’re buying 6 items: $8.22, $18.07, $7.30, $1.67, $13.66, $9.30. About how much will you pay (before tax)?", "exact_value": 58.22, "model": "Dream-org/Dream-v0-Instruct-7B", "provider": "transformers", "response": "Final answer: 5ircraft", "numeric_answer": 5.0, "relative_error": 0.9141188594984542, "thinking_text": null, "has_tool_call": false, "tool_call": null, "usage": {"prompt_tokens": 197, "completion_tokens": 120, "total_tokens": 317, "token_count_source": "tokenizer"}, "decoding": {"temperature": 0.2, "top_p": null, "top_k": null, "max_tokens": 120, "seed": 42}, "prompt_tokens": 197, "completion_tokens": 120, "total_tokens": 317, "token_count_source": "tokenizer", "diffusion_steps": null, "flops_estimate": null, "flops_arch": null, "flops_model_params": null, "flops_active_params": null, "tokens_non_final": 3, "tokens_reasoning": 0, "tokens_response": 3, "elapsed_seconds": 51.57977914810181, "judgement": "Way off"}
{"id": "basket_sum_000711", "topic": "basket_sum", "subtopic": "decimal_prices", "prompt": "You’re buying 3 items: $16.39, $19.24, $12.71. About how much will you pay (before tax)?", "exact_value": 48.34, "model": "Dream-org/Dream-v0-Instruct-7B", "provider": "transformers", "response": "round to nearly 5 or 10's multiple.<|im_end|>\n<|im_start|>assistant\nFinal answer: 48", "numeric_answer": 48.0, "relative_error": 0.0070335126189491805, "thinking_text": null, "has_tool_call": false, "tool_call": null, "usage": {"prompt_tokens": 180, "completion_tokens": 137, "total_tokens": 317, "token_count_source": "tokenizer"}, "decoding": {"temperature": 0.2, "top_p": null, "top_k": null, "max_tokens": 120, "seed": 42}, "prompt_tokens": 180, "completion_tokens": 137, "total_tokens": 317, "token_count_source": "tokenizer", "diffusion_steps": null, "flops_estimate": null, "flops_arch": null, "flops_model_params": null, "flops_active_params": null, "tokens_non_final": 11, "tokens_reasoning": 0, "tokens_response": 11, "elapsed_seconds": 51.57977914810181, "judgement": "Good approximation"}
{"id": "basket_sum_000731", "topic": "basket_sum", "subtopic": "decimal_prices", "prompt": "You’re buying 3 items: $17.18, $6.99, $17.00. About how much will you pay (before tax)?", "exact_value": 41.17, "model": "Dream-org/Dream-v0-Instruct-7B", "provider": "transformers", "response": ", round to nearly 5 or 10's multiple.<|im_end|>\n<|im_start|>assistant\nFinal answer: 41", "numeric_answer": 41.0, "relative_error": 0.004129220306048134, "thinking_text": null, "has_tool_call": false, "tool_call": null, "usage": {"prompt_tokens": 179, "completion_tokens": 138, "total_tokens": 317, "token_count_source": "tokenizer"}, "decoding": {"temperature": 0.2, "top_p": null, "top_k": null, "max_tokens": 120, "seed": 42}, "prompt_tokens": 179, "completion_tokens": 138, "total_tokens": 317, "token_count_source": "tokenizer", "diffusion_steps": null, "flops_estimate": null, "flops_arch": null, "flops_model_params": null, "flops_active_params": null, "tokens_non_final": 12, "tokens_reasoning": 0, "tokens_response": 12, "elapsed_seconds": 51.61957120895386, "judgement": "Good approximation"}
{"id": "basket_sum_000751", "topic": "basket_sum", "subtopic": "decimal_prices", "prompt": "You’re buying 6 items: $6.72, $7.37, $7.87, $0.95, $12.05, $13.81. About how much will you pay (before tax)?", "exact_value": 48.77, "model": "Dream-org/Dream-v0-Instruct-7B", "provider": "transformers", "response": "Final answer: 45", "numeric_answer": 45.0, "relative_error": 0.07730161984826743, "thinking_text": null, "has_tool_call": false, "tool_call": null, "usage": {"prompt_tokens": 197, "completion_tokens": 120, "total_tokens": 317, "token_count_source": "tokenizer"}, "decoding": {"temperature": 0.2, "top_p": null, "top_k": null, "max_tokens": 120, "seed": 42}, "prompt_tokens": 197, "completion_tokens": 120, "total_tokens": 317, "token_count_source": "tokenizer", "diffusion_steps": null, "flops_estimate": null, "flops_arch": null, "flops_model_params": null, "flops_active_params": null, "tokens_non_final": 3, "tokens_reasoning": 0, "tokens_response": 3, "elapsed_seconds": 51.61957120895386, "judgement": "Good approximation"}
{"id": "basket_sum_000771", "topic": "basket_sum", "subtopic": "decimal_prices", "prompt": "You’re buying 4 items: $10.56, $15.22, $13.18, $10.57. About how much will you pay (before tax)?", "exact_value": 49.53, "model": "Dream-org/Dream-v0-Instruct-7B", "provider": "transformers", "response": "10's multiple.<|im_end|>\n<|im_start|>assistant\nFinal answer: 49", "numeric_answer": 49.0, "relative_error": 0.010700585503735132, "thinking_text": null, "has_tool_call": false, "tool_call": null, "usage": {"prompt_tokens": 187, "completion_tokens": 130, "total_tokens": 317, "token_count_source": "tokenizer"}, "decoding": {"temperature": 0.2, "top_p": null, "top_k": null, "max_tokens": 120, "seed": 42}, "prompt_tokens": 187, "completion_tokens": 130, "total_tokens": 317, "token_count_source": "tokenizer", "diffusion_steps": null, "flops_estimate": null, "flops_arch": null, "flops_model_params": null, "flops_active_params": null, "tokens_non_final": 6, "tokens_reasoning": 0, "tokens_response": 6, "elapsed_seconds": 51.61957120895386, "judgement": "Good approximation"}
{"id": "basket_sum_000791", "topic": "basket_sum", "subtopic": "decimal_prices", "prompt": "You’re buying 5 items: $7.05, $1.24, $15.87, $18.50, $3.74. About how much will you pay (before tax)?", "exact_value": 46.4, "model": "Dream-org/Dream-v0-Instruct-7B", "provider": "transformers", "response": ".<|im_end|>\n<|im_start|>assistant\nFinal answer: 40", "numeric_answer": 40.0, "relative_error": 0.1379310344827586, "thinking_text": null, "has_tool_call": false, "tool_call": null, "usage": {"prompt_tokens": 191, "completion_tokens": 126, "total_tokens": 317, "token_count_source": "tokenizer"}, "decoding": {"temperature": 0.2, "top_p": null, "top_k": null, "max_tokens": 120, "seed": 42}, "prompt_tokens": 191, "completion_tokens": 126, "total_tokens": 317, "token_count_source": "tokenizer", "diffusion_steps": null, "flops_estimate": null, "flops_arch": null, "flops_model_params": null, "flops_active_params": null, "tokens_non_final": 5, "tokens_reasoning": 0, "tokens_response": 5, "elapsed_seconds": 51.61957120895386, "judgement": "Good approximation"}
{"id": "basket_sum_000811", "topic": "basket_sum", "subtopic": "decimal_prices", "prompt": "You’re buying 4 items: $7.07, $15.16, $10.10, $2.10. About how much will you pay (before tax)?", "exact_value": 34.43, "model": "Dream-org/Dream-v0-Instruct-7B", "provider": "transformers", "response": "5 or 10's multiple.<|im_end|>\n<|im_start|>assistant\nFinal answer: 35", "numeric_answer": 35.0, "relative_error": 0.016555329654371197, "thinking_text": null, "has_tool_call": false, "tool_call": null, "usage": {"prompt_tokens": 185, "completion_tokens": 133, "total_tokens": 318, "token_count_source": "tokenizer"}, "decoding": {"temperature": 0.2, "top_p": null, "top_k": null, "max_tokens": 120, "seed": 42}, "prompt_tokens": 185, "completion_tokens": 133, "total_tokens": 318, "token_count_source": "tokenizer", "diffusion_steps": null, "flops_estimate": null, "flops_arch": null, "flops_model_params": null, "flops_active_params": null, "tokens_non_final": 8, "tokens_reasoning": 0, "tokens_response": 8, "elapsed_seconds": 51.691999197006226, "judgement": "Good approximation"}
{"id": "basket_sum_000831", "topic": "basket_sum", "subtopic": "decimal_prices", "prompt": "You’re buying 6 items: $8.13, $13.09, $5.25, $12.07, $19.77, $5.26. About how much will you pay (before tax)?", "exact_value": 63.57, "model": "Dream-org/Dream-v0-Instruct-7B", "provider": "transformers", "response": "Final answer: 5 sacr", "numeric_answer": 5.0, "relative_error": 0.9213465471134182, "thinking_text": null, "has_tool_call": false, "tool_call": null, "usage": {"prompt_tokens": 198, "completion_tokens": 120, "total_tokens": 318, "token_count_source": "tokenizer"}, "decoding": {"temperature": 0.2, "top_p": null, "top_k": null, "max_tokens": 120, "seed": 42}, "prompt_tokens": 198, "completion_tokens": 120, "total_tokens": 318, "token_count_source": "tokenizer", "diffusion_steps": null, "flops_estimate": null, "flops_arch": null, "flops_model_params": null, "flops_active_params": null, "tokens_non_final": 4, "tokens_reasoning": 0, "tokens_response": 4, "elapsed_seconds": 51.691999197006226, "judgement": "Way off"}
{"id": "basket_sum_000851", "topic": "basket_sum", "subtopic": "decimal_prices", "prompt": "You’re buying 6 items: $6.70, $19.75, $2.16, $17.78, $19.85, $3.18. About how much will you pay (before tax)?", "exact_value": 69.42, "model": "Dream-org/Dream-v0-Instruct-7B", "provider": "transformers", "response": "Final answer: 60", "numeric_answer": 60.0, "relative_error": 0.1356957649092481, "thinking_text": null, "has_tool_call": false, "tool_call": null, "usage": {"prompt_tokens": 198, "completion_tokens": 120, "total_tokens": 318, "token_count_source": "tokenizer"}, "decoding": {"temperature": 0.2, "top_p": null, "top_k": null, "max_tokens": 120, "seed": 42}, "prompt_tokens": 198, "completion_tokens": 120, "total_tokens": 318, "token_count_source": "tokenizer", "diffusion_steps": null, "flops_estimate": null, "flops_arch": null, "flops_model_params": null, "flops_active_params": null, "tokens_non_final": 3, "tokens_reasoning": 0, "tokens_response": 3, "elapsed_seconds": 51.691999197006226, "judgement": "Good approximation"}
{"id": "basket_sum_000871", "topic": "basket_sum", "subtopic": "decimal_prices", "prompt": "You’re buying 5 items: $19.98, $16.47, $18.86, $13.56, $8.06. About how much will you pay (before tax)?", "exact_value": 76.93, "model": "Dream-org/Dream-v0-Instruct-7B", "provider": "transformers", "response": "<|im_end|>\n<|im_start|>assistant\nFinal answer: 75", "numeric_answer": 75.0, "relative_error": 0.025087742103210797, "thinking_text": null, "has_tool_call": false, "tool_call": null, "usage": {"prompt_tokens": 193, "completion_tokens": 125, "total_tokens": 318, "token_count_source": "tokenizer"}, "decoding": {"temperature": 0.2, "top_p": null, "top_k": null, "max_tokens": 120, "seed": 42}, "prompt_tokens": 193, "completion_tokens": 125, "total_tokens": 318, "token_count_source": "tokenizer", "diffusion_steps": null, "flops_estimate": null, "flops_arch": null, "flops_model_params": null, "flops_active_params": null, "tokens_non_final": 5, "tokens_reasoning": 0, "tokens_response": 5, "elapsed_seconds": 51.691999197006226, "judgement": "Good approximation"}
{"id": "basket_sum_000891", "topic": "basket_sum", "subtopic": "decimal_prices", "prompt": "You’re buying 5 items: $15.60, $16.10, $18.72, $3.22, $13.53. About how much will you pay (before tax)?", "exact_value": 67.17, "model": "Dream-org/Dream-v0-Instruct-7B", "provider": "transformers", "response": "Final answer: 60", "numeric_answer": 60.0, "relative_error": 0.10674408217954447, "thinking_text": null, "has_tool_call": false, "tool_call": null, "usage": {"prompt_tokens": 193, "completion_tokens": 120, "total_tokens": 313, "token_count_source": "tokenizer"}, "decoding": {"temperature": 0.2, "top_p": null, "top_k": null, "max_tokens": 120, "seed": 42}, "prompt_tokens": 193, "completion_tokens": 120, "total_tokens": 313, "token_count_source": "tokenizer", "diffusion_steps": null, "flops_estimate": null, "flops_arch": null, "flops_model_params": null, "flops_active_params": null, "tokens_non_final": 3, "tokens_reasoning": 0, "tokens_response": 3, "elapsed_seconds": 51.45491099357605, "judgement": "Good approximation"}
{"id": "basket_sum_000911", "topic": "basket_sum", "subtopic": "decimal_prices", "prompt": "You’re buying 5 items: $12.93, $9.34, $1.01, $3.03, $3.13. About how much will you pay (before tax)?", "exact_value": 29.44, "model": "Dream-org/Dream-v0-Instruct-7B", "provider": "transformers", "response": "<|im_start|>assistant\nFinal answer:", "numeric_answer": null, "relative_error": null, "thinking_text": null, "has_tool_call": false, "tool_call": null, "usage": {"prompt_tokens": 190, "completion_tokens": 123, "total_tokens": 313, "token_count_source": "tokenizer"}, "decoding": {"temperature": 0.2, "top_p": null, "top_k": null, "max_tokens": 120, "seed": 42}, "prompt_tokens": 190, "completion_tokens": 123, "total_tokens": 313, "token_count_source": "tokenizer", "diffusion_steps": null, "flops_estimate": null, "flops_arch": null, "flops_model_params": null, "flops_active_params": null, "tokens_non_final": 3, "tokens_reasoning": 0, "tokens_response": 3, "elapsed_seconds": 51.45491099357605, "judgement": "Uncategorized"}
{"id": "basket_sum_000931", "topic": "basket_sum", "subtopic": "decimal_prices", "prompt": "You’re buying 3 items: $7.76, $7.19, $6.04. About how much will you pay (before tax)?", "exact_value": 20.99, "model": "Dream-org/Dream-v0-Instruct-7B", "provider": "transformers", "response": "to nearly 5 or 10's multiple.<|im_end|>\n<|im_start|>assistant\nFinal answer: 20", "numeric_answer": 20.0, "relative_error": 0.04716531681753209, "thinking_text": null, "has_tool_call": false, "tool_call": null, "usage": {"prompt_tokens": 177, "completion_tokens": 136, "total_tokens": 313, "token_count_source": "tokenizer"}, "decoding": {"temperature": 0.2, "top_p": null, "top_k": null, "max_tokens": 120, "seed": 42}, "prompt_tokens": 177, "completion_tokens": 136, "total_tokens": 313, "token_count_source": "tokenizer", "diffusion_steps": null, "flops_estimate": null, "flops_arch": null, "flops_model_params": null, "flops_active_params": null, "tokens_non_final": 10, "tokens_reasoning": 0, "tokens_response": 10, "elapsed_seconds": 51.45491099357605, "judgement": "Good approximation"}
{"id": "basket_sum_000951", "topic": "basket_sum", "subtopic": "decimal_prices", "prompt": "You’re buying 3 items: $6.36, $10.07, $5.87. About how much will you pay (before tax)?", "exact_value": 22.3, "model": "Dream-org/Dream-v0-Instruct-7B", "provider": "transformers", "response": "nearly 5 or 10's multiple.<|im_end|>\n<|im_start|>assistant\nFinal answer: 22", "numeric_answer": 22.0, "relative_error": 0.01345291479820631, "thinking_text": null, "has_tool_call": false, "tool_call": null, "usage": {"prompt_tokens": 178, "completion_tokens": 135, "total_tokens": 313, "token_count_source": "tokenizer"}, "decoding": {"temperature": 0.2, "top_p": null, "top_k": null, "max_tokens": 120, "seed": 42}, "prompt_tokens": 178, "completion_tokens": 135, "total_tokens": 313, "token_count_source": "tokenizer", "diffusion_steps": null, "flops_estimate": null, "flops_arch": null, "flops_model_params": null, "flops_active_params": null, "tokens_non_final": 9, "tokens_reasoning": 0, "tokens_response": 9, "elapsed_seconds": 51.45491099357605, "judgement": "Good approximation"}
{"id": "basket_sum_000971", "topic": "basket_sum", "subtopic": "decimal_prices", "prompt": "You’re buying 6 items: $10.87, $14.23, $19.61, $5.05, $8.97, $1.97. About how much will you pay (before tax)?", "exact_value": 60.7, "model": "Dream-org/Dream-v0-Instruct-7B", "provider": "transformers", "response": "Final answer: 5gregate", "numeric_answer": 5.0, "relative_error": 0.9176276771004942, "thinking_text": null, "has_tool_call": false, "tool_call": null, "usage": {"prompt_tokens": 198, "completion_tokens": 120, "total_tokens": 318, "token_count_source": "tokenizer"}, "decoding": {"temperature": 0.2, "top_p": null, "top_k": null, "max_tokens": 120, "seed": 42}, "prompt_tokens": 198, "completion_tokens": 120, "total_tokens": 318, "token_count_source": "tokenizer", "diffusion_steps": null, "flops_estimate": null, "flops_arch": null, "flops_model_params": null, "flops_active_params": null, "tokens_non_final": 3, "tokens_reasoning": 0, "tokens_response": 3, "elapsed_seconds": 51.65841364860535, "judgement": "Way off"}
{"id": "basket_sum_000991", "topic": "basket_sum", "subtopic": "decimal_prices", "prompt": "You’re buying 4 items: $11.05, $0.82, $7.46, $12.41. About how much will you pay (before tax)?", "exact_value": 31.74, "model": "Dream-org/Dream-v0-Instruct-7B", "provider": "transformers", "response": "5 or 10's multiple.<|im_end|>\n<|im_start|>assistant\nFinal answer: 31", "numeric_answer": 31.0, "relative_error": 0.023314429741650867, "thinking_text": null, "has_tool_call": false, "tool_call": null, "usage": {"prompt_tokens": 185, "completion_tokens": 133, "total_tokens": 318, "token_count_source": "tokenizer"}, "decoding": {"temperature": 0.2, "top_p": null, "top_k": null, "max_tokens": 120, "seed": 42}, "prompt_tokens": 185, "completion_tokens": 133, "total_tokens": 318, "token_count_source": "tokenizer", "diffusion_steps": null, "flops_estimate": null, "flops_arch": null, "flops_model_params": null, "flops_active_params": null, "tokens_non_final": 8, "tokens_reasoning": 0, "tokens_response": 8, "elapsed_seconds": 51.65841364860535, "judgement": "Good approximation"}
{"id": "basket_sum_001011", "topic": "basket_sum", "subtopic": "decimal_prices", "prompt": "You’re buying 3 items: $10.23, $19.81, $5.10. About how much will you pay (before tax)?", "exact_value": 35.14, "model": "Dream-org/Dream-v0-Instruct-7B", "provider": "transformers", "response": "integer, round to nearly 5 or 10's multiple.<|im_end|>\n<|im_start|>assistant\nFinal answer: 35", "numeric_answer": 35.0, "relative_error": 0.003984063745019937, "thinking_text": null, "has_tool_call": false, "tool_call": null, "usage": {"prompt_tokens": 179, "completion_tokens": 139, "total_tokens": 318, "token_count_source": "tokenizer"}, "decoding": {"temperature": 0.2, "top_p": null, "top_k": null, "max_tokens": 120, "seed": 42}, "prompt_tokens": 179, "completion_tokens": 139, "total_tokens": 318, "token_count_source": "tokenizer", "diffusion_steps": null, "flops_estimate": null, "flops_arch": null, "flops_model_params": null, "flops_active_params": null, "tokens_non_final": 12, "tokens_reasoning": 0, "tokens_response": 12, "elapsed_seconds": 51.65841364860535, "judgement": "Good approximation"}
{"id": "basket_sum_001031", "topic": "basket_sum", "subtopic": "decimal_prices", "prompt": "You’re buying 3 items: $12.39, $4.12, $3.87. About how much will you pay (before tax)?", "exact_value": 20.38, "model": "Dream-org/Dream-v0-Instruct-7B", "provider": "transformers", "response": "an integer, round to nearly 5 or 10's multiple.<|im_end|>\n<|im_start|>assistant\nFinal answer: 20", "numeric_answer": 20.0, "relative_error": 0.018645731108930277, "thinking_text": null, "has_tool_call": false, "tool_call": null, "usage": {"prompt_tokens": 178, "completion_tokens": 140, "total_tokens": 318, "token_count_source": "tokenizer"}, "decoding": {"temperature": 0.2, "top_p": null, "top_k": null, "max_tokens": 120, "seed": 42}, "prompt_tokens": 178, "completion_tokens": 140, "total_tokens": 318, "token_count_source": "tokenizer", "diffusion_steps": null, "flops_estimate": null, "flops_arch": null, "flops_model_params": null, "flops_active_params": null, "tokens_non_final": 13, "tokens_reasoning": 0, "tokens_response": 13, "elapsed_seconds": 51.65841364860535, "judgement": "Good approximation"}
{"id": "basket_sum_001051", "topic": "basket_sum", "subtopic": "decimal_prices", "prompt": "You’re buying 6 items: $2.66, $1.08, $15.50, $6.73, $17.45, $16.10. About how much will you pay (before tax)?", "exact_value": 59.52, "model": "Dream-org/Dream-v0-Instruct-7B", "provider": "transformers", "response": "Final answer: 5 guar", "numeric_answer": 5.0, "relative_error": 0.915994623655914, "thinking_text": null, "has_tool_call": false, "tool_call": null, "usage": {"prompt_tokens": 198, "completion_tokens": 120, "total_tokens": 318, "token_count_source": "tokenizer"}, "decoding": {"temperature": 0.2, "top_p": null, "top_k": null, "max_tokens": 120, "seed": 42}, "prompt_tokens": 198, "completion_tokens": 120, "total_tokens": 318, "token_count_source": "tokenizer", "diffusion_steps": null, "flops_estimate": null, "flops_arch": null, "flops_model_params": null, "flops_active_params": null, "tokens_non_final": 4, "tokens_reasoning": 0, "tokens_response": 4, "elapsed_seconds": 51.67775297164917, "judgement": "Way off"}
{"id": "basket_sum_001071", "topic": "basket_sum", "subtopic": "decimal_prices", "prompt": "You’re buying 4 items: $7.01, $19.73, $18.82, $15.05. About how much will you pay (before tax)?", "exact_value": 60.61, "model": "Dream-org/Dream-v0-Instruct-7B", "provider": "transformers", "response": "or 10's multiple.<|im_end|>\n<|im_start|>assistant\nFinal answer: 5", "numeric_answer": 5.0, "relative_error": 0.9175053621514602, "thinking_text": null, "has_tool_call": false, "tool_call": null, "usage": {"prompt_tokens": 186, "completion_tokens": 132, "total_tokens": 318, "token_count_source": "tokenizer"}, "decoding": {"temperature": 0.2, "top_p": null, "top_k": null, "max_tokens": 120, "seed": 42}, "prompt_tokens": 186, "completion_tokens": 132, "total_tokens": 318, "token_count_source": "tokenizer", "diffusion_steps": null, "flops_estimate": null, "flops_arch": null, "flops_model_params": null, "flops_active_params": null, "tokens_non_final": 7, "tokens_reasoning": 0, "tokens_response": 7, "elapsed_seconds": 51.67775297164917, "judgement": "Way off"}
{"id": "basket_sum_001091", "topic": "basket_sum", "subtopic": "decimal_prices", "prompt": "You’re buying 6 items: $5.22, $14.42, $3.22, $3.06, $11.87, $8.32. About how much will you pay (before tax)?", "exact_value": 46.11, "model": "Dream-org/Dream-v0-Instruct-7B", "provider": "transformers", "response": "Final answer:", "numeric_answer": null, "relative_error": null, "thinking_text": null, "has_tool_call": false, "tool_call": null, "usage": {"prompt_tokens": 197, "completion_tokens": 121, "total_tokens": 318, "token_count_source": "tokenizer"}, "decoding": {"temperature": 0.2, "top_p": null, "top_k": null, "max_tokens": 120, "seed": 42}, "prompt_tokens": 197, "completion_tokens": 121, "total_tokens": 318, "token_count_source": "tokenizer", "diffusion_steps": null, "flops_estimate": null, "flops_arch": null, "flops_model_params": null, "flops_active_params": null, "tokens_non_final": 2, "tokens_reasoning": 0, "tokens_response": 2, "elapsed_seconds": 51.67775297164917, "judgement": "Uncategorized"}
{"id": "basket_sum_001111", "topic": "basket_sum", "subtopic": "decimal_prices", "prompt": "You’re buying 4 items: $19.10, $10.16, $17.74, $8.93. About how much will you pay (before tax)?", "exact_value": 55.93, "model": "Dream-org/Dream-v0-Instruct-7B", "provider": "transformers", "response": "or 10's multiple.<|im_end|>\n<|im_start|>assistant\nFinal answer: 55", "numeric_answer": 55.0, "relative_error": 0.016627927766851416, "thinking_text": null, "has_tool_call": false, "tool_call": null, "usage": {"prompt_tokens": 186, "completion_tokens": 132, "total_tokens": 318, "token_count_source": "tokenizer"}, "decoding": {"temperature": 0.2, "top_p": null, "top_k": null, "max_tokens": 120, "seed": 42}, "prompt_tokens": 186, "completion_tokens": 132, "total_tokens": 318, "token_count_source": "tokenizer", "diffusion_steps": null, "flops_estimate": null, "flops_arch": null, "flops_model_params": null, "flops_active_params": null, "tokens_non_final": 7, "tokens_reasoning": 0, "tokens_response": 7, "elapsed_seconds": 51.67775297164917, "judgement": "Good approximation"}
{"id": "basket_sum_001131", "topic": "basket_sum", "subtopic": "decimal_prices", "prompt": "You’re buying 3 items: $18.72, $17.46, $5.78. About how much will you pay (before tax)?", "exact_value": 41.96, "model": "Dream-org/Dream-v0-Instruct-7B", "provider": "transformers", "response": ", round to nearly 5 or 10's multiple.<|im_end|>\n<|im_start|>assistant\nFinal answer: 41", "numeric_answer": 41.0, "relative_error": 0.022878932316491917, "thinking_text": null, "has_tool_call": false, "tool_call": null, "usage": {"prompt_tokens": 179, "completion_tokens": 138, "total_tokens": 317, "token_count_source": "tokenizer"}, "decoding": {"temperature": 0.2, "top_p": null, "top_k": null, "max_tokens": 120, "seed": 42}, "prompt_tokens": 179, "completion_tokens": 138, "total_tokens": 317, "token_count_source": "tokenizer", "diffusion_steps": null, "flops_estimate": null, "flops_arch": null, "flops_model_params": null, "flops_active_params": null, "tokens_non_final": 12, "tokens_reasoning": 0, "tokens_response": 12, "elapsed_seconds": 51.65174913406372, "judgement": "Good approximation"}
{"id": "basket_sum_001151", "topic": "basket_sum", "subtopic": "decimal_prices", "prompt": "You’re buying 6 items: $8.31, $2.74, $14.88, $17.68, $5.94, $4.74. About how much will you pay (before tax)?", "exact_value": 54.29, "model": "Dream-org/Dream-v0-Instruct-7B", "provider": "transformers", "response": "Final answer:", "numeric_answer": null, "relative_error": null, "thinking_text": null, "has_tool_call": false, "tool_call": null, "usage": {"prompt_tokens": 197, "completion_tokens": 120, "total_tokens": 317, "token_count_source": "tokenizer"}, "decoding": {"temperature": 0.2, "top_p": null, "top_k": null, "max_tokens": 120, "seed": 42}, "prompt_tokens": 197, "completion_tokens": 120, "total_tokens": 317, "token_count_source": "tokenizer", "diffusion_steps": null, "flops_estimate": null, "flops_arch": null, "flops_model_params": null, "flops_active_params": null, "tokens_non_final": 2, "tokens_reasoning": 0, "tokens_response": 2, "elapsed_seconds": 51.65174913406372, "judgement": "Uncategorized"}
{"id": "basket_sum_001171", "topic": "basket_sum", "subtopic": "decimal_prices", "prompt": "You’re buying 3 items: $10.17, $0.89, $7.55. About how much will you pay (before tax)?", "exact_value": 18.61, "model": "Dream-org/Dream-v0-Instruct-7B", "provider": "transformers", "response": "integer, round to nearly 5 or 10's multiple.<|im_end|>\n<|im_start|>assistant\nFinal answer: 18", "numeric_answer": 18.0, "relative_error": 0.03277807630306284, "thinking_text": null, "has_tool_call": false, "tool_call": null, "usage": {"prompt_tokens": 178, "completion_tokens": 139, "total_tokens": 317, "token_count_source": "tokenizer"}, "decoding": {"temperature": 0.2, "top_p": null, "top_k": null, "max_tokens": 120, "seed": 42}, "prompt_tokens": 178, "completion_tokens": 139, "total_tokens": 317, "token_count_source": "tokenizer", "diffusion_steps": null, "flops_estimate": null, "flops_arch": null, "flops_model_params": null, "flops_active_params": null, "tokens_non_final": 12, "tokens_reasoning": 0, "tokens_response": 12, "elapsed_seconds": 51.65174913406372, "judgement": "Good approximation"}
{"id": "basket_sum_001191", "topic": "basket_sum", "subtopic": "decimal_prices", "prompt": "You’re buying 5 items: $16.57, $13.87, $17.29, $12.64, $9.09. About how much will you pay (before tax)?", "exact_value": 69.46, "model": "Dream-org/Dream-v0-Instruct-7B", "provider": "transformers", "response": "<|im_start|>assistant\nFinal answer: 67", "numeric_answer": 67.0, "relative_error": 0.03541606680103648, "thinking_text": null, "has_tool_call": false, "tool_call": null, "usage": {"prompt_tokens": 193, "completion_tokens": 124, "total_tokens": 317, "token_count_source": "tokenizer"}, "decoding": {"temperature": 0.2, "top_p": null, "top_k": null, "max_tokens": 120, "seed": 42}, "prompt_tokens": 193, "completion_tokens": 124, "total_tokens": 317, "token_count_source": "tokenizer", "diffusion_steps": null, "flops_estimate": null, "flops_arch": null, "flops_model_params": null, "flops_active_params": null, "tokens_non_final": 4, "tokens_reasoning": 0, "tokens_response": 4, "elapsed_seconds": 51.65174913406372, "judgement": "Good approximation"}
{"id": "basket_sum_001211", "topic": "basket_sum", "subtopic": "decimal_prices", "prompt": "You’re buying 4 items: $2.44, $1.26, $19.22, $2.64. About how much will you pay (before tax)?", "exact_value": 25.56, "model": "Dream-org/Dream-v0-Instruct-7B", "provider": "transformers", "response": "to nearly 5 or 10's multiple.<|im_end|>\n<|im_start|>assistant\nFinal answer: 26", "numeric_answer": 26.0, "relative_error": 0.017214397496087688, "thinking_text": null, "has_tool_call": false, "tool_call": null, "usage": {"prompt_tokens": 184, "completion_tokens": 136, "total_tokens": 320, "token_count_source": "tokenizer"}, "decoding": {"temperature": 0.2, "top_p": null, "top_k": null, "max_tokens": 120, "seed": 42}, "prompt_tokens": 184, "completion_tokens": 136, "total_tokens": 320, "token_count_source": "tokenizer", "diffusion_steps": null, "flops_estimate": null, "flops_arch": null, "flops_model_params": null, "flops_active_params": null, "tokens_non_final": 10, "tokens_reasoning": 0, "tokens_response": 10, "elapsed_seconds": 51.670125007629395, "judgement": "Good approximation"}
{"id": "basket_sum_001231", "topic": "basket_sum", "subtopic": "decimal_prices", "prompt": "You’re buying 5 items: $4.51, $9.17, $1.90, $5.25, $12.09. About how much will you pay (before tax)?", "exact_value": 32.92, "model": "Dream-org/Dream-v0-Instruct-7B", "provider": "transformers", "response": "10's multiple.<|im_end|>\n<|im_start|>assistant\nFinal answer: 30", "numeric_answer": 30.0, "relative_error": 0.08869987849331717, "thinking_text": null, "has_tool_call": false, "tool_call": null, "usage": {"prompt_tokens": 190, "completion_tokens": 130, "total_tokens": 320, "token_count_source": "tokenizer"}, "decoding": {"temperature": 0.2, "top_p": null, "top_k": null, "max_tokens": 120, "seed": 42}, "prompt_tokens": 190, "completion_tokens": 130, "total_tokens": 320, "token_count_source": "tokenizer", "diffusion_steps": null, "flops_estimate": null, "flops_arch": null, "flops_model_params": null, "flops_active_params": null, "tokens_non_final": 6, "tokens_reasoning": 0, "tokens_response": 6, "elapsed_seconds": 51.670125007629395, "judgement": "Good approximation"}
{"id": "basket_sum_001251", "topic": "basket_sum", "subtopic": "decimal_prices", "prompt": "You’re buying 5 items: $3.91, $8.11, $15.11, $18.54, $3.32. About how much will you pay (before tax)?", "exact_value": 48.99, "model": "Dream-org/Dream-v0-Instruct-7B", "provider": "transformers", "response": "0's multiple.<|im_end|>\n<|im_start|>assistant\nFinal answer:", "numeric_answer": 0.0, "relative_error": 1.0, "thinking_text": null, "has_tool_call": false, "tool_call": null, "usage": {"prompt_tokens": 191, "completion_tokens": 129, "total_tokens": 320, "token_count_source": "tokenizer"}, "decoding": {"temperature": 0.2, "top_p": null, "top_k": null, "max_tokens": 120, "seed": 42}, "prompt_tokens": 191, "completion_tokens": 129, "total_tokens": 320, "token_count_source": "tokenizer", "diffusion_steps": null, "flops_estimate": null, "flops_arch": null, "flops_model_params": null, "flops_active_params": null, "tokens_non_final": 5, "tokens_reasoning": 0, "tokens_response": 5, "elapsed_seconds": 51.670125007629395, "judgement": "Way off"}
{"id": "basket_sum_001271", "topic": "basket_sum", "subtopic": "decimal_prices", "prompt": "You’re buying 6 items: $11.14, $3.12, $17.66, $16.12, $12.45, $13.45. About how much will you pay (before tax)?", "exact_value": 73.94, "model": "Dream-org/Dream-v0-Instruct-7B", "provider": "transformers", "response": "Final answer: 65", "numeric_answer": 65.0, "relative_error": 0.12090884500946711, "thinking_text": null, "has_tool_call": false, "tool_call": null, "usage": {"prompt_tokens": 200, "completion_tokens": 120, "total_tokens": 320, "token_count_source": "tokenizer"}, "decoding": {"temperature": 0.2, "top_p": null, "top_k": null, "max_tokens": 120, "seed": 42}, "prompt_tokens": 200, "completion_tokens": 120, "total_tokens": 320, "token_count_source": "tokenizer", "diffusion_steps": null, "flops_estimate": null, "flops_arch": null, "flops_model_params": null, "flops_active_params": null, "tokens_non_final": 3, "tokens_reasoning": 0, "tokens_response": 3, "elapsed_seconds": 51.670125007629395, "judgement": "Good approximation"}
{"id": "basket_sum_001291", "topic": "basket_sum", "subtopic": "decimal_prices", "prompt": "You’re buying 5 items: $18.82, $5.77, $12.43, $2.83, $5.24. About how much will you pay (before tax)?", "exact_value": 45.09, "model": "Dream-org/Dream-v0-Instruct-7B", "provider": "transformers", "response": "assistant\nFinal answer: 40.", "numeric_answer": 40.0, "relative_error": 0.11288534043025068, "thinking_text": null, "has_tool_call": false, "tool_call": null, "usage": {"prompt_tokens": 191, "completion_tokens": 122, "total_tokens": 313, "token_count_source": "tokenizer"}, "decoding": {"temperature": 0.2, "top_p": null, "top_k": null, "max_tokens": 120, "seed": 42}, "prompt_tokens": 191, "completion_tokens": 122, "total_tokens": 313, "token_count_source": "tokenizer", "diffusion_steps": null, "flops_estimate": null, "flops_arch": null, "flops_model_params": null, "flops_active_params": null, "tokens_non_final": 4, "tokens_reasoning": 0, "tokens_response": 4, "elapsed_seconds": 51.45280909538269, "judgement": "Good approximation"}
{"id": "basket_sum_001311", "topic": "basket_sum", "subtopic": "decimal_prices", "prompt": "You’re buying 5 items: $13.47, $7.46, $8.43, $3.25, $17.73. About how much will you pay (before tax)?", "exact_value": 50.34, "model": "Dream-org/Dream-v0-Instruct-7B", "provider": "transformers", "response": "assistant\nFinal answer: 40", "numeric_answer": 40.0, "relative_error": 0.20540325784664287, "thinking_text": null, "has_tool_call": false, "tool_call": null, "usage": {"prompt_tokens": 191, "completion_tokens": 122, "total_tokens": 313, "token_count_source": "tokenizer"}, "decoding": {"temperature": 0.2, "top_p": null, "top_k": null, "max_tokens": 120, "seed": 42}, "prompt_tokens": 191, "completion_tokens": 122, "total_tokens": 313, "token_count_source": "tokenizer", "diffusion_steps": null, "flops_estimate": null, "flops_arch": null, "flops_model_params": null, "flops_active_params": null, "tokens_non_final": 4, "tokens_reasoning": 0, "tokens_response": 4, "elapsed_seconds": 51.45280909538269, "judgement": "Mildly off"}
{"id": "basket_sum_001331", "topic": "basket_sum", "subtopic": "decimal_prices", "prompt": "You’re buying 3 items: $9.47, $11.89, $1.27. About how much will you pay (before tax)?", "exact_value": 22.63, "model": "Dream-org/Dream-v0-Instruct-7B", "provider": "transformers", "response": "nearly 5 or 10's multiple.<|im_end|>\n<|im_start|>assistant\nFinal answer: 22", "numeric_answer": 22.0, "relative_error": 0.027839151568714054, "thinking_text": null, "has_tool_call": false, "tool_call": null, "usage": {"prompt_tokens": 178, "completion_tokens": 135, "total_tokens": 313, "token_count_source": "tokenizer"}, "decoding": {"temperature": 0.2, "top_p": null, "top_k": null, "max_tokens": 120, "seed": 42}, "prompt_tokens": 178, "completion_tokens": 135, "total_tokens": 313, "token_count_source": "tokenizer", "diffusion_steps": null, "flops_estimate": null, "flops_arch": null, "flops_model_params": null, "flops_active_params": null, "tokens_non_final": 9, "tokens_reasoning": 0, "tokens_response": 9, "elapsed_seconds": 51.45280909538269, "judgement": "Good approximation"}
{"id": "basket_sum_001351", "topic": "basket_sum", "subtopic": "decimal_prices", "prompt": "You’re buying 5 items: $7.84, $15.52, $18.73, $11.56, $13.11. About how much will you pay (before tax)?", "exact_value": 66.76, "model": "Dream-org/Dream-v0-Instruct-7B", "provider": "transformers", "response": "Final answer: 60", "numeric_answer": 60.0, "relative_error": 0.10125823846614747, "thinking_text": null, "has_tool_call": false, "tool_call": null, "usage": {"prompt_tokens": 193, "completion_tokens": 120, "total_tokens": 313, "token_count_source": "tokenizer"}, "decoding": {"temperature": 0.2, "top_p": null, "top_k": null, "max_tokens": 120, "seed": 42}, "prompt_tokens": 193, "completion_tokens": 120, "total_tokens": 313, "token_count_source": "tokenizer", "diffusion_steps": null, "flops_estimate": null, "flops_arch": null, "flops_model_params": null, "flops_active_params": null, "tokens_non_final": 3, "tokens_reasoning": 0, "tokens_response": 3, "elapsed_seconds": 51.45280909538269, "judgement": "Good approximation"}
{"id": "basket_sum_001371", "topic": "basket_sum", "subtopic": "decimal_prices", "prompt": "You’re buying 3 items: $1.87, $13.03, $1.99. About how much will you pay (before tax)?", "exact_value": 16.89, "model": "Dream-org/Dream-v0-Instruct-7B", "provider": "transformers", "response": "5 or 10's multiple.<|im_end|>\n<|im_start|>assistant\nFinal answer: 17", "numeric_answer": 17.0, "relative_error": 0.006512729425695644, "thinking_text": null, "has_tool_call": false, "tool_call": null, "usage": {"prompt_tokens": 178, "completion_tokens": 133, "total_tokens": 311, "token_count_source": "tokenizer"}, "decoding": {"temperature": 0.2, "top_p": null, "top_k": null, "max_tokens": 120, "seed": 42}, "prompt_tokens": 178, "completion_tokens": 133, "total_tokens": 311, "token_count_source": "tokenizer", "diffusion_steps": null, "flops_estimate": null, "flops_arch": null, "flops_model_params": null, "flops_active_params": null, "tokens_non_final": 8, "tokens_reasoning": 0, "tokens_response": 8, "elapsed_seconds": 51.26829719543457, "judgement": "Good approximation"}
{"id": "basket_sum_001391", "topic": "basket_sum", "subtopic": "decimal_prices", "prompt": "You’re buying 5 items: $7.94, $8.05, $12.09, $1.44, $14.25. About how much will you pay (before tax)?", "exact_value": 43.77, "model": "Dream-org/Dream-v0-Instruct-7B", "provider": "transformers", "response": "Final answer: 4", "numeric_answer": 4.0, "relative_error": 0.9086132053918209, "thinking_text": null, "has_tool_call": false, "tool_call": null, "usage": {"prompt_tokens": 191, "completion_tokens": 120, "total_tokens": 311, "token_count_source": "tokenizer"}, "decoding": {"temperature": 0.2, "top_p": null, "top_k": null, "max_tokens": 120, "seed": 42}, "prompt_tokens": 191, "completion_tokens": 120, "total_tokens": 311, "token_count_source": "tokenizer", "diffusion_steps": null, "flops_estimate": null, "flops_arch": null, "flops_model_params": null, "flops_active_params": null, "tokens_non_final": 3, "tokens_reasoning": 0, "tokens_response": 3, "elapsed_seconds": 51.26829719543457, "judgement": "Way off"}
{"id": "basket_sum_001411", "topic": "basket_sum", "subtopic": "decimal_prices", "prompt": "You’re buying 4 items: $6.59, $2.57, $8.16, $4.24. About how much will you pay (before tax)?", "exact_value": 21.56, "model": "Dream-org/Dream-v0-Instruct-7B", "provider": "transformers", "response": "'s multiple.<|im_end|>\n<|im_start|>assistant\nFinal answer: 20", "numeric_answer": 20.0, "relative_error": 0.07235621521335801, "thinking_text": null, "has_tool_call": false, "tool_call": null, "usage": {"prompt_tokens": 183, "completion_tokens": 128, "total_tokens": 311, "token_count_source": "tokenizer"}, "decoding": {"temperature": 0.2, "top_p": null, "top_k": null, "max_tokens": 120, "seed": 42}, "prompt_tokens": 183, "completion_tokens": 128, "total_tokens": 311, "token_count_source": "tokenizer", "diffusion_steps": null, "flops_estimate": null, "flops_arch": null, "flops_model_params": null, "flops_active_params": null, "tokens_non_final": 6, "tokens_reasoning": 0, "tokens_response": 6, "elapsed_seconds": 51.26829719543457, "judgement": "Good approximation"}
{"id": "basket_sum_001431", "topic": "basket_sum", "subtopic": "decimal_prices", "prompt": "You’re buying 4 items: $11.75, $19.89, $12.61, $11.14. About how much will you pay (before tax)?", "exact_value": 55.39, "model": "Dream-org/Dream-v0-Instruct-7B", "provider": "transformers", "response": "<|im_start|>assistant\nFinal answer: 46", "numeric_answer": 46.0, "relative_error": 0.16952518505145334, "thinking_text": null, "has_tool_call": false, "tool_call": null, "usage": {"prompt_tokens": 187, "completion_tokens": 124, "total_tokens": 311, "token_count_source": "tokenizer"}, "decoding": {"temperature": 0.2, "top_p": null, "top_k": null, "max_tokens": 120, "seed": 42}, "prompt_tokens": 187, "completion_tokens": 124, "total_tokens": 311, "token_count_source": "tokenizer", "diffusion_steps": null, "flops_estimate": null, "flops_arch": null, "flops_model_params": null, "flops_active_params": null, "tokens_non_final": 4, "tokens_reasoning": 0, "tokens_response": 4, "elapsed_seconds": 51.26829719543457, "judgement": "Good approximation"}
{"id": "basket_sum_001451", "topic": "basket_sum", "subtopic": "decimal_prices", "prompt": "You’re buying 6 items: $19.50, $8.67, $13.01, $12.67, $3.45, $12.69. About how much will you pay (before tax)?", "exact_value": 69.99, "model": "Dream-org/Dream-v0-Instruct-7B", "provider": "transformers", "response": "Final answer: 70", "numeric_answer": 70.0, "relative_error": 0.00014287755393634972, "thinking_text": null, "has_tool_call": false, "tool_call": null, "usage": {"prompt_tokens": 199, "completion_tokens": 120, "total_tokens": 319, "token_count_source": "tokenizer"}, "decoding": {"temperature": 0.2, "top_p": null, "top_k": null, "max_tokens": 120, "seed": 42}, "prompt_tokens": 199, "completion_tokens": 120, "total_tokens": 319, "token_count_source": "tokenizer", "diffusion_steps": null, "flops_estimate": null, "flops_arch": null, "flops_model_params": null, "flops_active_params": null, "tokens_non_final": 3, "tokens_reasoning": 0, "tokens_response": 3, "elapsed_seconds": 51.66288995742798, "judgement": "Good approximation"}
{"id": "basket_sum_001471", "topic": "basket_sum", "subtopic": "decimal_prices", "prompt": "You’re buying 5 items: $9.92, $9.24, $6.45, $15.07, $14.14. About how much will you pay (before tax)?", "exact_value": 54.82, "model": "Dream-org/Dream-v0-Instruct-7B", "provider": "transformers", "response": "'s multiple.<|im_end|>\n<|im_start|>assistant\nFinal answer: 50", "numeric_answer": 50.0, "relative_error": 0.08792411528639184, "thinking_text": null, "has_tool_call": false, "tool_call": null, "usage": {"prompt_tokens": 191, "completion_tokens": 128, "total_tokens": 319, "token_count_source": "tokenizer"}, "decoding": {"temperature": 0.2, "top_p": null, "top_k": null, "max_tokens": 120, "seed": 42}, "prompt_tokens": 191, "completion_tokens": 128, "total_tokens": 319, "token_count_source": "tokenizer", "diffusion_steps": null, "flops_estimate": null, "flops_arch": null, "flops_model_params": null, "flops_active_params": null, "tokens_non_final": 6, "tokens_reasoning": 0, "tokens_response": 6, "elapsed_seconds": 51.66288995742798, "judgement": "Good approximation"}
{"id": "basket_sum_001491", "topic": "basket_sum", "subtopic": "decimal_prices", "prompt": "You’re buying 6 items: $10.66, $19.06, $6.54, $17.44, $5.57, $6.08. About how much will you pay (before tax)?", "exact_value": 65.35, "model": "Dream-org/Dream-v0-Instruct-7B", "provider": "transformers", "response": "Final answer: 60", "numeric_answer": 60.0, "relative_error": 0.08186687069625087, "thinking_text": null, "has_tool_call": false, "tool_call": null, "usage": {"prompt_tokens": 198, "completion_tokens": 121, "total_tokens": 319, "token_count_source": "tokenizer"}, "decoding": {"temperature": 0.2, "top_p": null, "top_k": null, "max_tokens": 120, "seed": 42}, "prompt_tokens": 198, "completion_tokens": 121, "total_tokens": 319, "token_count_source": "tokenizer", "diffusion_steps": null, "flops_estimate": null, "flops_arch": null, "flops_model_params": null, "flops_active_params": null, "tokens_non_final": 3, "tokens_reasoning": 0, "tokens_response": 3, "elapsed_seconds": 51.66288995742798, "judgement": "Good approximation"}
{"id": "basket_sum_001511", "topic": "basket_sum", "subtopic": "decimal_prices", "prompt": "You’re buying 3 items: $3.49, $15.57, $17.51. About how much will you pay (before tax)?", "exact_value": 36.57, "model": "Dream-org/Dream-v0-Instruct-7B", "provider": "transformers", "response": "an integer, round to nearly 5 or 10's multiple.<|im_end|>\n<|im_start|>assistant\nFinal answer: 36", "numeric_answer": 36.0, "relative_error": 0.015586546349466783, "thinking_text": null, "has_tool_call": false, "tool_call": null, "usage": {"prompt_tokens": 179, "completion_tokens": 140, "total_tokens": 319, "token_count_source": "tokenizer"}, "decoding": {"temperature": 0.2, "top_p": null, "top_k": null, "max_tokens": 120, "seed": 42}, "prompt_tokens": 179, "completion_tokens": 140, "total_tokens": 319, "token_count_source": "tokenizer", "diffusion_steps": null, "flops_estimate": null, "flops_arch": null, "flops_model_params": null, "flops_active_params": null, "tokens_non_final": 13, "tokens_reasoning": 0, "tokens_response": 13, "elapsed_seconds": 51.66288995742798, "judgement": "Good approximation"}
{"id": "basket_sum_001531", "topic": "basket_sum", "subtopic": "decimal_prices", "prompt": "You’re buying 3 items: $9.37, $8.45, $4.74. About how much will you pay (before tax)?", "exact_value": 22.56, "model": "Dream-org/Dream-v0-Instruct-7B", "provider": "transformers", "response": "'s multiple.<|im_end|>\n<|im_start|>assistant\nFinal answer:", "numeric_answer": null, "relative_error": null, "thinking_text": null, "has_tool_call": false, "tool_call": null, "usage": {"prompt_tokens": 177, "completion_tokens": 128, "total_tokens": 305, "token_count_source": "tokenizer"}, "decoding": {"temperature": 0.2, "top_p": null, "top_k": null, "max_tokens": 120, "seed": 42}, "prompt_tokens": 177, "completion_tokens": 128, "total_tokens": 305, "token_count_source": "tokenizer", "diffusion_steps": null, "flops_estimate": null, "flops_arch": null, "flops_model_params": null, "flops_active_params": null, "tokens_non_final": 5, "tokens_reasoning": 0, "tokens_response": 5, "elapsed_seconds": 50.91193914413452, "judgement": "Uncategorized"}
{"id": "basket_sum_001551", "topic": "basket_sum", "subtopic": "decimal_prices", "prompt": "You’re buying 4 items: $3.21, $10.67, $16.25, $3.53. About how much will you pay (before tax)?", "exact_value": 33.66, "model": "Dream-org/Dream-v0-Instruct-7B", "provider": "transformers", "response": "Final answer:", "numeric_answer": null, "relative_error": null, "thinking_text": null, "has_tool_call": false, "tool_call": null, "usage": {"prompt_tokens": 185, "completion_tokens": 120, "total_tokens": 305, "token_count_source": "tokenizer"}, "decoding": {"temperature": 0.2, "top_p": null, "top_k": null, "max_tokens": 120, "seed": 42}, "prompt_tokens": 185, "completion_tokens": 120, "total_tokens": 305, "token_count_source": "tokenizer", "diffusion_steps": null, "flops_estimate": null, "flops_arch": null, "flops_model_params": null, "flops_active_params": null, "tokens_non_final": 2, "tokens_reasoning": 0, "tokens_response": 2, "elapsed_seconds": 50.91193914413452, "judgement": "Uncategorized"}
{"id": "basket_sum_001571", "topic": "basket_sum", "subtopic": "decimal_prices", "prompt": "You’re buying 3 items: $19.20, $19.01, $6.48. About how much will you pay (before tax)?", "exact_value": 44.69, "model": "Dream-org/Dream-v0-Instruct-7B", "provider": "transformers", "response": ".<|im_end|>\n<|im_start|>assistant\nFinal answer: 44", "numeric_answer": 44.0, "relative_error": 0.015439695681360433, "thinking_text": null, "has_tool_call": false, "tool_call": null, "usage": {"prompt_tokens": 179, "completion_tokens": 126, "total_tokens": 305, "token_count_source": "tokenizer"}, "decoding": {"temperature": 0.2, "top_p": null, "top_k": null, "max_tokens": 120, "seed": 42}, "prompt_tokens": 179, "completion_tokens": 126, "total_tokens": 305, "token_count_source": "tokenizer", "diffusion_steps": null, "flops_estimate": null, "flops_arch": null, "flops_model_params": null, "flops_active_params": null, "tokens_non_final": 5, "tokens_reasoning": 0, "tokens_response": 5, "elapsed_seconds": 50.91193914413452, "judgement": "Good approximation"}
{"id": "basket_sum_001591", "topic": "basket_sum", "subtopic": "decimal_prices", "prompt": "You’re buying 3 items: $7.46, $15.92, $17.15. About how much will you pay (before tax)?", "exact_value": 40.53, "model": "Dream-org/Dream-v0-Instruct-7B", "provider": "transformers", "response": ".<|im_end|>\n<|im_start|>assistant\nFinal answer: 40", "numeric_answer": 40.0, "relative_error": 0.013076733283987198, "thinking_text": null, "has_tool_call": false, "tool_call": null, "usage": {"prompt_tokens": 179, "completion_tokens": 126, "total_tokens": 305, "token_count_source": "tokenizer"}, "decoding": {"temperature": 0.2, "top_p": null, "top_k": null, "max_tokens": 120, "seed": 42}, "prompt_tokens": 179, "completion_tokens": 126, "total_tokens": 305, "token_count_source": "tokenizer", "diffusion_steps": null, "flops_estimate": null, "flops_arch": null, "flops_model_params": null, "flops_active_params": null, "tokens_non_final": 5, "tokens_reasoning": 0, "tokens_response": 5, "elapsed_seconds": 50.91193914413452, "judgement": "Good approximation"}
{"id": "basket_sum_001611", "topic": "basket_sum", "subtopic": "decimal_prices", "prompt": "You’re buying 5 items: $9.07, $7.79, $18.56, $5.30, $11.17. About how much will you pay (before tax)?", "exact_value": 51.89, "model": "Dream-org/Dream-v0-Instruct-7B", "provider": "transformers", "response": "multiple.<|im_end|>\n<|im_start|>assistant\nFinal answer: 50.00", "numeric_answer": 50.0, "relative_error": 0.03642320292927347, "thinking_text": null, "has_tool_call": false, "tool_call": null, "usage": {"prompt_tokens": 191, "completion_tokens": 127, "total_tokens": 318, "token_count_source": "tokenizer"}, "decoding": {"temperature": 0.2, "top_p": null, "top_k": null, "max_tokens": 120, "seed": 42}, "prompt_tokens": 191, "completion_tokens": 127, "total_tokens": 318, "token_count_source": "tokenizer", "diffusion_steps": null, "flops_estimate": null, "flops_arch": null, "flops_model_params": null, "flops_active_params": null, "tokens_non_final": 5, "tokens_reasoning": 0, "tokens_response": 5, "elapsed_seconds": 51.694769620895386, "judgement": "Good approximation"}
{"id": "basket_sum_001631", "topic": "basket_sum", "subtopic": "decimal_prices", "prompt": "You’re buying 5 items: $1.32, $18.17, $11.61, $17.29, $19.14. About how much will you pay (before tax)?", "exact_value": 67.53, "model": "Dream-org/Dream-v0-Instruct-7B", "provider": "transformers", "response": "<|im_end|>\n<|im_start|>assistant\nFinal answer: 60", "numeric_answer": 60.0, "relative_error": 0.111505997334518, "thinking_text": null, "has_tool_call": false, "tool_call": null, "usage": {"prompt_tokens": 193, "completion_tokens": 125, "total_tokens": 318, "token_count_source": "tokenizer"}, "decoding": {"temperature": 0.2, "top_p": null, "top_k": null, "max_tokens": 120, "seed": 42}, "prompt_tokens": 193, "completion_tokens": 125, "total_tokens": 318, "token_count_source": "tokenizer", "diffusion_steps": null, "flops_estimate": null, "flops_arch": null, "flops_model_params": null, "flops_active_params": null, "tokens_non_final": 5, "tokens_reasoning": 0, "tokens_response": 5, "elapsed_seconds": 51.694769620895386, "judgement": "Good approximation"}
{"id": "basket_sum_001651", "topic": "basket_sum", "subtopic": "decimal_prices", "prompt": "You’re buying 6 items: $4.75, $14.03, $18.54, $0.88, $5.41, $16.41. About how much will you pay (before tax)?", "exact_value": 60.02, "model": "Dream-org/Dream-v0-Instruct-7B", "provider": "transformers", "response": "Final answer:", "numeric_answer": null, "relative_error": null, "thinking_text": null, "has_tool_call": false, "tool_call": null, "usage": {"prompt_tokens": 198, "completion_tokens": 120, "total_tokens": 318, "token_count_source": "tokenizer"}, "decoding": {"temperature": 0.2, "top_p": null, "top_k": null, "max_tokens": 120, "seed": 42}, "prompt_tokens": 198, "completion_tokens": 120, "total_tokens": 318, "token_count_source": "tokenizer", "diffusion_steps": null, "flops_estimate": null, "flops_arch": null, "flops_model_params": null, "flops_active_params": null, "tokens_non_final": 2, "tokens_reasoning": 0, "tokens_response": 2, "elapsed_seconds": 51.694769620895386, "judgement": "Uncategorized"}
{"id": "basket_sum_001671", "topic": "basket_sum", "subtopic": "decimal_prices", "prompt": "You’re buying 4 items: $14.69, $6.97, $1.53, $18.10. About how much will you pay (before tax)?", "exact_value": 41.29, "model": "Dream-org/Dream-v0-Instruct-7B", "provider": "transformers", "response": "5 or 10's multiple.<|im_end|>\n<|im_start|>assistant\nFinal answer: 40", "numeric_answer": 40.0, "relative_error": 0.03124243158149671, "thinking_text": null, "has_tool_call": false, "tool_call": null, "usage": {"prompt_tokens": 185, "completion_tokens": 133, "total_tokens": 318, "token_count_source": "tokenizer"}, "decoding": {"temperature": 0.2, "top_p": null, "top_k": null, "max_tokens": 120, "seed": 42}, "prompt_tokens": 185, "completion_tokens": 133, "total_tokens": 318, "token_count_source": "tokenizer", "diffusion_steps": null, "flops_estimate": null, "flops_arch": null, "flops_model_params": null, "flops_active_params": null, "tokens_non_final": 8, "tokens_reasoning": 0, "tokens_response": 8, "elapsed_seconds": 51.694769620895386, "judgement": "Good approximation"}
{"id": "basket_sum_001691", "topic": "basket_sum", "subtopic": "decimal_prices", "prompt": "You’re buying 3 items: $7.15, $2.52, $18.68. About how much will you pay (before tax)?", "exact_value": 28.35, "model": "Dream-org/Dream-v0-Instruct-7B", "provider": "transformers", "response": "an integer, round to nearly 5 or 10's multiple.<|im_end|>\n<|im_start|>assistant\nFinal answer: 25", "numeric_answer": 25.0, "relative_error": 0.11816578483245155, "thinking_text": null, "has_tool_call": false, "tool_call": null, "usage": {"prompt_tokens": 178, "completion_tokens": 140, "total_tokens": 318, "token_count_source": "tokenizer"}, "decoding": {"temperature": 0.2, "top_p": null, "top_k": null, "max_tokens": 120, "seed": 42}, "prompt_tokens": 178, "completion_tokens": 140, "total_tokens": 318, "token_count_source": "tokenizer", "diffusion_steps": null, "flops_estimate": null, "flops_arch": null, "flops_model_params": null, "flops_active_params": null, "tokens_non_final": 13, "tokens_reasoning": 0, "tokens_response": 13, "elapsed_seconds": 51.63753819465637, "judgement": "Good approximation"}
{"id": "basket_sum_001711", "topic": "basket_sum", "subtopic": "decimal_prices", "prompt": "You’re buying 3 items: $16.26, $18.33, $17.33. About how much will you pay (before tax)?", "exact_value": 51.92, "model": "Dream-org/Dream-v0-Instruct-7B", "provider": "transformers", "response": ", round to nearly 5 or 10's multiple.<|im_end|>\n<|im_start|>assistant\nFinal answer: 52", "numeric_answer": 52.0, "relative_error": 0.0015408320493065927, "thinking_text": null, "has_tool_call": false, "tool_call": null, "usage": {"prompt_tokens": 180, "completion_tokens": 138, "total_tokens": 318, "token_count_source": "tokenizer"}, "decoding": {"temperature": 0.2, "top_p": null, "top_k": null, "max_tokens": 120, "seed": 42}, "prompt_tokens": 180, "completion_tokens": 138, "total_tokens": 318, "token_count_source": "tokenizer", "diffusion_steps": null, "flops_estimate": null, "flops_arch": null, "flops_model_params": null, "flops_active_params": null, "tokens_non_final": 12, "tokens_reasoning": 0, "tokens_response": 12, "elapsed_seconds": 51.63753819465637, "judgement": "Good approximation"}
{"id": "basket_sum_001731", "topic": "basket_sum", "subtopic": "decimal_prices", "prompt": "You’re buying 6 items: $7.02, $16.08, $18.94, $8.53, $17.47, $9.71. About how much will you pay (before tax)?", "exact_value": 77.75, "model": "Dream-org/Dream-v0-Instruct-7B", "provider": "transformers", "response": "Final answer: 70", "numeric_answer": 70.0, "relative_error": 0.09967845659163987, "thinking_text": null, "has_tool_call": false, "tool_call": null, "usage": {"prompt_tokens": 198, "completion_tokens": 120, "total_tokens": 318, "token_count_source": "tokenizer"}, "decoding": {"temperature": 0.2, "top_p": null, "top_k": null, "max_tokens": 120, "seed": 42}, "prompt_tokens": 198, "completion_tokens": 120, "total_tokens": 318, "token_count_source": "tokenizer", "diffusion_steps": null, "flops_estimate": null, "flops_arch": null, "flops_model_params": null, "flops_active_params": null, "tokens_non_final": 3, "tokens_reasoning": 0, "tokens_response": 3, "elapsed_seconds": 51.63753819465637, "judgement": "Good approximation"}
{"id": "basket_sum_001751", "topic": "basket_sum", "subtopic": "decimal_prices", "prompt": "You’re buying 5 items: $16.63, $10.06, $3.60, $6.03, $6.93. About how much will you pay (before tax)?", "exact_value": 43.25, "model": "Dream-org/Dream-v0-Instruct-7B", "provider": "transformers", "response": "multiple.<|im_end|>\n<|im_start|>assistant\nFinal answer: 40", "numeric_answer": 40.0, "relative_error": 0.07514450867052024, "thinking_text": null, "has_tool_call": false, "tool_call": null, "usage": {"prompt_tokens": 191, "completion_tokens": 127, "total_tokens": 318, "token_count_source": "tokenizer"}, "decoding": {"temperature": 0.2, "top_p": null, "top_k": null, "max_tokens": 120, "seed": 42}, "prompt_tokens": 191, "completion_tokens": 127, "total_tokens": 318, "token_count_source": "tokenizer", "diffusion_steps": null, "flops_estimate": null, "flops_arch": null, "flops_model_params": null, "flops_active_params": null, "tokens_non_final": 5, "tokens_reasoning": 0, "tokens_response": 5, "elapsed_seconds": 51.63753819465637, "judgement": "Good approximation"}
{"id": "basket_sum_001771", "topic": "basket_sum", "subtopic": "decimal_prices", "prompt": "You’re buying 3 items: $10.59, $6.35, $1.24. About how much will you pay (before tax)?", "exact_value": 18.18, "model": "Dream-org/Dream-v0-Instruct-7B", "provider": "transformers", "response": "an integer, round to nearly 5 or 10's multiple.<|im_end|>\n<|im_start|>assistant\nFinal answer: 18", "numeric_answer": 18.0, "relative_error": 0.009900990099009885, "thinking_text": null, "has_tool_call": false, "tool_call": null, "usage": {"prompt_tokens": 178, "completion_tokens": 140, "total_tokens": 318, "token_count_source": "tokenizer"}, "decoding": {"temperature": 0.2, "top_p": null, "top_k": null, "max_tokens": 120, "seed": 42}, "prompt_tokens": 178, "completion_tokens": 140, "total_tokens": 318, "token_count_source": "tokenizer", "diffusion_steps": null, "flops_estimate": null, "flops_arch": null, "flops_model_params": null, "flops_active_params": null, "tokens_non_final": 13, "tokens_reasoning": 0, "tokens_response": 13, "elapsed_seconds": 51.67394518852234, "judgement": "Good approximation"}
{"id": "basket_sum_001791", "topic": "basket_sum", "subtopic": "decimal_prices", "prompt": "You’re buying 6 items: $4.14, $2.95, $14.71, $9.53, $17.81, $14.13. About how much will you pay (before tax)?", "exact_value": 63.27, "model": "Dream-org/Dream-v0-Instruct-7B", "provider": "transformers", "response": "Final answer: 5 deportes", "numeric_answer": 5.0, "relative_error": 0.9209736051841315, "thinking_text": null, "has_tool_call": false, "tool_call": null, "usage": {"prompt_tokens": 198, "completion_tokens": 120, "total_tokens": 318, "token_count_source": "tokenizer"}, "decoding": {"temperature": 0.2, "top_p": null, "top_k": null, "max_tokens": 120, "seed": 42}, "prompt_tokens": 198, "completion_tokens": 120, "total_tokens": 318, "token_count_source": "tokenizer", "diffusion_steps": null, "flops_estimate": null, "flops_arch": null, "flops_model_params": null, "flops_active_params": null, "tokens_non_final": 4, "tokens_reasoning": 0, "tokens_response": 4, "elapsed_seconds": 51.67394518852234, "judgement": "Way off"}
{"id": "basket_sum_001811", "topic": "basket_sum", "subtopic": "decimal_prices", "prompt": "You’re buying 3 items: $10.30, $18.37, $14.13. About how much will you pay (before tax)?", "exact_value": 42.8, "model": "Dream-org/Dream-v0-Instruct-7B", "provider": "transformers", "response": ", round to nearly 5 or 10's multiple.<|im_end|>\n<|im_start|>assistant\nFinal answer: 43", "numeric_answer": 43.0, "relative_error": 0.004672897196261749, "thinking_text": null, "has_tool_call": false, "tool_call": null, "usage": {"prompt_tokens": 180, "completion_tokens": 138, "total_tokens": 318, "token_count_source": "tokenizer"}, "decoding": {"temperature": 0.2, "top_p": null, "top_k": null, "max_tokens": 120, "seed": 42}, "prompt_tokens": 180, "completion_tokens": 138, "total_tokens": 318, "token_count_source": "tokenizer", "diffusion_steps": null, "flops_estimate": null, "flops_arch": null, "flops_model_params": null, "flops_active_params": null, "tokens_non_final": 12, "tokens_reasoning": 0, "tokens_response": 12, "elapsed_seconds": 51.67394518852234, "judgement": "Good approximation"}
{"id": "basket_sum_001831", "topic": "basket_sum", "subtopic": "decimal_prices", "prompt": "You’re buying 3 items: $9.20, $7.83, $14.21. About how much will you pay (before tax)?", "exact_value": 31.24, "model": "Dream-org/Dream-v0-Instruct-7B", "provider": "transformers", "response": "an integer, round to nearly 5 or 10's multiple.<|im_end|>\n<|im_start|>assistant\nFinal answer: 31", "numeric_answer": 31.0, "relative_error": 0.007682458386683689, "thinking_text": null, "has_tool_call": false, "tool_call": null, "usage": {"prompt_tokens": 178, "completion_tokens": 140, "total_tokens": 318, "token_count_source": "tokenizer"}, "decoding": {"temperature": 0.2, "top_p": null, "top_k": null, "max_tokens": 120, "seed": 42}, "prompt_tokens": 178, "completion_tokens": 140, "total_tokens": 318, "token_count_source": "tokenizer", "diffusion_steps": null, "flops_estimate": null, "flops_arch": null, "flops_model_params": null, "flops_active_params": null, "tokens_non_final": 13, "tokens_reasoning": 0, "tokens_response": 13, "elapsed_seconds": 51.67394518852234, "judgement": "Good approximation"}
{"id": "basket_sum_001851", "topic": "basket_sum", "subtopic": "decimal_prices", "prompt": "You’re buying 5 items: $6.62, $11.07, $7.07, $6.71, $19.00. About how much will you pay (before tax)?", "exact_value": 50.47, "model": "Dream-org/Dream-v0-Instruct-7B", "provider": "transformers", "response": "Final answer: 49", "numeric_answer": 49.0, "relative_error": 0.029126213592232986, "thinking_text": null, "has_tool_call": false, "tool_call": null, "usage": {"prompt_tokens": 191, "completion_tokens": 121, "total_tokens": 312, "token_count_source": "tokenizer"}, "decoding": {"temperature": 0.2, "top_p": null, "top_k": null, "max_tokens": 120, "seed": 42}, "prompt_tokens": 191, "completion_tokens": 121, "total_tokens": 312, "token_count_source": "tokenizer", "diffusion_steps": null, "flops_estimate": null, "flops_arch": null, "flops_model_params": null, "flops_active_params": null, "tokens_non_final": 3, "tokens_reasoning": 0, "tokens_response": 3, "elapsed_seconds": 51.58807921409607, "judgement": "Good approximation"}
{"id": "basket_sum_001871", "topic": "basket_sum", "subtopic": "decimal_prices", "prompt": "You’re buying 5 items: $6.25, $5.41, $5.02, $12.38, $15.22. About how much will you pay (before tax)?", "exact_value": 44.28, "model": "Dream-org/Dream-v0-Instruct-7B", "provider": "transformers", "response": "Final answer: 40", "numeric_answer": 40.0, "relative_error": 0.09665763324299911, "thinking_text": null, "has_tool_call": false, "tool_call": null, "usage": {"prompt_tokens": 191, "completion_tokens": 121, "total_tokens": 312, "token_count_source": "tokenizer"}, "decoding": {"temperature": 0.2, "top_p": null, "top_k": null, "max_tokens": 120, "seed": 42}, "prompt_tokens": 191, "completion_tokens": 121, "total_tokens": 312, "token_count_source": "tokenizer", "diffusion_steps": null, "flops_estimate": null, "flops_arch": null, "flops_model_params": null, "flops_active_params": null, "tokens_non_final": 3, "tokens_reasoning": 0, "tokens_response": 3, "elapsed_seconds": 51.58807921409607, "judgement": "Good approximation"}
{"id": "discounts_000183", "topic": "discounts", "subtopic": "buy_n_get_m", "prompt": "Buy 4 get 1 free on items priced $5.05 each. You take 6 total. About how much do you pay?", "exact_value": 25.25, "model": "Dream-org/Dream-v0-Instruct-7B", "provider": "transformers", "response": "an integer, round to nearly 5 or 10's multiple.<|im_end|>\n<|im_start|>assistant\nFinal answer: 25", "numeric_answer": 25.0, "relative_error": 0.009900990099009901, "thinking_text": null, "has_tool_call": false, "tool_call": null, "usage": {"prompt_tokens": 172, "completion_tokens": 140, "total_tokens": 312, "token_count_source": "tokenizer"}, "decoding": {"temperature": 0.2, "top_p": null, "top_k": null, "max_tokens": 120, "seed": 42}, "prompt_tokens": 172, "completion_tokens": 140, "total_tokens": 312, "token_count_source": "tokenizer", "diffusion_steps": null, "flops_estimate": null, "flops_arch": null, "flops_model_params": null, "flops_active_params": null, "tokens_non_final": 13, "tokens_reasoning": 0, "tokens_response": 13, "elapsed_seconds": 51.58807921409607, "judgement": "Good approximation"}
{"id": "discounts_000203", "topic": "discounts", "subtopic": "threshold", "prompt": "Threshold coupon applies: $5 off $30+ spend. Cart: $27.77, $19.83, $30.00, $13.61. About how much do you pay?", "exact_value": 86.21, "model": "Dream-org/Dream-v0-Instruct-7B", "provider": "transformers", "response": "Final answer: 75", "numeric_answer": 75.0, "relative_error": 0.13003131887252053, "thinking_text": null, "has_tool_call": false, "tool_call": null, "usage": {"prompt_tokens": 192, "completion_tokens": 120, "total_tokens": 312, "token_count_source": "tokenizer"}, "decoding": {"temperature": 0.2, "top_p": null, "top_k": null, "max_tokens": 120, "seed": 42}, "prompt_tokens": 192, "completion_tokens": 120, "total_tokens": 312, "token_count_source": "tokenizer", "diffusion_steps": null, "flops_estimate": null, "flops_arch": null, "flops_model_params": null, "flops_active_params": null, "tokens_non_final": 3, "tokens_reasoning": 0, "tokens_response": 3, "elapsed_seconds": 51.58807921409607, "judgement": "Good approximation"}
{"id": "discounts_000223", "topic": "discounts", "subtopic": "threshold", "prompt": "Threshold coupon applies: $5 off $40+ spend. Cart: $7.86, $25.35, $26.15, $22.93, $33.93. About how much do you pay?", "exact_value": 111.22, "model": "Dream-org/Dream-v0-Instruct-7B", "provider": "transformers", "response": "Final answer: 90", "numeric_answer": 90.0, "relative_error": 0.19079302283761912, "thinking_text": null, "has_tool_call": false, "tool_call": null, "usage": {"prompt_tokens": 198, "completion_tokens": 120, "total_tokens": 318, "token_count_source": "tokenizer"}, "decoding": {"temperature": 0.2, "top_p": null, "top_k": null, "max_tokens": 120, "seed": 42}, "prompt_tokens": 198, "completion_tokens": 120, "total_tokens": 318, "token_count_source": "tokenizer", "diffusion_steps": null, "flops_estimate": null, "flops_arch": null, "flops_model_params": null, "flops_active_params": null, "tokens_non_final": 3, "tokens_reasoning": 0, "tokens_response": 3, "elapsed_seconds": 51.9764199256897, "judgement": "Good approximation"}
{"id": "discounts_000243", "topic": "discounts", "subtopic": "percent", "prompt": "Cart: $41.98, $22.60, $24.78, $44.56, $29.87. A 20% discount applies to everything. About how much do you pay?", "exact_value": 131.03, "model": "Dream-org/Dream-v0-Instruct-7B", "provider": "transformers", "response": "assistant\nFinal answer: 180", "numeric_answer": 180.0, "relative_error": 0.3737312065939098, "thinking_text": null, "has_tool_call": false, "tool_call": null, "usage": {"prompt_tokens": 196, "completion_tokens": 122, "total_tokens": 318, "token_count_source": "tokenizer"}, "decoding": {"temperature": 0.2, "top_p": null, "top_k": null, "max_tokens": 120, "seed": 42}, "prompt_tokens": 196, "completion_tokens": 122, "total_tokens": 318, "token_count_source": "tokenizer", "diffusion_steps": null, "flops_estimate": null, "flops_arch": null, "flops_model_params": null, "flops_active_params": null, "tokens_non_final": 4, "tokens_reasoning": 0, "tokens_response": 4, "elapsed_seconds": 51.9764199256897, "judgement": "Mildly off"}
{"id": "discounts_000263", "topic": "discounts", "subtopic": "stacked", "prompt": "Stacked deal: 20% off, then $10 coupon if you spend $50 or more. Cart: $24.93, $20.51, $23.47. About how much do you pay?", "exact_value": 45.13, "model": "Dream-org/Dream-v0-Instruct-7B", "provider": "transformers", "response": "assistant\nFinal answer: 50", "numeric_answer": 50.0, "relative_error": 0.10791048083314862, "thinking_text": null, "has_tool_call": false, "tool_call": null, "usage": {"prompt_tokens": 196, "completion_tokens": 122, "total_tokens": 318, "token_count_source": "tokenizer"}, "decoding": {"temperature": 0.2, "top_p": null, "top_k": null, "max_tokens": 120, "seed": 42}, "prompt_tokens": 196, "completion_tokens": 122, "total_tokens": 318, "token_count_source": "tokenizer", "diffusion_steps": null, "flops_estimate": null, "flops_arch": null, "flops_model_params": null, "flops_active_params": null, "tokens_non_final": 4, "tokens_reasoning": 0, "tokens_response": 4, "elapsed_seconds": 51.9764199256897, "judgement": "Good approximation"}
{"id": "discounts_000283", "topic": "discounts", "subtopic": "threshold", "prompt": "Threshold coupon applies: $15 off $30+ spend. Cart: $27.33, $21.91, $39.19, $18.59. About how much do you pay?", "exact_value": 92.02, "model": "Dream-org/Dream-v0-Instruct-7B", "provider": "transformers", "response": "<|im_end|>\n<|im_start|>assistant\nFinal answer: 90.", "numeric_answer": 90.0, "relative_error": 0.02195174961964786, "thinking_text": null, "has_tool_call": false, "tool_call": null, "usage": {"prompt_tokens": 193, "completion_tokens": 125, "total_tokens": 318, "token_count_source": "tokenizer"}, "decoding": {"temperature": 0.2, "top_p": null, "top_k": null, "max_tokens": 120, "seed": 42}, "prompt_tokens": 193, "completion_tokens": 125, "total_tokens": 318, "token_count_source": "tokenizer", "diffusion_steps": null, "flops_estimate": null, "flops_arch": null, "flops_model_params": null, "flops_active_params": null, "tokens_non_final": 5, "tokens_reasoning": 0, "tokens_response": 5, "elapsed_seconds": 51.9764199256897, "judgement": "Good approximation"}
{"id": "discounts_000303", "topic": "discounts", "subtopic": "threshold", "prompt": "Threshold coupon applies: $10 off $40+ spend. Cart: $36.04, $15.68, $34.87. About how much do you pay?", "exact_value": 76.59, "model": "Dream-org/Dream-v0-Instruct-7B", "provider": "transformers", "response": "doing arithmetic calculations.\nIf the number is already an integer, round to nearly 5 or 10's multiple.<|im_end|>\n<|im_start|>assistant\nFinal answer: 80", "numeric_answer": 80.0, "relative_error": 0.04452278365321839, "thinking_text": null, "has_tool_call": false, "tool_call": null, "usage": {"prompt_tokens": 186, "completion_tokens": 149, "total_tokens": 335, "token_count_source": "tokenizer"}, "decoding": {"temperature": 0.2, "top_p": null, "top_k": null, "max_tokens": 120, "seed": 42}, "prompt_tokens": 186, "completion_tokens": 149, "total_tokens": 335, "token_count_source": "tokenizer", "diffusion_steps": null, "flops_estimate": null, "flops_arch": null, "flops_model_params": null, "flops_active_params": null, "tokens_non_final": 21, "tokens_reasoning": 0, "tokens_response": 21, "elapsed_seconds": 56.380450963974, "judgement": "Good approximation"}
{"id": "discounts_000323", "topic": "discounts", "subtopic": "stacked", "prompt": "Stacked deal: 20% off, then $5 coupon if you spend $50 or more. Cart: $37.30, $35.35, $7.26, $28.69, $36.32, $11.49. About how much do you pay?", "exact_value": 120.13, "model": "Dream-org/Dream-v0-Instruct-7B", "provider": "transformers", "response": "Final answer: 65", "numeric_answer": 65.0, "relative_error": 0.4589195038708066, "thinking_text": null, "has_tool_call": false, "tool_call": null, "usage": {"prompt_tokens": 215, "completion_tokens": 120, "total_tokens": 335, "token_count_source": "tokenizer"}, "decoding": {"temperature": 0.2, "top_p": null, "top_k": null, "max_tokens": 120, "seed": 42}, "prompt_tokens": 215, "completion_tokens": 120, "total_tokens": 335, "token_count_source": "tokenizer", "diffusion_steps": null, "flops_estimate": null, "flops_arch": null, "flops_model_params": null, "flops_active_params": null, "tokens_non_final": 3, "tokens_reasoning": 0, "tokens_response": 3, "elapsed_seconds": 56.380450963974, "judgement": "Mildly off"}
{"id": "discounts_000343", "topic": "discounts", "subtopic": "threshold", "prompt": "Threshold coupon applies: $5 off $30+ spend. Cart: $26.24, $32.30, $4.60, $26.47, $26.89. About how much do you pay?", "exact_value": 111.5, "model": "Dream-org/Dream-v0-Instruct-7B", "provider": "transformers", "response": "round to nearly 5 or 10's multiple.<|im_end|>\n<|im_start|>assistant\nFinal answer: 100", "numeric_answer": 100.0, "relative_error": 0.1031390134529148, "thinking_text": null, "has_tool_call": false, "tool_call": null, "usage": {"prompt_tokens": 198, "completion_tokens": 137, "total_tokens": 335, "token_count_source": "tokenizer"}, "decoding": {"temperature": 0.2, "top_p": null, "top_k": null, "max_tokens": 120, "seed": 42}, "prompt_tokens": 198, "completion_tokens": 137, "total_tokens": 335, "token_count_source": "tokenizer", "diffusion_steps": null, "flops_estimate": null, "flops_arch": null, "flops_model_params": null, "flops_active_params": null, "tokens_non_final": 11, "tokens_reasoning": 0, "tokens_response": 11, "elapsed_seconds": 56.380450963974, "judgement": "Good approximation"}
{"id": "discounts_000363", "topic": "discounts", "subtopic": "threshold", "prompt": "Threshold coupon applies: $10 off $25+ spend. Cart: $8.84, $27.18, $39.97. About how much do you pay?", "exact_value": 65.99, "model": "Dream-org/Dream-v0-Instruct-7B", "provider": "transformers", "response": "before doing arithmetic calculations.\nIf the number is already an integer, round to nearly 5 or 10's multiple.<|im_end|>\n<|im_start|>assistant\nFinal answer: 6", "numeric_answer": 6.0, "relative_error": 0.9090771328989241, "thinking_text": null, "has_tool_call": false, "tool_call": null, "usage": {"prompt_tokens": 185, "completion_tokens": 150, "total_tokens": 335, "token_count_source": "tokenizer"}, "decoding": {"temperature": 0.2, "top_p": null, "top_k": null, "max_tokens": 120, "seed": 42}, "prompt_tokens": 185, "completion_tokens": 150, "total_tokens": 335, "token_count_source": "tokenizer", "diffusion_steps": null, "flops_estimate": null, "flops_arch": null, "flops_model_params": null, "flops_active_params": null, "tokens_non_final": 22, "tokens_reasoning": 0, "tokens_response": 22, "elapsed_seconds": 56.380450963974, "judgement": "Way off"}
{"id": "discounts_000383", "topic": "discounts", "subtopic": "stacked", "prompt": "Stacked deal: 15% off, then $5 coupon if you spend $40 or more. Cart: $32.36, $39.44, $31.86. About how much do you pay?", "exact_value": 83.11, "model": "Dream-org/Dream-v0-Instruct-7B", "provider": "transformers", "response": "<|im_start|>assistant\nFinal answer: 100", "numeric_answer": 100.0, "relative_error": 0.203224642040669, "thinking_text": null, "has_tool_call": false, "tool_call": null, "usage": {"prompt_tokens": 195, "completion_tokens": 124, "total_tokens": 319, "token_count_source": "tokenizer"}, "decoding": {"temperature": 0.2, "top_p": null, "top_k": null, "max_tokens": 120, "seed": 42}, "prompt_tokens": 195, "completion_tokens": 124, "total_tokens": 319, "token_count_source": "tokenizer", "diffusion_steps": null, "flops_estimate": null, "flops_arch": null, "flops_model_params": null, "flops_active_params": null, "tokens_non_final": 4, "tokens_reasoning": 0, "tokens_response": 4, "elapsed_seconds": 51.877219438552856, "judgement": "Mildly off"}
{"id": "discounts_000403", "topic": "discounts", "subtopic": "buy_n_get_m", "prompt": "Buy 4 get 3 free on items priced $7.01 each. You take 7 total. About how much do you pay?", "exact_value": 28.04, "model": "Dream-org/Dream-v0-Instruct-7B", "provider": "transformers", "response": "calculations.\nIf the number is already an integer, round to nearly 5 or 10's multiple.<|im_end|>\n<|im_start|>assistant\nFinal answer: 28", "numeric_answer": 28.0, "relative_error": 0.0014265335235377728, "thinking_text": null, "has_tool_call": false, "tool_call": null, "usage": {"prompt_tokens": 172, "completion_tokens": 147, "total_tokens": 319, "token_count_source": "tokenizer"}, "decoding": {"temperature": 0.2, "top_p": null, "top_k": null, "max_tokens": 120, "seed": 42}, "prompt_tokens": 172, "completion_tokens": 147, "total_tokens": 319, "token_count_source": "tokenizer", "diffusion_steps": null, "flops_estimate": null, "flops_arch": null, "flops_model_params": null, "flops_active_params": null, "tokens_non_final": 19, "tokens_reasoning": 0, "tokens_response": 19, "elapsed_seconds": 51.877219438552856, "judgement": "Good approximation"}
{"id": "discounts_000423", "topic": "discounts", "subtopic": "threshold", "prompt": "Threshold coupon applies: $15 off $50+ spend. Cart: $37.39, $36.57. About how much do you pay?", "exact_value": 58.96, "model": "Dream-org/Dream-v0-Instruct-7B", "provider": "transformers", "response": "an integer, round to nearly 5 or 10's multiple.<|im_end|>\n<|im_start|>assistant\nFinal answer: 65", "numeric_answer": 65.0, "relative_error": 0.10244233378561735, "thinking_text": null, "has_tool_call": false, "tool_call": null, "usage": {"prompt_tokens": 179, "completion_tokens": 140, "total_tokens": 319, "token_count_source": "tokenizer"}, "decoding": {"temperature": 0.2, "top_p": null, "top_k": null, "max_tokens": 120, "seed": 42}, "prompt_tokens": 179, "completion_tokens": 140, "total_tokens": 319, "token_count_source": "tokenizer", "diffusion_steps": null, "flops_estimate": null, "flops_arch": null, "flops_model_params": null, "flops_active_params": null, "tokens_non_final": 13, "tokens_reasoning": 0, "tokens_response": 13, "elapsed_seconds": 51.877219438552856, "judgement": "Good approximation"}
{"id": "discounts_000443", "topic": "discounts", "subtopic": "threshold", "prompt": "Threshold coupon applies: $10 off $40+ spend. Cart: $11.05, $31.68, $27.63, $4.93, $26.15. About how much do you pay?", "exact_value": 91.44, "model": "Dream-org/Dream-v0-Instruct-7B", "provider": "transformers", "response": "Final answer: 70", "numeric_answer": 70.0, "relative_error": 0.23447069116360453, "thinking_text": null, "has_tool_call": false, "tool_call": null, "usage": {"prompt_tokens": 199, "completion_tokens": 120, "total_tokens": 319, "token_count_source": "tokenizer"}, "decoding": {"temperature": 0.2, "top_p": null, "top_k": null, "max_tokens": 120, "seed": 42}, "prompt_tokens": 199, "completion_tokens": 120, "total_tokens": 319, "token_count_source": "tokenizer", "diffusion_steps": null, "flops_estimate": null, "flops_arch": null, "flops_model_params": null, "flops_active_params": null, "tokens_non_final": 3, "tokens_reasoning": 0, "tokens_response": 3, "elapsed_seconds": 51.877219438552856, "judgement": "Mildly off"}
{"id": "discounts_000463", "topic": "discounts", "subtopic": "threshold", "prompt": "Threshold coupon applies: $5 off $30+ spend. Cart: $7.17, $14.56, $7.86, $33.78. About how much do you pay?", "exact_value": 58.37, "model": "Dream-org/Dream-v0-Instruct-7B", "provider": "transformers", "response": "If the number is already an integer, round to nearly 5 or 10's multiple.<|im_end|>\n<|im_start|>assistant\nFinal answer: 9", "numeric_answer": 9.0, "relative_error": 0.8458112043858146, "thinking_text": null, "has_tool_call": false, "tool_call": null, "usage": {"prompt_tokens": 190, "completion_tokens": 145, "total_tokens": 335, "token_count_source": "tokenizer"}, "decoding": {"temperature": 0.2, "top_p": null, "top_k": null, "max_tokens": 120, "seed": 42}, "prompt_tokens": 190, "completion_tokens": 145, "total_tokens": 335, "token_count_source": "tokenizer", "diffusion_steps": null, "flops_estimate": null, "flops_arch": null, "flops_model_params": null, "flops_active_params": null, "tokens_non_final": 18, "tokens_reasoning": 0, "tokens_response": 18, "elapsed_seconds": 56.346020460128784, "judgement": "Way off"}
{"id": "discounts_000483", "topic": "discounts", "subtopic": "buy_n_get_m", "prompt": "Buy 3 get 3 free on items priced $2.85 each. You take 7 total. About how much do you pay?", "exact_value": 11.4, "model": "Dream-org/Dream-v0-Instruct-7B", "provider": "transformers", "response": "number is a fraction, round the numbers to the nearest integer number before doing arithmetic calculations.\nIf the number is already an integer, round to nearly 5 or 10's multiple.<|im_end|>\n<|im_start|>assistant\nFinal answer: 10", "numeric_answer": 10.0, "relative_error": 0.12280701754385967, "thinking_text": null, "has_tool_call": false, "tool_call": null, "usage": {"prompt_tokens": 172, "completion_tokens": 163, "total_tokens": 335, "token_count_source": "tokenizer"}, "decoding": {"temperature": 0.2, "top_p": null, "top_k": null, "max_tokens": 120, "seed": 42}, "prompt_tokens": 172, "completion_tokens": 163, "total_tokens": 335, "token_count_source": "tokenizer", "diffusion_steps": null, "flops_estimate": null, "flops_arch": null, "flops_model_params": null, "flops_active_params": null, "tokens_non_final": 34, "tokens_reasoning": 0, "tokens_response": 34, "elapsed_seconds": 56.346020460128784, "judgement": "Good approximation"}
{"id": "discounts_000503", "topic": "discounts", "subtopic": "stacked", "prompt": "Stacked deal: 20% off, then $5 coupon if you spend $30 or more. Cart: $29.58, $10.92, $29.18, $33.24, $8.11, $38.19. About how much do you pay?", "exact_value": 114.38, "model": "Dream-org/Dream-v0-Instruct-7B", "provider": "transformers", "response": "Final answer: 70", "numeric_answer": 70.0, "relative_error": 0.38800489596083226, "thinking_text": null, "has_tool_call": false, "tool_call": null, "usage": {"prompt_tokens": 215, "completion_tokens": 120, "total_tokens": 335, "token_count_source": "tokenizer"}, "decoding": {"temperature": 0.2, "top_p": null, "top_k": null, "max_tokens": 120, "seed": 42}, "prompt_tokens": 215, "completion_tokens": 120, "total_tokens": 335, "token_count_source": "tokenizer", "diffusion_steps": null, "flops_estimate": null, "flops_arch": null, "flops_model_params": null, "flops_active_params": null, "tokens_non_final": 3, "tokens_reasoning": 0, "tokens_response": 3, "elapsed_seconds": 56.346020460128784, "judgement": "Mildly off"}
{"id": "discounts_000523", "topic": "discounts", "subtopic": "bogo", "prompt": "BOGO sale (buy one, get one free; free item is the cheaper one in each pair). Items: $21.23, $17.95, $15.39, $10.11, $8.23, $4.52. About how much do you pay?", "exact_value": 44.85, "model": "Dream-org/Dream-v0-Instruct-7B", "provider": "transformers", "response": "<|im_start|>assistant\nFinal answer: 55", "numeric_answer": 55.0, "relative_error": 0.22630992196209584, "thinking_text": null, "has_tool_call": false, "tool_call": null, "usage": {"prompt_tokens": 212, "completion_tokens": 123, "total_tokens": 335, "token_count_source": "tokenizer"}, "decoding": {"temperature": 0.2, "top_p": null, "top_k": null, "max_tokens": 120, "seed": 42}, "prompt_tokens": 212, "completion_tokens": 123, "total_tokens": 335, "token_count_source": "tokenizer", "diffusion_steps": null, "flops_estimate": null, "flops_arch": null, "flops_model_params": null, "flops_active_params": null, "tokens_non_final": 4, "tokens_reasoning": 0, "tokens_response": 4, "elapsed_seconds": 56.346020460128784, "judgement": "Mildly off"}
{"id": "discounts_000543", "topic": "discounts", "subtopic": "percent", "prompt": "Cart: $30.85, $43.81, $8.07. A 20% discount applies to everything. About how much do you pay?", "exact_value": 66.18, "model": "Dream-org/Dream-v0-Instruct-7B", "provider": "transformers", "response": "the number is already an integer, round to nearly 5 or 10's multiple.<|im_end|>\n<|im_start|>assistant\nFinal answer: 60.", "numeric_answer": 60.0, "relative_error": 0.09338168631006356, "thinking_text": null, "has_tool_call": false, "tool_call": null, "usage": {"prompt_tokens": 181, "completion_tokens": 144, "total_tokens": 325, "token_count_source": "tokenizer"}, "decoding": {"temperature": 0.2, "top_p": null, "top_k": null, "max_tokens": 120, "seed": 42}, "prompt_tokens": 181, "completion_tokens": 144, "total_tokens": 325, "token_count_source": "tokenizer", "diffusion_steps": null, "flops_estimate": null, "flops_arch": null, "flops_model_params": null, "flops_active_params": null, "tokens_non_final": 17, "tokens_reasoning": 0, "tokens_response": 17, "elapsed_seconds": 55.47098922729492, "judgement": "Good approximation"}
{"id": "discounts_000563", "topic": "discounts", "subtopic": "threshold", "prompt": "Threshold coupon applies: $5 off $30+ spend. Cart: $4.94, $20.81, $22.55. About how much do you pay?", "exact_value": 43.3, "model": "Dream-org/Dream-v0-Instruct-7B", "provider": "transformers", "response": "already an integer, round to nearly 5 or 10's multiple.<|im_end|>\n<|im_start|>assistant\nFinal answer: 4", "numeric_answer": 4.0, "relative_error": 0.9076212471131639, "thinking_text": null, "has_tool_call": false, "tool_call": null, "usage": {"prompt_tokens": 184, "completion_tokens": 141, "total_tokens": 325, "token_count_source": "tokenizer"}, "decoding": {"temperature": 0.2, "top_p": null, "top_k": null, "max_tokens": 120, "seed": 42}, "prompt_tokens": 184, "completion_tokens": 141, "total_tokens": 325, "token_count_source": "tokenizer", "diffusion_steps": null, "flops_estimate": null, "flops_arch": null, "flops_model_params": null, "flops_active_params": null, "tokens_non_final": 14, "tokens_reasoning": 0, "tokens_response": 14, "elapsed_seconds": 55.47098922729492, "judgement": "Way off"}
{"id": "discounts_000583", "topic": "discounts", "subtopic": "buy_n_get_m", "prompt": "Buy 5 get 3 free on items priced $4.97 each. You take 16 total. About how much do you pay?", "exact_value": 49.7, "model": "Dream-org/Dream-v0-Instruct-7B", "provider": "transformers", "response": "integer number before doing arithmetic calculations.\nIf the number is already an integer, round to nearly 5 or 10's multiple.<|im_end|>\n<|im_start|>assistant\nFinal answer: 60", "numeric_answer": 60.0, "relative_error": 0.20724346076458747, "thinking_text": null, "has_tool_call": false, "tool_call": null, "usage": {"prompt_tokens": 173, "completion_tokens": 152, "total_tokens": 325, "token_count_source": "tokenizer"}, "decoding": {"temperature": 0.2, "top_p": null, "top_k": null, "max_tokens": 120, "seed": 42}, "prompt_tokens": 173, "completion_tokens": 152, "total_tokens": 325, "token_count_source": "tokenizer", "diffusion_steps": null, "flops_estimate": null, "flops_arch": null, "flops_model_params": null, "flops_active_params": null, "tokens_non_final": 24, "tokens_reasoning": 0, "tokens_response": 24, "elapsed_seconds": 55.47098922729492, "judgement": "Mildly off"}
{"id": "discounts_000603", "topic": "discounts", "subtopic": "bogo", "prompt": "BOGO sale (buy one, get one free; free item is the cheaper one in each pair). Items: $18.16, $13.58, $11.14, $8.88, $4.45. About how much do you pay?", "exact_value": 33.75, "model": "Dream-org/Dream-v0-Instruct-7B", "provider": "transformers", "response": "Final answer: 47", "numeric_answer": 47.0, "relative_error": 0.3925925925925926, "thinking_text": null, "has_tool_call": false, "tool_call": null, "usage": {"prompt_tokens": 205, "completion_tokens": 120, "total_tokens": 325, "token_count_source": "tokenizer"}, "decoding": {"temperature": 0.2, "top_p": null, "top_k": null, "max_tokens": 120, "seed": 42}, "prompt_tokens": 205, "completion_tokens": 120, "total_tokens": 325, "token_count_source": "tokenizer", "diffusion_steps": null, "flops_estimate": null, "flops_arch": null, "flops_model_params": null, "flops_active_params": null, "tokens_non_final": 3, "tokens_reasoning": 0, "tokens_response": 3, "elapsed_seconds": 55.47098922729492, "judgement": "Mildly off"}
{"id": "discounts_000623", "topic": "discounts", "subtopic": "bogo", "prompt": "BOGO sale (buy one, get one free; free item is the cheaper one in each pair). Items: $21.85, $18.63, $17.86, $11.60, $9.53. About how much do you pay?", "exact_value": 49.24, "model": "Dream-org/Dream-v0-Instruct-7B", "provider": "transformers", "response": "Final answer: 60", "numeric_answer": 60.0, "relative_error": 0.2185215272136474, "thinking_text": null, "has_tool_call": false, "tool_call": null, "usage": {"prompt_tokens": 206, "completion_tokens": 120, "total_tokens": 326, "token_count_source": "tokenizer"}, "decoding": {"temperature": 0.2, "top_p": null, "top_k": null, "max_tokens": 120, "seed": 42}, "prompt_tokens": 206, "completion_tokens": 120, "total_tokens": 326, "token_count_source": "tokenizer", "diffusion_steps": null, "flops_estimate": null, "flops_arch": null, "flops_model_params": null, "flops_active_params": null, "tokens_non_final": 3, "tokens_reasoning": 0, "tokens_response": 3, "elapsed_seconds": 55.41418123245239, "judgement": "Mildly off"}
{"id": "discounts_000643", "topic": "discounts", "subtopic": "buy_n_get_m", "prompt": "Buy 5 get 1 free on items priced $4.62 each. You take 12 total. About how much do you pay?", "exact_value": 46.2, "model": "Dream-org/Dream-v0-Instruct-7B", "provider": "transformers", "response": "nearest integer number before doing arithmetic calculations.\nIf the number is already an integer, round to nearly 5 or 10's multiple.<|im_end|>\n<|im_start|>assistant\nFinal answer: 40", "numeric_answer": 40.0, "relative_error": 0.13419913419913426, "thinking_text": null, "has_tool_call": false, "tool_call": null, "usage": {"prompt_tokens": 173, "completion_tokens": 153, "total_tokens": 326, "token_count_source": "tokenizer"}, "decoding": {"temperature": 0.2, "top_p": null, "top_k": null, "max_tokens": 120, "seed": 42}, "prompt_tokens": 173, "completion_tokens": 153, "total_tokens": 326, "token_count_source": "tokenizer", "diffusion_steps": null, "flops_estimate": null, "flops_arch": null, "flops_model_params": null, "flops_active_params": null, "tokens_non_final": 25, "tokens_reasoning": 0, "tokens_response": 25, "elapsed_seconds": 55.41418123245239, "judgement": "Good approximation"}
{"id": "discounts_000663", "topic": "discounts", "subtopic": "stacked", "prompt": "Stacked deal: 15% off, then $5 coupon if you spend $50 or more. Cart: $16.58, $23.77, $10.19. About how much do you pay?", "exact_value": 42.96, "model": "Dream-org/Dream-v0-Instruct-7B", "provider": "transformers", "response": "10's multiple.<|im_end|>\n<|im_start|>assistant\nFinal answer: 45", "numeric_answer": 45.0, "relative_error": 0.04748603351955305, "thinking_text": null, "has_tool_call": false, "tool_call": null, "usage": {"prompt_tokens": 195, "completion_tokens": 131, "total_tokens": 326, "token_count_source": "tokenizer"}, "decoding": {"temperature": 0.2, "top_p": null, "top_k": null, "max_tokens": 120, "seed": 42}, "prompt_tokens": 195, "completion_tokens": 131, "total_tokens": 326, "token_count_source": "tokenizer", "diffusion_steps": null, "flops_estimate": null, "flops_arch": null, "flops_model_params": null, "flops_active_params": null, "tokens_non_final": 6, "tokens_reasoning": 0, "tokens_response": 6, "elapsed_seconds": 55.41418123245239, "judgement": "Good approximation"}
{"id": "discounts_000683", "topic": "discounts", "subtopic": "percent", "prompt": "Cart: $27.44, $47.42, $41.38, $11.58, $35.37. A 25% discount applies to everything. About how much do you pay?", "exact_value": 122.39, "model": "Dream-org/Dream-v0-Instruct-7B", "provider": "transformers", "response": "10's multiple.<|im_end|>\n<|im_start|>assistant\nFinal answer: 1", "numeric_answer": 1.0, "relative_error": 0.9918293978266198, "thinking_text": null, "has_tool_call": false, "tool_call": null, "usage": {"prompt_tokens": 196, "completion_tokens": 130, "total_tokens": 326, "token_count_source": "tokenizer"}, "decoding": {"temperature": 0.2, "top_p": null, "top_k": null, "max_tokens": 120, "seed": 42}, "prompt_tokens": 196, "completion_tokens": 130, "total_tokens": 326, "token_count_source": "tokenizer", "diffusion_steps": null, "flops_estimate": null, "flops_arch": null, "flops_model_params": null, "flops_active_params": null, "tokens_non_final": 6, "tokens_reasoning": 0, "tokens_response": 6, "elapsed_seconds": 55.41418123245239, "judgement": "Way off"}
{"id": "discounts_000703", "topic": "discounts", "subtopic": "percent", "prompt": "Cart: $19.91, $32.12, $19.55, $20.11, $21.65. A 15% discount applies to everything. About how much do you pay?", "exact_value": 96.34, "model": "Dream-org/Dream-v0-Instruct-7B", "provider": "transformers", "response": "Final answer: 81", "numeric_answer": 81.0, "relative_error": 0.15922773510483706, "thinking_text": null, "has_tool_call": false, "tool_call": null, "usage": {"prompt_tokens": 196, "completion_tokens": 120, "total_tokens": 316, "token_count_source": "tokenizer"}, "decoding": {"temperature": 0.2, "top_p": null, "top_k": null, "max_tokens": 120, "seed": 42}, "prompt_tokens": 196, "completion_tokens": 120, "total_tokens": 316, "token_count_source": "tokenizer", "diffusion_steps": null, "flops_estimate": null, "flops_arch": null, "flops_model_params": null, "flops_active_params": null, "tokens_non_final": 3, "tokens_reasoning": 0, "tokens_response": 3, "elapsed_seconds": 51.574132680892944, "judgement": "Good approximation"}
{"id": "discounts_000723", "topic": "discounts", "subtopic": "percent", "prompt": "Cart: $48.29, $29.75, $30.14, $33.26, $21.69. A 25% discount applies to everything. About how much do you pay?", "exact_value": 122.35, "model": "Dream-org/Dream-v0-Instruct-7B", "provider": "transformers", "response": "Final answer: 17", "numeric_answer": 17.0, "relative_error": 0.8610543522680834, "thinking_text": null, "has_tool_call": false, "tool_call": null, "usage": {"prompt_tokens": 196, "completion_tokens": 120, "total_tokens": 316, "token_count_source": "tokenizer"}, "decoding": {"temperature": 0.2, "top_p": null, "top_k": null, "max_tokens": 120, "seed": 42}, "prompt_tokens": 196, "completion_tokens": 120, "total_tokens": 316, "token_count_source": "tokenizer", "diffusion_steps": null, "flops_estimate": null, "flops_arch": null, "flops_model_params": null, "flops_active_params": null, "tokens_non_final": 3, "tokens_reasoning": 0, "tokens_response": 3, "elapsed_seconds": 51.574132680892944, "judgement": "Way off"}
{"id": "discounts_000743", "topic": "discounts", "subtopic": "bogo", "prompt": "BOGO sale (buy one, get one free; free item is the cheaper one in each pair). Items: $22.88, $9.78. About how much do you pay?", "exact_value": 22.88, "model": "Dream-org/Dream-v0-Instruct-7B", "provider": "transformers", "response": "10's multiple.<|im_end|>\n<|im_start|>assistant\nFinal answer: 23", "numeric_answer": 23.0, "relative_error": 0.005244755244755288, "thinking_text": null, "has_tool_call": false, "tool_call": null, "usage": {"prompt_tokens": 185, "completion_tokens": 131, "total_tokens": 316, "token_count_source": "tokenizer"}, "decoding": {"temperature": 0.2, "top_p": null, "top_k": null, "max_tokens": 120, "seed": 42}, "prompt_tokens": 185, "completion_tokens": 131, "total_tokens": 316, "token_count_source": "tokenizer", "diffusion_steps": null, "flops_estimate": null, "flops_arch": null, "flops_model_params": null, "flops_active_params": null, "tokens_non_final": 6, "tokens_reasoning": 0, "tokens_response": 6, "elapsed_seconds": 51.574132680892944, "judgement": "Good approximation"}
{"id": "discounts_000763", "topic": "discounts", "subtopic": "bogo", "prompt": "BOGO sale (buy one, get one free; free item is the cheaper one in each pair). Items: $11.36, $1.82. About how much do you pay?", "exact_value": 11.36, "model": "Dream-org/Dream-v0-Instruct-7B", "provider": "transformers", "response": "10's multiple.<|im_end|>\n<|im_start|>assistant\nFinal answer: 11", "numeric_answer": 11.0, "relative_error": 0.03169014084507037, "thinking_text": null, "has_tool_call": false, "tool_call": null, "usage": {"prompt_tokens": 185, "completion_tokens": 131, "total_tokens": 316, "token_count_source": "tokenizer"}, "decoding": {"temperature": 0.2, "top_p": null, "top_k": null, "max_tokens": 120, "seed": 42}, "prompt_tokens": 185, "completion_tokens": 131, "total_tokens": 316, "token_count_source": "tokenizer", "diffusion_steps": null, "flops_estimate": null, "flops_arch": null, "flops_model_params": null, "flops_active_params": null, "tokens_non_final": 6, "tokens_reasoning": 0, "tokens_response": 6, "elapsed_seconds": 51.574132680892944, "judgement": "Good approximation"}
{"id": "discounts_000783", "topic": "discounts", "subtopic": "stacked", "prompt": "Stacked deal: 15% off, then $10 coupon if you spend $30 or more. Cart: $37.23, $37.65, $36.92, $14.32, $6.23. About how much do you pay?", "exact_value": 102.5, "model": "Dream-org/Dream-v0-Instruct-7B", "provider": "transformers", "response": "<|im_start|>assistant\nFinal answer: 8", "numeric_answer": 8.0, "relative_error": 0.9219512195121952, "thinking_text": null, "has_tool_call": false, "tool_call": null, "usage": {"prompt_tokens": 209, "completion_tokens": 124, "total_tokens": 333, "token_count_source": "tokenizer"}, "decoding": {"temperature": 0.2, "top_p": null, "top_k": null, "max_tokens": 120, "seed": 42}, "prompt_tokens": 209, "completion_tokens": 124, "total_tokens": 333, "token_count_source": "tokenizer", "diffusion_steps": null, "flops_estimate": null, "flops_arch": null, "flops_model_params": null, "flops_active_params": null, "tokens_non_final": 4, "tokens_reasoning": 0, "tokens_response": 4, "elapsed_seconds": 55.84435057640076, "judgement": "Way off"}
{"id": "discounts_000803", "topic": "discounts", "subtopic": "bogo", "prompt": "BOGO sale (buy one, get one free; free item is the cheaper one in each pair). Items: $23.07, $19.42, $17.76, $16.24, $13.92, $4.39. About how much do you pay?", "exact_value": 54.75, "model": "Dream-org/Dream-v0-Instruct-7B", "provider": "transformers", "response": "Final answer: 60", "numeric_answer": 60.0, "relative_error": 0.0958904109589041, "thinking_text": null, "has_tool_call": false, "tool_call": null, "usage": {"prompt_tokens": 213, "completion_tokens": 120, "total_tokens": 333, "token_count_source": "tokenizer"}, "decoding": {"temperature": 0.2, "top_p": null, "top_k": null, "max_tokens": 120, "seed": 42}, "prompt_tokens": 213, "completion_tokens": 120, "total_tokens": 333, "token_count_source": "tokenizer", "diffusion_steps": null, "flops_estimate": null, "flops_arch": null, "flops_model_params": null, "flops_active_params": null, "tokens_non_final": 3, "tokens_reasoning": 0, "tokens_response": 3, "elapsed_seconds": 55.84435057640076, "judgement": "Good approximation"}
{"id": "discounts_000823", "topic": "discounts", "subtopic": "stacked", "prompt": "Stacked deal: 20% off, then $10 coupon if you spend $30 or more. Cart: $8.48, $35.86, $5.64, $31.66, $9.45. About how much do you pay?", "exact_value": 62.87, "model": "Dream-org/Dream-v0-Instruct-7B", "provider": "transformers", "response": ".<|im_end|>\n<|im_start|>assistant\nFinal answer: 100", "numeric_answer": 100.0, "relative_error": 0.590583744234134, "thinking_text": null, "has_tool_call": false, "tool_call": null, "usage": {"prompt_tokens": 207, "completion_tokens": 126, "total_tokens": 333, "token_count_source": "tokenizer"}, "decoding": {"temperature": 0.2, "top_p": null, "top_k": null, "max_tokens": 120, "seed": 42}, "prompt_tokens": 207, "completion_tokens": 126, "total_tokens": 333, "token_count_source": "tokenizer", "diffusion_steps": null, "flops_estimate": null, "flops_arch": null, "flops_model_params": null, "flops_active_params": null, "tokens_non_final": 5, "tokens_reasoning": 0, "tokens_response": 5, "elapsed_seconds": 55.84435057640076, "judgement": "Mildly off"}
{"id": "discounts_000843", "topic": "discounts", "subtopic": "buy_n_get_m", "prompt": "Buy 4 get 2 free on items priced $5.03 each. You take 9 total. About how much do you pay?", "exact_value": 35.21, "model": "Dream-org/Dream-v0-Instruct-7B", "provider": "transformers", "response": "a fraction, round the numbers to the nearest integer number before doing arithmetic calculations.\nIf the number is already an integer, round to nearly 5 or 10's multiple.<|im_end|>\n<|im_start|>assistant\nFinal answer: 25", "numeric_answer": 25.0, "relative_error": 0.2899744390798069, "thinking_text": null, "has_tool_call": false, "tool_call": null, "usage": {"prompt_tokens": 172, "completion_tokens": 161, "total_tokens": 333, "token_count_source": "tokenizer"}, "decoding": {"temperature": 0.2, "top_p": null, "top_k": null, "max_tokens": 120, "seed": 42}, "prompt_tokens": 172, "completion_tokens": 161, "total_tokens": 333, "token_count_source": "tokenizer", "diffusion_steps": null, "flops_estimate": null, "flops_arch": null, "flops_model_params": null, "flops_active_params": null, "tokens_non_final": 32, "tokens_reasoning": 0, "tokens_response": 32, "elapsed_seconds": 55.84435057640076, "judgement": "Mildly off"}
{"id": "discounts_000863", "topic": "discounts", "subtopic": "threshold", "prompt": "Threshold coupon applies: $10 off $25+ spend. Cart: $34.92, $8.51, $12.79. About how much do you pay?", "exact_value": 46.22, "model": "Dream-org/Dream-v0-Instruct-7B", "provider": "transformers", "response": "10's multiple.<|im_end|>\n<|im_start|>assistant\nFinal answer: 4", "numeric_answer": 4.0, "relative_error": 0.9134573777585461, "thinking_text": null, "has_tool_call": false, "tool_call": null, "usage": {"prompt_tokens": 185, "completion_tokens": 131, "total_tokens": 316, "token_count_source": "tokenizer"}, "decoding": {"temperature": 0.2, "top_p": null, "top_k": null, "max_tokens": 120, "seed": 42}, "prompt_tokens": 185, "completion_tokens": 131, "total_tokens": 316, "token_count_source": "tokenizer", "diffusion_steps": null, "flops_estimate": null, "flops_arch": null, "flops_model_params": null, "flops_active_params": null, "tokens_non_final": 6, "tokens_reasoning": 0, "tokens_response": 6, "elapsed_seconds": 51.58614468574524, "judgement": "Way off"}
{"id": "discounts_000883", "topic": "discounts", "subtopic": "percent", "prompt": "Cart: $39.81, $20.15, $41.33, $23.55, $23.05. A 25% discount applies to everything. About how much do you pay?", "exact_value": 110.92, "model": "Dream-org/Dream-v0-Instruct-7B", "provider": "transformers", "response": "Final answer: 17", "numeric_answer": 17.0, "relative_error": 0.8467363865849261, "thinking_text": null, "has_tool_call": false, "tool_call": null, "usage": {"prompt_tokens": 196, "completion_tokens": 120, "total_tokens": 316, "token_count_source": "tokenizer"}, "decoding": {"temperature": 0.2, "top_p": null, "top_k": null, "max_tokens": 120, "seed": 42}, "prompt_tokens": 196, "completion_tokens": 120, "total_tokens": 316, "token_count_source": "tokenizer", "diffusion_steps": null, "flops_estimate": null, "flops_arch": null, "flops_model_params": null, "flops_active_params": null, "tokens_non_final": 3, "tokens_reasoning": 0, "tokens_response": 3, "elapsed_seconds": 51.58614468574524, "judgement": "Way off"}
{"id": "discounts_000903", "topic": "discounts", "subtopic": "percent", "prompt": "Cart: $12.50, $16.62, $17.19. A 10% discount applies to everything. About how much do you pay?", "exact_value": 41.68, "model": "Dream-org/Dream-v0-Instruct-7B", "provider": "transformers", "response": "5 or 10's multiple.<|im_end|>\n<|im_start|>assistant\nFinal answer: 45", "numeric_answer": 45.0, "relative_error": 0.07965451055662189, "thinking_text": null, "has_tool_call": false, "tool_call": null, "usage": {"prompt_tokens": 182, "completion_tokens": 134, "total_tokens": 316, "token_count_source": "tokenizer"}, "decoding": {"temperature": 0.2, "top_p": null, "top_k": null, "max_tokens": 120, "seed": 42}, "prompt_tokens": 182, "completion_tokens": 134, "total_tokens": 316, "token_count_source": "tokenizer", "diffusion_steps": null, "flops_estimate": null, "flops_arch": null, "flops_model_params": null, "flops_active_params": null, "tokens_non_final": 8, "tokens_reasoning": 0, "tokens_response": 8, "elapsed_seconds": 51.58614468574524, "judgement": "Good approximation"}
{"id": "discounts_000923", "topic": "discounts", "subtopic": "bogo", "prompt": "BOGO sale (buy one, get one free; free item is the cheaper one in each pair). Items: $10.61, $2.49. About how much do you pay?", "exact_value": 10.61, "model": "Dream-org/Dream-v0-Instruct-7B", "provider": "transformers", "response": "10's multiple.<|im_end|>\n<|im_start|>assistant\nFinal answer: 8.", "numeric_answer": 8.0, "relative_error": 0.24599434495758715, "thinking_text": null, "has_tool_call": false, "tool_call": null, "usage": {"prompt_tokens": 185, "completion_tokens": 131, "total_tokens": 316, "token_count_source": "tokenizer"}, "decoding": {"temperature": 0.2, "top_p": null, "top_k": null, "max_tokens": 120, "seed": 42}, "prompt_tokens": 185, "completion_tokens": 131, "total_tokens": 316, "token_count_source": "tokenizer", "diffusion_steps": null, "flops_estimate": null, "flops_arch": null, "flops_model_params": null, "flops_active_params": null, "tokens_non_final": 6, "tokens_reasoning": 0, "tokens_response": 6, "elapsed_seconds": 51.58614468574524, "judgement": "Mildly off"}
{"id": "discounts_000943", "topic": "discounts", "subtopic": "stacked", "prompt": "Stacked deal: 20% off, then $5 coupon if you spend $50 or more. Cart: $22.54, $15.03, $37.69. About how much do you pay?", "exact_value": 55.21, "model": "Dream-org/Dream-v0-Instruct-7B", "provider": "transformers", "response": "to nearly 5 or 10's multiple.<|im_end|>\n<|im_start|>assistant\nFinal answer: 55", "numeric_answer": 55.0, "relative_error": 0.003803658757471488, "thinking_text": null, "has_tool_call": false, "tool_call": null, "usage": {"prompt_tokens": 195, "completion_tokens": 136, "total_tokens": 331, "token_count_source": "tokenizer"}, "decoding": {"temperature": 0.2, "top_p": null, "top_k": null, "max_tokens": 120, "seed": 42}, "prompt_tokens": 195, "completion_tokens": 136, "total_tokens": 331, "token_count_source": "tokenizer", "diffusion_steps": null, "flops_estimate": null, "flops_arch": null, "flops_model_params": null, "flops_active_params": null, "tokens_non_final": 10, "tokens_reasoning": 0, "tokens_response": 10, "elapsed_seconds": 55.85186791419983, "judgement": "Good approximation"}
{"id": "discounts_000963", "topic": "discounts", "subtopic": "bogo", "prompt": "BOGO sale (buy one, get one free; free item is the cheaper one in each pair). Items: $23.00, $20.02, $17.46, $6.49, $2.60. About how much do you pay?", "exact_value": 43.06, "model": "Dream-org/Dream-v0-Instruct-7B", "provider": "transformers", "response": ".<|im_end|>\n<|im_start|>assistant\nFinal answer: 60", "numeric_answer": 60.0, "relative_error": 0.39340455178820244, "thinking_text": null, "has_tool_call": false, "tool_call": null, "usage": {"prompt_tokens": 205, "completion_tokens": 126, "total_tokens": 331, "token_count_source": "tokenizer"}, "decoding": {"temperature": 0.2, "top_p": null, "top_k": null, "max_tokens": 120, "seed": 42}, "prompt_tokens": 205, "completion_tokens": 126, "total_tokens": 331, "token_count_source": "tokenizer", "diffusion_steps": null, "flops_estimate": null, "flops_arch": null, "flops_model_params": null, "flops_active_params": null, "tokens_non_final": 5, "tokens_reasoning": 0, "tokens_response": 5, "elapsed_seconds": 55.85186791419983, "judgement": "Mildly off"}
{"id": "discounts_000983", "topic": "discounts", "subtopic": "bogo", "prompt": "BOGO sale (buy one, get one free; free item is the cheaper one in each pair). Items: $17.50, $15.22, $8.66. About how much do you pay?", "exact_value": 26.16, "model": "Dream-org/Dream-v0-Instruct-7B", "provider": "transformers", "response": "integer, round to nearly 5 or 10's multiple.<|im_end|>\n<|im_start|>assistant\nFinal answer: 30", "numeric_answer": 30.0, "relative_error": 0.14678899082568805, "thinking_text": null, "has_tool_call": false, "tool_call": null, "usage": {"prompt_tokens": 192, "completion_tokens": 139, "total_tokens": 331, "token_count_source": "tokenizer"}, "decoding": {"temperature": 0.2, "top_p": null, "top_k": null, "max_tokens": 120, "seed": 42}, "prompt_tokens": 192, "completion_tokens": 139, "total_tokens": 331, "token_count_source": "tokenizer", "diffusion_steps": null, "flops_estimate": null, "flops_arch": null, "flops_model_params": null, "flops_active_params": null, "tokens_non_final": 12, "tokens_reasoning": 0, "tokens_response": 12, "elapsed_seconds": 55.85186791419983, "judgement": "Good approximation"}
{"id": "discounts_001003", "topic": "discounts", "subtopic": "bogo", "prompt": "BOGO sale (buy one, get one free; free item is the cheaper one in each pair). Items: $22.78, $21.06, $17.56, $9.49, $3.73, $1.89. About how much do you pay?", "exact_value": 44.07, "model": "Dream-org/Dream-v0-Instruct-7B", "provider": "transformers", "response": "Final answer: 80", "numeric_answer": 80.0, "relative_error": 0.8152938506920808, "thinking_text": null, "has_tool_call": false, "tool_call": null, "usage": {"prompt_tokens": 211, "completion_tokens": 120, "total_tokens": 331, "token_count_source": "tokenizer"}, "decoding": {"temperature": 0.2, "top_p": null, "top_k": null, "max_tokens": 120, "seed": 42}, "prompt_tokens": 211, "completion_tokens": 120, "total_tokens": 331, "token_count_source": "tokenizer", "diffusion_steps": null, "flops_estimate": null, "flops_arch": null, "flops_model_params": null, "flops_active_params": null, "tokens_non_final": 3, "tokens_reasoning": 0, "tokens_response": 3, "elapsed_seconds": 55.85186791419983, "judgement": "Way off"}
{"id": "discounts_001023", "topic": "discounts", "subtopic": "buy_n_get_m", "prompt": "Buy 4 get 1 free on items priced $2.87 each. You take 8 total. About how much do you pay?", "exact_value": 20.09, "model": "Dream-org/Dream-v0-Instruct-7B", "provider": "transformers", "response": "the number is already an integer, round to nearly 5 or 10's multiple.<|im_end|>\n<|im_start|>assistant\nFinal answer: 10", "numeric_answer": 10.0, "relative_error": 0.5022399203583873, "thinking_text": null, "has_tool_call": false, "tool_call": null, "usage": {"prompt_tokens": 172, "completion_tokens": 144, "total_tokens": 316, "token_count_source": "tokenizer"}, "decoding": {"temperature": 0.2, "top_p": null, "top_k": null, "max_tokens": 120, "seed": 42}, "prompt_tokens": 172, "completion_tokens": 144, "total_tokens": 316, "token_count_source": "tokenizer", "diffusion_steps": null, "flops_estimate": null, "flops_arch": null, "flops_model_params": null, "flops_active_params": null, "tokens_non_final": 17, "tokens_reasoning": 0, "tokens_response": 17, "elapsed_seconds": 51.670838356018066, "judgement": "Mildly off"}
{"id": "discounts_001043", "topic": "discounts", "subtopic": "threshold", "prompt": "Threshold coupon applies: $5 off $25+ spend. Cart: $35.97, $4.76, $38.83, $33.01. About how much do you pay?", "exact_value": 107.57, "model": "Dream-org/Dream-v0-Instruct-7B", "provider": "transformers", "response": "<|im_end|>\n<|im_start|>assistant\nFinal answer: 70", "numeric_answer": 70.0, "relative_error": 0.3492609463605094, "thinking_text": null, "has_tool_call": false, "tool_call": null, "usage": {"prompt_tokens": 191, "completion_tokens": 125, "total_tokens": 316, "token_count_source": "tokenizer"}, "decoding": {"temperature": 0.2, "top_p": null, "top_k": null, "max_tokens": 120, "seed": 42}, "prompt_tokens": 191, "completion_tokens": 125, "total_tokens": 316, "token_count_source": "tokenizer", "diffusion_steps": null, "flops_estimate": null, "flops_arch": null, "flops_model_params": null, "flops_active_params": null, "tokens_non_final": 5, "tokens_reasoning": 0, "tokens_response": 5, "elapsed_seconds": 51.670838356018066, "judgement": "Mildly off"}
{"id": "discounts_001063", "topic": "discounts", "subtopic": "stacked", "prompt": "Stacked deal: 10% off, then $5 coupon if you spend $30 or more. Cart: $3.36, $20.19, $25.37. About how much do you pay?", "exact_value": 39.03, "model": "Dream-org/Dream-v0-Instruct-7B", "provider": "transformers", "response": "assistant\nFinal answer: $45.", "numeric_answer": 45.0, "relative_error": 0.15295926210607222, "thinking_text": null, "has_tool_call": false, "tool_call": null, "usage": {"prompt_tokens": 194, "completion_tokens": 122, "total_tokens": 316, "token_count_source": "tokenizer"}, "decoding": {"temperature": 0.2, "top_p": null, "top_k": null, "max_tokens": 120, "seed": 42}, "prompt_tokens": 194, "completion_tokens": 122, "total_tokens": 316, "token_count_source": "tokenizer", "diffusion_steps": null, "flops_estimate": null, "flops_arch": null, "flops_model_params": null, "flops_active_params": null, "tokens_non_final": 4, "tokens_reasoning": 0, "tokens_response": 4, "elapsed_seconds": 51.670838356018066, "judgement": "Good approximation"}
{"id": "discounts_001083", "topic": "discounts", "subtopic": "stacked", "prompt": "Stacked deal: 10% off, then $10 coupon if you spend $40 or more. Cart: $21.15, $25.92, $23.98. About how much do you pay?", "exact_value": 53.95, "model": "Dream-org/Dream-v0-Instruct-7B", "provider": "transformers", "response": "Final answer: 60", "numeric_answer": 60.0, "relative_error": 0.1121408711770157, "thinking_text": null, "has_tool_call": false, "tool_call": null, "usage": {"prompt_tokens": 196, "completion_tokens": 120, "total_tokens": 316, "token_count_source": "tokenizer"}, "decoding": {"temperature": 0.2, "top_p": null, "top_k": null, "max_tokens": 120, "seed": 42}, "prompt_tokens": 196, "completion_tokens": 120, "total_tokens": 316, "token_count_source": "tokenizer", "diffusion_steps": null, "flops_estimate": null, "flops_arch": null, "flops_model_params": null, "flops_active_params": null, "tokens_non_final": 3, "tokens_reasoning": 0, "tokens_response": 3, "elapsed_seconds": 51.670838356018066, "judgement": "Good approximation"}
{"id": "discounts_001103", "topic": "discounts", "subtopic": "threshold", "prompt": "Threshold coupon applies: $10 off $40+ spend. Cart: $20.06, $17.49. About how much do you pay?", "exact_value": 37.55, "model": "Dream-org/Dream-v0-Instruct-7B", "provider": "transformers", "response": "multiple.<|im_end|>\n<|im_start|>assistant\nFinal answer: 30", "numeric_answer": 30.0, "relative_error": 0.20106524633821565, "thinking_text": null, "has_tool_call": false, "tool_call": null, "usage": {"prompt_tokens": 179, "completion_tokens": 127, "total_tokens": 306, "token_count_source": "tokenizer"}, "decoding": {"temperature": 0.2, "top_p": null, "top_k": null, "max_tokens": 120, "seed": 42}, "prompt_tokens": 179, "completion_tokens": 127, "total_tokens": 306, "token_count_source": "tokenizer", "diffusion_steps": null, "flops_estimate": null, "flops_arch": null, "flops_model_params": null, "flops_active_params": null, "tokens_non_final": 5, "tokens_reasoning": 0, "tokens_response": 5, "elapsed_seconds": 51.031805753707886, "judgement": "Mildly off"}
{"id": "discounts_001123", "topic": "discounts", "subtopic": "threshold", "prompt": "Threshold coupon applies: $15 off $50+ spend. Cart: $18.18, $39.52, $22.33. About how much do you pay?", "exact_value": 65.03, "model": "Dream-org/Dream-v0-Instruct-7B", "provider": "transformers", "response": "Final answer: 0", "numeric_answer": 0.0, "relative_error": 1.0, "thinking_text": null, "has_tool_call": false, "tool_call": null, "usage": {"prompt_tokens": 186, "completion_tokens": 120, "total_tokens": 306, "token_count_source": "tokenizer"}, "decoding": {"temperature": 0.2, "top_p": null, "top_k": null, "max_tokens": 120, "seed": 42}, "prompt_tokens": 186, "completion_tokens": 120, "total_tokens": 306, "token_count_source": "tokenizer", "diffusion_steps": null, "flops_estimate": null, "flops_arch": null, "flops_model_params": null, "flops_active_params": null, "tokens_non_final": 3, "tokens_reasoning": 0, "tokens_response": 3, "elapsed_seconds": 51.031805753707886, "judgement": "Way off"}
{"id": "discounts_001143", "topic": "discounts", "subtopic": "threshold", "prompt": "Threshold coupon applies: $5 off $25+ spend. Cart: $6.88, $33.06. About how much do you pay?", "exact_value": 34.94, "model": "Dream-org/Dream-v0-Instruct-7B", "provider": "transformers", "response": "0's multiple.<|im_end|>\n<|im_start|>assistant\nFinal answer: 30", "numeric_answer": 30.0, "relative_error": 0.14138523182598736, "thinking_text": null, "has_tool_call": false, "tool_call": null, "usage": {"prompt_tokens": 177, "completion_tokens": 129, "total_tokens": 306, "token_count_source": "tokenizer"}, "decoding": {"temperature": 0.2, "top_p": null, "top_k": null, "max_tokens": 120, "seed": 42}, "prompt_tokens": 177, "completion_tokens": 129, "total_tokens": 306, "token_count_source": "tokenizer", "diffusion_steps": null, "flops_estimate": null, "flops_arch": null, "flops_model_params": null, "flops_active_params": null, "tokens_non_final": 6, "tokens_reasoning": 0, "tokens_response": 6, "elapsed_seconds": 51.031805753707886, "judgement": "Good approximation"}
{"id": "discounts_001163", "topic": "discounts", "subtopic": "buy_n_get_m", "prompt": "Buy 5 get 3 free on items priced $1.79 each. You take 12 total. About how much do you pay?", "exact_value": 16.11, "model": "Dream-org/Dream-v0-Instruct-7B", "provider": "transformers", "response": "5 or 10's multiple.<|im_end|>\n<|im_start|>assistant\nFinal answer: 9.00", "numeric_answer": 9.0, "relative_error": 0.441340782122905, "thinking_text": null, "has_tool_call": false, "tool_call": null, "usage": {"prompt_tokens": 173, "completion_tokens": 133, "total_tokens": 306, "token_count_source": "tokenizer"}, "decoding": {"temperature": 0.2, "top_p": null, "top_k": null, "max_tokens": 120, "seed": 42}, "prompt_tokens": 173, "completion_tokens": 133, "total_tokens": 306, "token_count_source": "tokenizer", "diffusion_steps": null, "flops_estimate": null, "flops_arch": null, "flops_model_params": null, "flops_active_params": null, "tokens_non_final": 8, "tokens_reasoning": 0, "tokens_response": 8, "elapsed_seconds": 51.031805753707886, "judgement": "Mildly off"}
{"id": "discounts_001183", "topic": "discounts", "subtopic": "threshold", "prompt": "Threshold coupon applies: $10 off $40+ spend. Cart: $17.79, $9.82, $10.21. About how much do you pay?", "exact_value": 37.82, "model": "Dream-org/Dream-v0-Instruct-7B", "provider": "transformers", "response": ".<|im_end|>\n<|im_start|>assistant\nFinal answer: 3", "numeric_answer": 3.0, "relative_error": 0.920676890534109, "thinking_text": null, "has_tool_call": false, "tool_call": null, "usage": {"prompt_tokens": 185, "completion_tokens": 126, "total_tokens": 311, "token_count_source": "tokenizer"}, "decoding": {"temperature": 0.2, "top_p": null, "top_k": null, "max_tokens": 120, "seed": 42}, "prompt_tokens": 185, "completion_tokens": 126, "total_tokens": 311, "token_count_source": "tokenizer", "diffusion_steps": null, "flops_estimate": null, "flops_arch": null, "flops_model_params": null, "flops_active_params": null, "tokens_non_final": 5, "tokens_reasoning": 0, "tokens_response": 5, "elapsed_seconds": 51.49286508560181, "judgement": "Way off"}
{"id": "discounts_001203", "topic": "discounts", "subtopic": "threshold", "prompt": "Threshold coupon applies: $10 off $25+ spend. Cart: $21.83, $6.78, $19.19, $4.90. About how much do you pay?", "exact_value": 42.7, "model": "Dream-org/Dream-v0-Instruct-7B", "provider": "transformers", "response": "Final answer: 50", "numeric_answer": 50.0, "relative_error": 0.1709601873536299, "thinking_text": null, "has_tool_call": false, "tool_call": null, "usage": {"prompt_tokens": 191, "completion_tokens": 120, "total_tokens": 311, "token_count_source": "tokenizer"}, "decoding": {"temperature": 0.2, "top_p": null, "top_k": null, "max_tokens": 120, "seed": 42}, "prompt_tokens": 191, "completion_tokens": 120, "total_tokens": 311, "token_count_source": "tokenizer", "diffusion_steps": null, "flops_estimate": null, "flops_arch": null, "flops_model_params": null, "flops_active_params": null, "tokens_non_final": 3, "tokens_reasoning": 0, "tokens_response": 3, "elapsed_seconds": 51.49286508560181, "judgement": "Good approximation"}
{"id": "discounts_001223", "topic": "discounts", "subtopic": "bogo", "prompt": "BOGO sale (buy one, get one free; free item is the cheaper one in each pair). Items: $9.89, $5.43, $1.64. About how much do you pay?", "exact_value": 11.53, "model": "Dream-org/Dream-v0-Instruct-7B", "provider": "transformers", "response": "Final answer: 15", "numeric_answer": 15.0, "relative_error": 0.3009540329575022, "thinking_text": null, "has_tool_call": false, "tool_call": null, "usage": {"prompt_tokens": 190, "completion_tokens": 121, "total_tokens": 311, "token_count_source": "tokenizer"}, "decoding": {"temperature": 0.2, "top_p": null, "top_k": null, "max_tokens": 120, "seed": 42}, "prompt_tokens": 190, "completion_tokens": 121, "total_tokens": 311, "token_count_source": "tokenizer", "diffusion_steps": null, "flops_estimate": null, "flops_arch": null, "flops_model_params": null, "flops_active_params": null, "tokens_non_final": 3, "tokens_reasoning": 0, "tokens_response": 3, "elapsed_seconds": 51.49286508560181, "judgement": "Mildly off"}
{"id": "discounts_001243", "topic": "discounts", "subtopic": "bogo", "prompt": "BOGO sale (buy one, get one free; free item is the cheaper one in each pair). Items: $13.65, $11.87. About how much do you pay?", "exact_value": 13.65, "model": "Dream-org/Dream-v0-Instruct-7B", "provider": "transformers", "response": "<|im_end|>\n<|im_start|>assistant\nFinal answer: 14.", "numeric_answer": 14.0, "relative_error": 0.025641025641025616, "thinking_text": null, "has_tool_call": false, "tool_call": null, "usage": {"prompt_tokens": 186, "completion_tokens": 125, "total_tokens": 311, "token_count_source": "tokenizer"}, "decoding": {"temperature": 0.2, "top_p": null, "top_k": null, "max_tokens": 120, "seed": 42}, "prompt_tokens": 186, "completion_tokens": 125, "total_tokens": 311, "token_count_source": "tokenizer", "diffusion_steps": null, "flops_estimate": null, "flops_arch": null, "flops_model_params": null, "flops_active_params": null, "tokens_non_final": 5, "tokens_reasoning": 0, "tokens_response": 5, "elapsed_seconds": 51.49286508560181, "judgement": "Good approximation"}
{"id": "discounts_001263", "topic": "discounts", "subtopic": "stacked", "prompt": "Stacked deal: 20% off, then $10 coupon if you spend $30 or more. Cart: $7.97, $14.01, $20.15, $6.20. About how much do you pay?", "exact_value": 28.66, "model": "Dream-org/Dream-v0-Instruct-7B", "provider": "transformers", "response": "10's multiple.<|im_end|>\n<|im_start|>assistant\nFinal answer: 30", "numeric_answer": 30.0, "relative_error": 0.04675505931612002, "thinking_text": null, "has_tool_call": false, "tool_call": null, "usage": {"prompt_tokens": 201, "completion_tokens": 131, "total_tokens": 332, "token_count_source": "tokenizer"}, "decoding": {"temperature": 0.2, "top_p": null, "top_k": null, "max_tokens": 120, "seed": 42}, "prompt_tokens": 201, "completion_tokens": 131, "total_tokens": 332, "token_count_source": "tokenizer", "diffusion_steps": null, "flops_estimate": null, "flops_arch": null, "flops_model_params": null, "flops_active_params": null, "tokens_non_final": 6, "tokens_reasoning": 0, "tokens_response": 6, "elapsed_seconds": 55.74252533912659, "judgement": "Good approximation"}
{"id": "discounts_001283", "topic": "discounts", "subtopic": "bogo", "prompt": "BOGO sale (buy one, get one free; free item is the cheaper one in each pair). Items: $23.99, $18.08, $15.49, $11.69, $2.98, $1.77. About how much do you pay?", "exact_value": 42.46, "model": "Dream-org/Dream-v0-Instruct-7B", "provider": "transformers", "response": "Final answer: 50", "numeric_answer": 50.0, "relative_error": 0.17757889778615166, "thinking_text": null, "has_tool_call": false, "tool_call": null, "usage": {"prompt_tokens": 212, "completion_tokens": 120, "total_tokens": 332, "token_count_source": "tokenizer"}, "decoding": {"temperature": 0.2, "top_p": null, "top_k": null, "max_tokens": 120, "seed": 42}, "prompt_tokens": 212, "completion_tokens": 120, "total_tokens": 332, "token_count_source": "tokenizer", "diffusion_steps": null, "flops_estimate": null, "flops_arch": null, "flops_model_params": null, "flops_active_params": null, "tokens_non_final": 3, "tokens_reasoning": 0, "tokens_response": 3, "elapsed_seconds": 55.74252533912659, "judgement": "Good approximation"}
{"id": "discounts_001303", "topic": "discounts", "subtopic": "buy_n_get_m", "prompt": "Buy 3 get 1 free on items priced $5.20 each. You take 7 total. About how much do you pay?", "exact_value": 31.2, "model": "Dream-org/Dream-v0-Instruct-7B", "provider": "transformers", "response": "fraction, round the numbers to the nearest integer number before doing arithmetic calculations.\nIf the number is already an integer, round to nearly 5 or 10's multiple.<|im_end|>\n<|im_start|>assistant\nFinal answer: 15", "numeric_answer": 15.0, "relative_error": 0.5192307692307693, "thinking_text": null, "has_tool_call": false, "tool_call": null, "usage": {"prompt_tokens": 172, "completion_tokens": 160, "total_tokens": 332, "token_count_source": "tokenizer"}, "decoding": {"temperature": 0.2, "top_p": null, "top_k": null, "max_tokens": 120, "seed": 42}, "prompt_tokens": 172, "completion_tokens": 160, "total_tokens": 332, "token_count_source": "tokenizer", "diffusion_steps": null, "flops_estimate": null, "flops_arch": null, "flops_model_params": null, "flops_active_params": null, "tokens_non_final": 31, "tokens_reasoning": 0, "tokens_response": 31, "elapsed_seconds": 55.74252533912659, "judgement": "Mildly off"}
{"id": "discounts_001323", "topic": "discounts", "subtopic": "buy_n_get_m", "prompt": "Buy 5 get 2 free on items priced $6.90 each. You take 7 total. About how much do you pay?", "exact_value": 34.5, "model": "Dream-org/Dream-v0-Instruct-7B", "provider": "transformers", "response": "fraction, round the numbers to the nearest integer number before doing arithmetic calculations.\nIf the number is already an integer, round to nearly 5 or 10's multiple.<|im_end|>\n<|im_start|>assistant\nFinal answer: 35", "numeric_answer": 35.0, "relative_error": 0.014492753623188406, "thinking_text": null, "has_tool_call": false, "tool_call": null, "usage": {"prompt_tokens": 172, "completion_tokens": 160, "total_tokens": 332, "token_count_source": "tokenizer"}, "decoding": {"temperature": 0.2, "top_p": null, "top_k": null, "max_tokens": 120, "seed": 42}, "prompt_tokens": 172, "completion_tokens": 160, "total_tokens": 332, "token_count_source": "tokenizer", "diffusion_steps": null, "flops_estimate": null, "flops_arch": null, "flops_model_params": null, "flops_active_params": null, "tokens_non_final": 31, "tokens_reasoning": 0, "tokens_response": 31, "elapsed_seconds": 55.74252533912659, "judgement": "Good approximation"}
{"id": "discounts_001343", "topic": "discounts", "subtopic": "threshold", "prompt": "Threshold coupon applies: $5 off $30+ spend. Cart: $14.20, $6.64, $17.41, $15.16, $33.39. About how much do you pay?", "exact_value": 81.8, "model": "Dream-org/Dream-v0-Instruct-7B", "provider": "transformers", "response": "Final answer: 5", "numeric_answer": 5.0, "relative_error": 0.9388753056234719, "thinking_text": null, "has_tool_call": false, "tool_call": null, "usage": {"prompt_tokens": 198, "completion_tokens": 120, "total_tokens": 318, "token_count_source": "tokenizer"}, "decoding": {"temperature": 0.2, "top_p": null, "top_k": null, "max_tokens": 120, "seed": 42}, "prompt_tokens": 198, "completion_tokens": 120, "total_tokens": 318, "token_count_source": "tokenizer", "diffusion_steps": null, "flops_estimate": null, "flops_arch": null, "flops_model_params": null, "flops_active_params": null, "tokens_non_final": 3, "tokens_reasoning": 0, "tokens_response": 3, "elapsed_seconds": 51.650891065597534, "judgement": "Way off"}
{"id": "discounts_001363", "topic": "discounts", "subtopic": "percent", "prompt": "Cart: $17.94, $48.32, $33.85. A 25% discount applies to everything. About how much do you pay?", "exact_value": 75.08, "model": "Dream-org/Dream-v0-Instruct-7B", "provider": "transformers", "response": "to nearly 5 or 10's multiple.<|im_end|>\n<|im_start|>assistant\nFinal answer: $60", "numeric_answer": 5.0, "relative_error": 0.933404368673415, "thinking_text": null, "has_tool_call": false, "tool_call": null, "usage": {"prompt_tokens": 182, "completion_tokens": 136, "total_tokens": 318, "token_count_source": "tokenizer"}, "decoding": {"temperature": 0.2, "top_p": null, "top_k": null, "max_tokens": 120, "seed": 42}, "prompt_tokens": 182, "completion_tokens": 136, "total_tokens": 318, "token_count_source": "tokenizer", "diffusion_steps": null, "flops_estimate": null, "flops_arch": null, "flops_model_params": null, "flops_active_params": null, "tokens_non_final": 10, "tokens_reasoning": 0, "tokens_response": 10, "elapsed_seconds": 51.650891065597534, "judgement": "Way off"}
{"id": "discounts_001383", "topic": "discounts", "subtopic": "buy_n_get_m", "prompt": "Buy 5 get 2 free on items priced $2.51 each. You take 8 total. About how much do you pay?", "exact_value": 15.06, "model": "Dream-org/Dream-v0-Instruct-7B", "provider": "transformers", "response": ".\nIf the number is already an integer, round to nearly 5 or 10's multiple.<|im_end|>\n<|im_start|>assistant\nFinal answer: 10", "numeric_answer": 10.0, "relative_error": 0.3359893758300133, "thinking_text": null, "has_tool_call": false, "tool_call": null, "usage": {"prompt_tokens": 172, "completion_tokens": 146, "total_tokens": 318, "token_count_source": "tokenizer"}, "decoding": {"temperature": 0.2, "top_p": null, "top_k": null, "max_tokens": 120, "seed": 42}, "prompt_tokens": 172, "completion_tokens": 146, "total_tokens": 318, "token_count_source": "tokenizer", "diffusion_steps": null, "flops_estimate": null, "flops_arch": null, "flops_model_params": null, "flops_active_params": null, "tokens_non_final": 19, "tokens_reasoning": 0, "tokens_response": 19, "elapsed_seconds": 51.650891065597534, "judgement": "Mildly off"}
{"id": "discounts_001403", "topic": "discounts", "subtopic": "percent", "prompt": "Cart: $49.45, $5.75. A 15% discount applies to everything. About how much do you pay?", "exact_value": 46.92, "model": "Dream-org/Dream-v0-Instruct-7B", "provider": "transformers", "response": "the number is already an integer, round to nearly 5 or 10's multiple.<|im_end|>\n<|im_start|>assistant\nFinal answer: 4", "numeric_answer": 4.0, "relative_error": 0.9147485080988917, "thinking_text": null, "has_tool_call": false, "tool_call": null, "usage": {"prompt_tokens": 174, "completion_tokens": 144, "total_tokens": 318, "token_count_source": "tokenizer"}, "decoding": {"temperature": 0.2, "top_p": null, "top_k": null, "max_tokens": 120, "seed": 42}, "prompt_tokens": 174, "completion_tokens": 144, "total_tokens": 318, "token_count_source": "tokenizer", "diffusion_steps": null, "flops_estimate": null, "flops_arch": null, "flops_model_params": null, "flops_active_params": null, "tokens_non_final": 17, "tokens_reasoning": 0, "tokens_response": 17, "elapsed_seconds": 51.650891065597534, "judgement": "Way off"}
{"id": "discounts_001423", "topic": "discounts", "subtopic": "stacked", "prompt": "Stacked deal: 15% off, then $5 coupon if you spend $30 or more. Cart: $19.07, $30.50, $14.10, $29.57, $24.48, $18.89. About how much do you pay?", "exact_value": 111.12, "model": "Dream-org/Dream-v0-Instruct-7B", "provider": "transformers", "response": "Final answer: 70", "numeric_answer": 70.0, "relative_error": 0.37005039596832257, "thinking_text": null, "has_tool_call": false, "tool_call": null, "usage": {"prompt_tokens": 216, "completion_tokens": 120, "total_tokens": 336, "token_count_source": "tokenizer"}, "decoding": {"temperature": 0.2, "top_p": null, "top_k": null, "max_tokens": 120, "seed": 42}, "prompt_tokens": 216, "completion_tokens": 120, "total_tokens": 336, "token_count_source": "tokenizer", "diffusion_steps": null, "flops_estimate": null, "flops_arch": null, "flops_model_params": null, "flops_active_params": null, "tokens_non_final": 3, "tokens_reasoning": 0, "tokens_response": 3, "elapsed_seconds": 55.83012843132019, "judgement": "Mildly off"}
{"id": "discounts_001443", "topic": "discounts", "subtopic": "threshold", "prompt": "Threshold coupon applies: $5 off $40+ spend. Cart: $30.27, $5.01, $32.89, $4.11. About how much do you pay?", "exact_value": 67.28, "model": "Dream-org/Dream-v0-Instruct-7B", "provider": "transformers", "response": ".\nIf the number is already an integer, round to nearly 5 or 10's multiple.<|im_end|>\n<|im_start|>assistant\nFinal answer: 65", "numeric_answer": 65.0, "relative_error": 0.033888228299643296, "thinking_text": null, "has_tool_call": false, "tool_call": null, "usage": {"prompt_tokens": 190, "completion_tokens": 146, "total_tokens": 336, "token_count_source": "tokenizer"}, "decoding": {"temperature": 0.2, "top_p": null, "top_k": null, "max_tokens": 120, "seed": 42}, "prompt_tokens": 190, "completion_tokens": 146, "total_tokens": 336, "token_count_source": "tokenizer", "diffusion_steps": null, "flops_estimate": null, "flops_arch": null, "flops_model_params": null, "flops_active_params": null, "tokens_non_final": 19, "tokens_reasoning": 0, "tokens_response": 19, "elapsed_seconds": 55.83012843132019, "judgement": "Good approximation"}
{"id": "discounts_001463", "topic": "discounts", "subtopic": "stacked", "prompt": "Stacked deal: 20% off, then $10 coupon if you spend $50 or more. Cart: $17.21, $5.84, $30.05. About how much do you pay?", "exact_value": 42.48, "model": "Dream-org/Dream-v0-Instruct-7B", "provider": "transformers", "response": "already an integer, round to nearly 5 or 10's multiple.<|im_end|>\n<|im_start|>assistant\nFinal answer: 40", "numeric_answer": 40.0, "relative_error": 0.05838041431261763, "thinking_text": null, "has_tool_call": false, "tool_call": null, "usage": {"prompt_tokens": 195, "completion_tokens": 141, "total_tokens": 336, "token_count_source": "tokenizer"}, "decoding": {"temperature": 0.2, "top_p": null, "top_k": null, "max_tokens": 120, "seed": 42}, "prompt_tokens": 195, "completion_tokens": 141, "total_tokens": 336, "token_count_source": "tokenizer", "diffusion_steps": null, "flops_estimate": null, "flops_arch": null, "flops_model_params": null, "flops_active_params": null, "tokens_non_final": 14, "tokens_reasoning": 0, "tokens_response": 14, "elapsed_seconds": 55.83012843132019, "judgement": "Good approximation"}
{"id": "discounts_001483", "topic": "discounts", "subtopic": "stacked", "prompt": "Stacked deal: 20% off, then $5 coupon if you spend $40 or more. Cart: $7.98, $13.08, $39.62, $23.53, $7.04, $16.41. About how much do you pay?", "exact_value": 81.13, "model": "Dream-org/Dream-v0-Instruct-7B", "provider": "transformers", "response": "assistant\nFinal answer: 35", "numeric_answer": 35.0, "relative_error": 0.5685936151855048, "thinking_text": null, "has_tool_call": false, "tool_call": null, "usage": {"prompt_tokens": 214, "completion_tokens": 122, "total_tokens": 336, "token_count_source": "tokenizer"}, "decoding": {"temperature": 0.2, "top_p": null, "top_k": null, "max_tokens": 120, "seed": 42}, "prompt_tokens": 214, "completion_tokens": 122, "total_tokens": 336, "token_count_source": "tokenizer", "diffusion_steps": null, "flops_estimate": null, "flops_arch": null, "flops_model_params": null, "flops_active_params": null, "tokens_non_final": 4, "tokens_reasoning": 0, "tokens_response": 4, "elapsed_seconds": 55.83012843132019, "judgement": "Mildly off"}
{"id": "discounts_001503", "topic": "discounts", "subtopic": "stacked", "prompt": "Stacked deal: 15% off, then $10 coupon if you spend $30 or more. Cart: $5.05, $35.87, $13.37, $20.23, $19.52, $14.94. About how much do you pay?", "exact_value": 82.63, "model": "Dream-org/Dream-v0-Instruct-7B", "provider": "transformers", "response": "Final answer: 15", "numeric_answer": 15.0, "relative_error": 0.8184678688127799, "thinking_text": null, "has_tool_call": false, "tool_call": null, "usage": {"prompt_tokens": 216, "completion_tokens": 120, "total_tokens": 336, "token_count_source": "tokenizer"}, "decoding": {"temperature": 0.2, "top_p": null, "top_k": null, "max_tokens": 120, "seed": 42}, "prompt_tokens": 216, "completion_tokens": 120, "total_tokens": 336, "token_count_source": "tokenizer", "diffusion_steps": null, "flops_estimate": null, "flops_arch": null, "flops_model_params": null, "flops_active_params": null, "tokens_non_final": 3, "tokens_reasoning": 0, "tokens_response": 3, "elapsed_seconds": 55.68639135360718, "judgement": "Way off"}
{"id": "discounts_001523", "topic": "discounts", "subtopic": "percent", "prompt": "Cart: $17.62, $17.49. A 25% discount applies to everything. About how much do you pay?", "exact_value": 26.33, "model": "Dream-org/Dream-v0-Instruct-7B", "provider": "transformers", "response": "a fraction, round the numbers to the nearest integer number before doing arithmetic calculations.\nIf the number is already an integer, round to nearly 5 or 10's multiple.<|im_end|>\n<|im_start|>assistant\nFinal answer: $30", "numeric_answer": 5.0, "relative_error": 0.810102544625902, "thinking_text": null, "has_tool_call": false, "tool_call": null, "usage": {"prompt_tokens": 175, "completion_tokens": 161, "total_tokens": 336, "token_count_source": "tokenizer"}, "decoding": {"temperature": 0.2, "top_p": null, "top_k": null, "max_tokens": 120, "seed": 42}, "prompt_tokens": 175, "completion_tokens": 161, "total_tokens": 336, "token_count_source": "tokenizer", "diffusion_steps": null, "flops_estimate": null, "flops_arch": null, "flops_model_params": null, "flops_active_params": null, "tokens_non_final": 32, "tokens_reasoning": 0, "tokens_response": 32, "elapsed_seconds": 55.68639135360718, "judgement": "Way off"}
{"id": "discounts_001543", "topic": "discounts", "subtopic": "percent", "prompt": "Cart: $41.40, $12.55, $25.87, $24.13. A 10% discount applies to everything. About how much do you pay?", "exact_value": 93.56, "model": "Dream-org/Dream-v0-Instruct-7B", "provider": "transformers", "response": "calculations.\nIf the number is already an integer, round to nearly 5 or 10's multiple.<|im_end|>\n<|im_start|>assistant\nFinal answer: 8", "numeric_answer": 8.0, "relative_error": 0.9144933732364259, "thinking_text": null, "has_tool_call": false, "tool_call": null, "usage": {"prompt_tokens": 189, "completion_tokens": 147, "total_tokens": 336, "token_count_source": "tokenizer"}, "decoding": {"temperature": 0.2, "top_p": null, "top_k": null, "max_tokens": 120, "seed": 42}, "prompt_tokens": 189, "completion_tokens": 147, "total_tokens": 336, "token_count_source": "tokenizer", "diffusion_steps": null, "flops_estimate": null, "flops_arch": null, "flops_model_params": null, "flops_active_params": null, "tokens_non_final": 19, "tokens_reasoning": 0, "tokens_response": 19, "elapsed_seconds": 55.68639135360718, "judgement": "Way off"}
{"id": "discounts_001563", "topic": "discounts", "subtopic": "buy_n_get_m", "prompt": "Buy 5 get 2 free on items priced $6.56 each. You take 13 total. About how much do you pay?", "exact_value": 65.6, "model": "Dream-org/Dream-v0-Instruct-7B", "provider": "transformers", "response": "number is a fraction, round the numbers to the nearest integer number before doing arithmetic calculations.\nIf the number is already an integer, round to nearly 5 or 10's multiple.<|im_end|>\n<|im_start|>assistant\nFinal answer: 60", "numeric_answer": 60.0, "relative_error": 0.08536585365853651, "thinking_text": null, "has_tool_call": false, "tool_call": null, "usage": {"prompt_tokens": 173, "completion_tokens": 163, "total_tokens": 336, "token_count_source": "tokenizer"}, "decoding": {"temperature": 0.2, "top_p": null, "top_k": null, "max_tokens": 120, "seed": 42}, "prompt_tokens": 173, "completion_tokens": 163, "total_tokens": 336, "token_count_source": "tokenizer", "diffusion_steps": null, "flops_estimate": null, "flops_arch": null, "flops_model_params": null, "flops_active_params": null, "tokens_non_final": 34, "tokens_reasoning": 0, "tokens_response": 34, "elapsed_seconds": 55.68639135360718, "judgement": "Good approximation"}
{"id": "discounts_001583", "topic": "discounts", "subtopic": "percent", "prompt": "Cart: $16.59, $10.20. A 25% discount applies to everything. About how much do you pay?", "exact_value": 20.09, "model": "Dream-org/Dream-v0-Instruct-7B", "provider": "transformers", "response": "nearest integer number before doing arithmetic calculations.\nIf the number is already an integer, round to nearly 5 or 10's multiple.<|im_end|>\n<|im_start|>assistant\nFinal answer: 20.", "numeric_answer": 20.0, "relative_error": 0.0044798407167745075, "thinking_text": null, "has_tool_call": false, "tool_call": null, "usage": {"prompt_tokens": 175, "completion_tokens": 153, "total_tokens": 328, "token_count_source": "tokenizer"}, "decoding": {"temperature": 0.2, "top_p": null, "top_k": null, "max_tokens": 120, "seed": 42}, "prompt_tokens": 175, "completion_tokens": 153, "total_tokens": 328, "token_count_source": "tokenizer", "diffusion_steps": null, "flops_estimate": null, "flops_arch": null, "flops_model_params": null, "flops_active_params": null, "tokens_non_final": 25, "tokens_reasoning": 0, "tokens_response": 25, "elapsed_seconds": 55.426779985427856, "judgement": "Good approximation"}
{"id": "discounts_001603", "topic": "discounts", "subtopic": "stacked", "prompt": "Stacked deal: 15% off, then $5 coupon if you spend $40 or more. Cart: $30.66, $8.69, $10.48, $36.69, $30.92. About how much do you pay?", "exact_value": 94.82, "model": "Dream-org/Dream-v0-Instruct-7B", "provider": "transformers", "response": "Final answer: 70", "numeric_answer": 70.0, "relative_error": 0.2617591225479856, "thinking_text": null, "has_tool_call": false, "tool_call": null, "usage": {"prompt_tokens": 208, "completion_tokens": 120, "total_tokens": 328, "token_count_source": "tokenizer"}, "decoding": {"temperature": 0.2, "top_p": null, "top_k": null, "max_tokens": 120, "seed": 42}, "prompt_tokens": 208, "completion_tokens": 120, "total_tokens": 328, "token_count_source": "tokenizer", "diffusion_steps": null, "flops_estimate": null, "flops_arch": null, "flops_model_params": null, "flops_active_params": null, "tokens_non_final": 3, "tokens_reasoning": 0, "tokens_response": 3, "elapsed_seconds": 55.426779985427856, "judgement": "Mildly off"}
{"id": "discounts_001623", "topic": "discounts", "subtopic": "threshold", "prompt": "Threshold coupon applies: $15 off $25+ spend. Cart: $27.63, $11.37, $28.67, $23.20, $7.60. About how much do you pay?", "exact_value": 83.47, "model": "Dream-org/Dream-v0-Instruct-7B", "provider": "transformers", "response": "0's multiple.<|im_end|>\n<|im_start|>assistant\nFinal answer: 80", "numeric_answer": 80.0, "relative_error": 0.04157182221157301, "thinking_text": null, "has_tool_call": false, "tool_call": null, "usage": {"prompt_tokens": 199, "completion_tokens": 129, "total_tokens": 328, "token_count_source": "tokenizer"}, "decoding": {"temperature": 0.2, "top_p": null, "top_k": null, "max_tokens": 120, "seed": 42}, "prompt_tokens": 199, "completion_tokens": 129, "total_tokens": 328, "token_count_source": "tokenizer", "diffusion_steps": null, "flops_estimate": null, "flops_arch": null, "flops_model_params": null, "flops_active_params": null, "tokens_non_final": 6, "tokens_reasoning": 0, "tokens_response": 6, "elapsed_seconds": 55.426779985427856, "judgement": "Good approximation"}
{"id": "discounts_001643", "topic": "discounts", "subtopic": "percent", "prompt": "Cart: $6.86, $18.76, $18.57. A 25% discount applies to everything. About how much do you pay?", "exact_value": 33.14, "model": "Dream-org/Dream-v0-Instruct-7B", "provider": "transformers", "response": "calculations.\nIf the number is already an integer, round to nearly 5 or 10's multiple.<|im_end|>\n<|im_start|>assistant\nFinal answer: 28", "numeric_answer": 28.0, "relative_error": 0.1550995775497888, "thinking_text": null, "has_tool_call": false, "tool_call": null, "usage": {"prompt_tokens": 181, "completion_tokens": 147, "total_tokens": 328, "token_count_source": "tokenizer"}, "decoding": {"temperature": 0.2, "top_p": null, "top_k": null, "max_tokens": 120, "seed": 42}, "prompt_tokens": 181, "completion_tokens": 147, "total_tokens": 328, "token_count_source": "tokenizer", "diffusion_steps": null, "flops_estimate": null, "flops_arch": null, "flops_model_params": null, "flops_active_params": null, "tokens_non_final": 19, "tokens_reasoning": 0, "tokens_response": 19, "elapsed_seconds": 55.426779985427856, "judgement": "Good approximation"}
{"id": "discounts_001663", "topic": "discounts", "subtopic": "percent", "prompt": "Cart: $12.12, $48.45, $47.34, $46.59. A 15% discount applies to everything. About how much do you pay?", "exact_value": 131.33, "model": "Dream-org/Dream-v0-Instruct-7B", "provider": "transformers", "response": "10's multiple.<|im_end|>\n<|im_start|>assistant\nFinal answer: 100", "numeric_answer": 100.0, "relative_error": 0.23855935429833253, "thinking_text": null, "has_tool_call": false, "tool_call": null, "usage": {"prompt_tokens": 189, "completion_tokens": 130, "total_tokens": 319, "token_count_source": "tokenizer"}, "decoding": {"temperature": 0.2, "top_p": null, "top_k": null, "max_tokens": 120, "seed": 42}, "prompt_tokens": 189, "completion_tokens": 130, "total_tokens": 319, "token_count_source": "tokenizer", "diffusion_steps": null, "flops_estimate": null, "flops_arch": null, "flops_model_params": null, "flops_active_params": null, "tokens_non_final": 6, "tokens_reasoning": 0, "tokens_response": 6, "elapsed_seconds": 51.6561324596405, "judgement": "Mildly off"}
{"id": "discounts_001683", "topic": "discounts", "subtopic": "threshold", "prompt": "Threshold coupon applies: $10 off $50+ spend. Cart: $26.16, $9.78, $26.05, $18.31, $13.69. About how much do you pay?", "exact_value": 83.99, "model": "Dream-org/Dream-v0-Instruct-7B", "provider": "transformers", "response": "Final answer: 6", "numeric_answer": 6.0, "relative_error": 0.9285629241576379, "thinking_text": null, "has_tool_call": false, "tool_call": null, "usage": {"prompt_tokens": 199, "completion_tokens": 120, "total_tokens": 319, "token_count_source": "tokenizer"}, "decoding": {"temperature": 0.2, "top_p": null, "top_k": null, "max_tokens": 120, "seed": 42}, "prompt_tokens": 199, "completion_tokens": 120, "total_tokens": 319, "token_count_source": "tokenizer", "diffusion_steps": null, "flops_estimate": null, "flops_arch": null, "flops_model_params": null, "flops_active_params": null, "tokens_non_final": 3, "tokens_reasoning": 0, "tokens_response": 3, "elapsed_seconds": 51.6561324596405, "judgement": "Way off"}
{"id": "discounts_001703", "topic": "discounts", "subtopic": "percent", "prompt": "Cart: $19.62, $31.18, $3.11, $24.12. A 30% discount applies to everything. About how much do you pay?", "exact_value": 54.62, "model": "Dream-org/Dream-v0-Instruct-7B", "provider": "transformers", "response": "10's multiple.<|im_end|>\n<|im_start|>assistant\nFinal answer: $60", "numeric_answer": 10.0, "relative_error": 0.8169168802636397, "thinking_text": null, "has_tool_call": false, "tool_call": null, "usage": {"prompt_tokens": 188, "completion_tokens": 131, "total_tokens": 319, "token_count_source": "tokenizer"}, "decoding": {"temperature": 0.2, "top_p": null, "top_k": null, "max_tokens": 120, "seed": 42}, "prompt_tokens": 188, "completion_tokens": 131, "total_tokens": 319, "token_count_source": "tokenizer", "diffusion_steps": null, "flops_estimate": null, "flops_arch": null, "flops_model_params": null, "flops_active_params": null, "tokens_non_final": 6, "tokens_reasoning": 0, "tokens_response": 6, "elapsed_seconds": 51.6561324596405, "judgement": "Way off"}
{"id": "discounts_001723", "topic": "discounts", "subtopic": "buy_n_get_m", "prompt": "Buy 4 get 2 free on items priced $2.55 each. You take 8 total. About how much do you pay?", "exact_value": 15.3, "model": "Dream-org/Dream-v0-Instruct-7B", "provider": "transformers", "response": "calculations.\nIf the number is already an integer, round to nearly 5 or 10's multiple.<|im_end|>\n<|im_start|>assistant\nFinal answer: 20", "numeric_answer": 20.0, "relative_error": 0.3071895424836601, "thinking_text": null, "has_tool_call": false, "tool_call": null, "usage": {"prompt_tokens": 172, "completion_tokens": 147, "total_tokens": 319, "token_count_source": "tokenizer"}, "decoding": {"temperature": 0.2, "top_p": null, "top_k": null, "max_tokens": 120, "seed": 42}, "prompt_tokens": 172, "completion_tokens": 147, "total_tokens": 319, "token_count_source": "tokenizer", "diffusion_steps": null, "flops_estimate": null, "flops_arch": null, "flops_model_params": null, "flops_active_params": null, "tokens_non_final": 19, "tokens_reasoning": 0, "tokens_response": 19, "elapsed_seconds": 51.6561324596405, "judgement": "Mildly off"}
{"id": "discounts_001743", "topic": "discounts", "subtopic": "threshold", "prompt": "Threshold coupon applies: $5 off $30+ spend. Cart: $4.15, $6.42, $8.97. About how much do you pay?", "exact_value": 19.54, "model": "Dream-org/Dream-v0-Instruct-7B", "provider": "transformers", "response": "nearest integer number before doing arithmetic calculations.\nIf the number is already an integer, round to nearly 5 or 10's multiple.<|im_end|>\n<|im_start|>assistant\nFinal answer: 20", "numeric_answer": 20.0, "relative_error": 0.023541453428863914, "thinking_text": null, "has_tool_call": false, "tool_call": null, "usage": {"prompt_tokens": 182, "completion_tokens": 153, "total_tokens": 335, "token_count_source": "tokenizer"}, "decoding": {"temperature": 0.2, "top_p": null, "top_k": null, "max_tokens": 120, "seed": 42}, "prompt_tokens": 182, "completion_tokens": 153, "total_tokens": 335, "token_count_source": "tokenizer", "diffusion_steps": null, "flops_estimate": null, "flops_arch": null, "flops_model_params": null, "flops_active_params": null, "tokens_non_final": 25, "tokens_reasoning": 0, "tokens_response": 25, "elapsed_seconds": 55.94037890434265, "judgement": "Good approximation"}
{"id": "discounts_001763", "topic": "discounts", "subtopic": "bogo", "prompt": "BOGO sale (buy one, get one free; free item is the cheaper one in each pair). Items: $12.69, $11.21, $2.47. About how much do you pay?", "exact_value": 15.16, "model": "Dream-org/Dream-v0-Instruct-7B", "provider": "transformers", "response": "number is already an integer, round to nearly 5 or 10's multiple.<|im_end|>\n<|im_start|>assistant\nFinal answer: 9", "numeric_answer": 9.0, "relative_error": 0.40633245382585753, "thinking_text": null, "has_tool_call": false, "tool_call": null, "usage": {"prompt_tokens": 192, "completion_tokens": 143, "total_tokens": 335, "token_count_source": "tokenizer"}, "decoding": {"temperature": 0.2, "top_p": null, "top_k": null, "max_tokens": 120, "seed": 42}, "prompt_tokens": 192, "completion_tokens": 143, "total_tokens": 335, "token_count_source": "tokenizer", "diffusion_steps": null, "flops_estimate": null, "flops_arch": null, "flops_model_params": null, "flops_active_params": null, "tokens_non_final": 16, "tokens_reasoning": 0, "tokens_response": 16, "elapsed_seconds": 55.94037890434265, "judgement": "Mildly off"}
{"id": "discounts_001783", "topic": "discounts", "subtopic": "stacked", "prompt": "Stacked deal: 15% off, then $5 coupon if you spend $40 or more. Cart: $7.00, $16.49, $25.56, $15.94, $17.74, $31.47. About how much do you pay?", "exact_value": 92.07, "model": "Dream-org/Dream-v0-Instruct-7B", "provider": "transformers", "response": "Final answer: 60", "numeric_answer": 60.0, "relative_error": 0.3483219289670902, "thinking_text": null, "has_tool_call": false, "tool_call": null, "usage": {"prompt_tokens": 215, "completion_tokens": 120, "total_tokens": 335, "token_count_source": "tokenizer"}, "decoding": {"temperature": 0.2, "top_p": null, "top_k": null, "max_tokens": 120, "seed": 42}, "prompt_tokens": 215, "completion_tokens": 120, "total_tokens": 335, "token_count_source": "tokenizer", "diffusion_steps": null, "flops_estimate": null, "flops_arch": null, "flops_model_params": null, "flops_active_params": null, "tokens_non_final": 3, "tokens_reasoning": 0, "tokens_response": 3, "elapsed_seconds": 55.94037890434265, "judgement": "Mildly off"}
{"id": "discounts_001803", "topic": "discounts", "subtopic": "stacked", "prompt": "Stacked deal: 20% off, then $5 coupon if you spend $30 or more. Cart: $33.03, $6.30, $5.14, $29.72. About how much do you pay?", "exact_value": 54.35, "model": "Dream-org/Dream-v0-Instruct-7B", "provider": "transformers", "response": "nearly 5 or 10's multiple.<|im_end|>\n<|im_start|>assistant\nFinal answer: 50", "numeric_answer": 50.0, "relative_error": 0.08003679852805891, "thinking_text": null, "has_tool_call": false, "tool_call": null, "usage": {"prompt_tokens": 200, "completion_tokens": 135, "total_tokens": 335, "token_count_source": "tokenizer"}, "decoding": {"temperature": 0.2, "top_p": null, "top_k": null, "max_tokens": 120, "seed": 42}, "prompt_tokens": 200, "completion_tokens": 135, "total_tokens": 335, "token_count_source": "tokenizer", "diffusion_steps": null, "flops_estimate": null, "flops_arch": null, "flops_model_params": null, "flops_active_params": null, "tokens_non_final": 9, "tokens_reasoning": 0, "tokens_response": 9, "elapsed_seconds": 55.94037890434265, "judgement": "Good approximation"}
{"id": "discounts_001823", "topic": "discounts", "subtopic": "bogo", "prompt": "BOGO sale (buy one, get one free; free item is the cheaper one in each pair). Items: $12.69, $12.41, $11.69, $9.51. About how much do you pay?", "exact_value": 24.38, "model": "Dream-org/Dream-v0-Instruct-7B", "provider": "transformers", "response": "Final answer: 38", "numeric_answer": 38.0, "relative_error": 0.5586546349466777, "thinking_text": null, "has_tool_call": false, "tool_call": null, "usage": {"prompt_tokens": 199, "completion_tokens": 120, "total_tokens": 319, "token_count_source": "tokenizer"}, "decoding": {"temperature": 0.2, "top_p": null, "top_k": null, "max_tokens": 120, "seed": 42}, "prompt_tokens": 199, "completion_tokens": 120, "total_tokens": 319, "token_count_source": "tokenizer", "diffusion_steps": null, "flops_estimate": null, "flops_arch": null, "flops_model_params": null, "flops_active_params": null, "tokens_non_final": 3, "tokens_reasoning": 0, "tokens_response": 3, "elapsed_seconds": 51.73734521865845, "judgement": "Mildly off"}
{"id": "discounts_001843", "topic": "discounts", "subtopic": "buy_n_get_m", "prompt": "Buy 4 get 2 free on items priced $5.69 each. You take 7 total. About how much do you pay?", "exact_value": 28.45, "model": "Dream-org/Dream-v0-Instruct-7B", "provider": "transformers", "response": "calculations.\nIf the number is already an integer, round to nearly 5 or 10's multiple.<|im_end|>\n<|im_start|>assistant\nFinal answer: 35", "numeric_answer": 35.0, "relative_error": 0.2302284710017575, "thinking_text": null, "has_tool_call": false, "tool_call": null, "usage": {"prompt_tokens": 172, "completion_tokens": 147, "total_tokens": 319, "token_count_source": "tokenizer"}, "decoding": {"temperature": 0.2, "top_p": null, "top_k": null, "max_tokens": 120, "seed": 42}, "prompt_tokens": 172, "completion_tokens": 147, "total_tokens": 319, "token_count_source": "tokenizer", "diffusion_steps": null, "flops_estimate": null, "flops_arch": null, "flops_model_params": null, "flops_active_params": null, "tokens_non_final": 19, "tokens_reasoning": 0, "tokens_response": 19, "elapsed_seconds": 51.73734521865845, "judgement": "Mildly off"}
{"id": "discounts_001863", "topic": "discounts", "subtopic": "percent", "prompt": "Cart: $49.70, $10.83, $19.81, $44.58. A 20% discount applies to everything. About how much do you pay?", "exact_value": 99.94, "model": "Dream-org/Dream-v0-Instruct-7B", "provider": "transformers", "response": "10's multiple.<|im_end|>\n<|im_start|>assistant\nFinal answer: 70", "numeric_answer": 70.0, "relative_error": 0.2995797478487092, "thinking_text": null, "has_tool_call": false, "tool_call": null, "usage": {"prompt_tokens": 189, "completion_tokens": 130, "total_tokens": 319, "token_count_source": "tokenizer"}, "decoding": {"temperature": 0.2, "top_p": null, "top_k": null, "max_tokens": 120, "seed": 42}, "prompt_tokens": 189, "completion_tokens": 130, "total_tokens": 319, "token_count_source": "tokenizer", "diffusion_steps": null, "flops_estimate": null, "flops_arch": null, "flops_model_params": null, "flops_active_params": null, "tokens_non_final": 6, "tokens_reasoning": 0, "tokens_response": 6, "elapsed_seconds": 51.73734521865845, "judgement": "Mildly off"}
{"id": "taxes_000125", "topic": "taxes", "subtopic": "pre_discount_tax", "prompt": "Cart: $17.54, $53.38, $24.54, $55.21. Local sales tax is 6.0% (tax calculated before discount). About how much is the total?", "exact_value": 159.71, "model": "Dream-org/Dream-v0-Instruct-7B", "provider": "transformers", "response": "<|im_end|>\n<|im_start|>assistant\nFinal answer: $145.", "numeric_answer": 145.0, "relative_error": 0.09210443929622446, "thinking_text": null, "has_tool_call": false, "tool_call": null, "usage": {"prompt_tokens": 194, "completion_tokens": 125, "total_tokens": 319, "token_count_source": "tokenizer"}, "decoding": {"temperature": 0.2, "top_p": null, "top_k": null, "max_tokens": 120, "seed": 42}, "prompt_tokens": 194, "completion_tokens": 125, "total_tokens": 319, "token_count_source": "tokenizer", "diffusion_steps": null, "flops_estimate": null, "flops_arch": null, "flops_model_params": null, "flops_active_params": null, "tokens_non_final": 5, "tokens_reasoning": 0, "tokens_response": 5, "elapsed_seconds": 51.73734521865845, "judgement": "Good approximation"}
{"id": "taxes_000145", "topic": "taxes", "subtopic": "post_discount_tax", "prompt": "Cart: $18.69, $24.12, $48.37 with a 15% store discount. Local sales tax is 8.5% (tax after discount). About how much is the total?", "exact_value": 84.09, "model": "Dream-org/Dream-v0-Instruct-7B", "provider": "transformers", "response": "Final answer: 100", "numeric_answer": 100.0, "relative_error": 0.1892020454275181, "thinking_text": null, "has_tool_call": false, "tool_call": null, "usage": {"prompt_tokens": 194, "completion_tokens": 120, "total_tokens": 314, "token_count_source": "tokenizer"}, "decoding": {"temperature": 0.2, "top_p": null, "top_k": null, "max_tokens": 120, "seed": 42}, "prompt_tokens": 194, "completion_tokens": 120, "total_tokens": 314, "token_count_source": "tokenizer", "diffusion_steps": null, "flops_estimate": null, "flops_arch": null, "flops_model_params": null, "flops_active_params": null, "tokens_non_final": 3, "tokens_reasoning": 0, "tokens_response": 3, "elapsed_seconds": 51.72533082962036, "judgement": "Good approximation"}
{"id": "taxes_000165", "topic": "taxes", "subtopic": "post_discount_tax", "prompt": "Cart: $36.35, $28.85, $37.41, $21.33. Local sales tax is 7.0% (tax after discount). About how much is the total?", "exact_value": 132.62, "model": "Dream-org/Dream-v0-Instruct-7B", "provider": "transformers", "response": "Final answer: 100", "numeric_answer": 100.0, "relative_error": 0.24596591765947823, "thinking_text": null, "has_tool_call": false, "tool_call": null, "usage": {"prompt_tokens": 193, "completion_tokens": 121, "total_tokens": 314, "token_count_source": "tokenizer"}, "decoding": {"temperature": 0.2, "top_p": null, "top_k": null, "max_tokens": 120, "seed": 42}, "prompt_tokens": 193, "completion_tokens": 121, "total_tokens": 314, "token_count_source": "tokenizer", "diffusion_steps": null, "flops_estimate": null, "flops_arch": null, "flops_model_params": null, "flops_active_params": null, "tokens_non_final": 3, "tokens_reasoning": 0, "tokens_response": 3, "elapsed_seconds": 51.72533082962036, "judgement": "Mildly off"}
{"id": "taxes_000185", "topic": "taxes", "subtopic": "post_discount_tax", "prompt": "Cart: $39.06, $55.17, $5.30 with a 10% store discount. Local sales tax is 8.5% (tax after discount). About how much is the total?", "exact_value": 97.19, "model": "Dream-org/Dream-v0-Instruct-7B", "provider": "transformers", "response": "Final answer: 90", "numeric_answer": 90.0, "relative_error": 0.07397880440374521, "thinking_text": null, "has_tool_call": false, "tool_call": null, "usage": {"prompt_tokens": 193, "completion_tokens": 121, "total_tokens": 314, "token_count_source": "tokenizer"}, "decoding": {"temperature": 0.2, "top_p": null, "top_k": null, "max_tokens": 120, "seed": 42}, "prompt_tokens": 193, "completion_tokens": 121, "total_tokens": 314, "token_count_source": "tokenizer", "diffusion_steps": null, "flops_estimate": null, "flops_arch": null, "flops_model_params": null, "flops_active_params": null, "tokens_non_final": 3, "tokens_reasoning": 0, "tokens_response": 3, "elapsed_seconds": 51.72533082962036, "judgement": "Good approximation"}
{"id": "taxes_000205", "topic": "taxes", "subtopic": "post_discount_tax", "prompt": "Cart: $32.18, $47.34 with a 15% store discount. Local sales tax is 7.5% (tax after discount). About how much is the total?", "exact_value": 72.66, "model": "Dream-org/Dream-v0-Instruct-7B", "provider": "transformers", "response": "multiple.<|im_end|>\n<|im_start|>assistant\nFinal answer: 8", "numeric_answer": 8.0, "relative_error": 0.8898981557941096, "thinking_text": null, "has_tool_call": false, "tool_call": null, "usage": {"prompt_tokens": 187, "completion_tokens": 127, "total_tokens": 314, "token_count_source": "tokenizer"}, "decoding": {"temperature": 0.2, "top_p": null, "top_k": null, "max_tokens": 120, "seed": 42}, "prompt_tokens": 187, "completion_tokens": 127, "total_tokens": 314, "token_count_source": "tokenizer", "diffusion_steps": null, "flops_estimate": null, "flops_arch": null, "flops_model_params": null, "flops_active_params": null, "tokens_non_final": 5, "tokens_reasoning": 0, "tokens_response": 5, "elapsed_seconds": 51.72533082962036, "judgement": "Way off"}
{"id": "taxes_000225", "topic": "taxes", "subtopic": "pre_discount_tax", "prompt": "Cart: $46.98, $51.52 with a 20% store discount. Local sales tax is 7.0% (tax calculated before discount). About how much is the total?", "exact_value": 85.7, "model": "Dream-org/Dream-v0-Instruct-7B", "provider": "transformers", "response": "Final answer: 9", "numeric_answer": 9.0, "relative_error": 0.8949824970828472, "thinking_text": null, "has_tool_call": false, "tool_call": null, "usage": {"prompt_tokens": 188, "completion_tokens": 120, "total_tokens": 308, "token_count_source": "tokenizer"}, "decoding": {"temperature": 0.2, "top_p": null, "top_k": null, "max_tokens": 120, "seed": 42}, "prompt_tokens": 188, "completion_tokens": 120, "total_tokens": 308, "token_count_source": "tokenizer", "diffusion_steps": null, "flops_estimate": null, "flops_arch": null, "flops_model_params": null, "flops_active_params": null, "tokens_non_final": 3, "tokens_reasoning": 0, "tokens_response": 3, "elapsed_seconds": 51.65539073944092, "judgement": "Way off"}
{"id": "taxes_000245", "topic": "taxes", "subtopic": "post_discount_tax", "prompt": "Cart: $7.93, $42.44 with a 20% store discount. Local sales tax is 8.5% (tax after discount). About how much is the total?", "exact_value": 43.72, "model": "Dream-org/Dream-v0-Instruct-7B", "provider": "transformers", "response": "assistant\nFinal answer: 40", "numeric_answer": 40.0, "relative_error": 0.0850869167429094, "thinking_text": null, "has_tool_call": false, "tool_call": null, "usage": {"prompt_tokens": 186, "completion_tokens": 122, "total_tokens": 308, "token_count_source": "tokenizer"}, "decoding": {"temperature": 0.2, "top_p": null, "top_k": null, "max_tokens": 120, "seed": 42}, "prompt_tokens": 186, "completion_tokens": 122, "total_tokens": 308, "token_count_source": "tokenizer", "diffusion_steps": null, "flops_estimate": null, "flops_arch": null, "flops_model_params": null, "flops_active_params": null, "tokens_non_final": 4, "tokens_reasoning": 0, "tokens_response": 4, "elapsed_seconds": 51.65539073944092, "judgement": "Good approximation"}
{"id": "taxes_000265", "topic": "taxes", "subtopic": "pre_discount_tax", "prompt": "Cart: $49.77, $52.43 with a 15% store discount. Local sales tax is 7.0% (tax calculated before discount). About how much is the total?", "exact_value": 94.02, "model": "Dream-org/Dream-v0-Instruct-7B", "provider": "transformers", "response": "Final answer: 90", "numeric_answer": 90.0, "relative_error": 0.042756860242501554, "thinking_text": null, "has_tool_call": false, "tool_call": null, "usage": {"prompt_tokens": 188, "completion_tokens": 120, "total_tokens": 308, "token_count_source": "tokenizer"}, "decoding": {"temperature": 0.2, "top_p": null, "top_k": null, "max_tokens": 120, "seed": 42}, "prompt_tokens": 188, "completion_tokens": 120, "total_tokens": 308, "token_count_source": "tokenizer", "diffusion_steps": null, "flops_estimate": null, "flops_arch": null, "flops_model_params": null, "flops_active_params": null, "tokens_non_final": 3, "tokens_reasoning": 0, "tokens_response": 3, "elapsed_seconds": 51.65539073944092, "judgement": "Good approximation"}
{"id": "taxes_000285", "topic": "taxes", "subtopic": "pre_discount_tax", "prompt": "Cart: $55.10, $57.04, $26.06. Local sales tax is 8.0% (tax calculated before discount). About how much is the total?", "exact_value": 149.26, "model": "Dream-org/Dream-v0-Instruct-7B", "provider": "transformers", "response": "Final answer: 140.", "numeric_answer": 140.0, "relative_error": 0.06203939434543743, "thinking_text": null, "has_tool_call": false, "tool_call": null, "usage": {"prompt_tokens": 187, "completion_tokens": 121, "total_tokens": 308, "token_count_source": "tokenizer"}, "decoding": {"temperature": 0.2, "top_p": null, "top_k": null, "max_tokens": 120, "seed": 42}, "prompt_tokens": 187, "completion_tokens": 121, "total_tokens": 308, "token_count_source": "tokenizer", "diffusion_steps": null, "flops_estimate": null, "flops_arch": null, "flops_model_params": null, "flops_active_params": null, "tokens_non_final": 3, "tokens_reasoning": 0, "tokens_response": 3, "elapsed_seconds": 51.65539073944092, "judgement": "Good approximation"}
{"id": "taxes_000305", "topic": "taxes", "subtopic": "post_discount_tax", "prompt": "Cart: $11.77, $16.54, $39.43, $8.08 with a 15% store discount. Local sales tax is 8.0% (tax after discount). About how much is the total?", "exact_value": 69.6, "model": "Dream-org/Dream-v0-Instruct-7B", "provider": "transformers", "response": "multiple.<|im_end|>\n<|im_start|>assistant\nFinal answer: $67.00", "numeric_answer": 67.0, "relative_error": 0.03735632183908038, "thinking_text": null, "has_tool_call": false, "tool_call": null, "usage": {"prompt_tokens": 200, "completion_tokens": 127, "total_tokens": 327, "token_count_source": "tokenizer"}, "decoding": {"temperature": 0.2, "top_p": null, "top_k": null, "max_tokens": 120, "seed": 42}, "prompt_tokens": 200, "completion_tokens": 127, "total_tokens": 327, "token_count_source": "tokenizer", "diffusion_steps": null, "flops_estimate": null, "flops_arch": null, "flops_model_params": null, "flops_active_params": null, "tokens_non_final": 5, "tokens_reasoning": 0, "tokens_response": 5, "elapsed_seconds": 56.06060576438904, "judgement": "Good approximation"}
{"id": "taxes_000325", "topic": "taxes", "subtopic": "post_discount_tax", "prompt": "Cart: $39.73, $18.58, $45.77, $3.63, $35.20 with a 20% store discount. Local sales tax is 6.0% (tax after discount). About how much is the total?", "exact_value": 121.19, "model": "Dream-org/Dream-v0-Instruct-7B", "provider": "transformers", "response": "Final answer: 90", "numeric_answer": 90.0, "relative_error": 0.25736446901559534, "thinking_text": null, "has_tool_call": false, "tool_call": null, "usage": {"prompt_tokens": 207, "completion_tokens": 120, "total_tokens": 327, "token_count_source": "tokenizer"}, "decoding": {"temperature": 0.2, "top_p": null, "top_k": null, "max_tokens": 120, "seed": 42}, "prompt_tokens": 207, "completion_tokens": 120, "total_tokens": 327, "token_count_source": "tokenizer", "diffusion_steps": null, "flops_estimate": null, "flops_arch": null, "flops_model_params": null, "flops_active_params": null, "tokens_non_final": 3, "tokens_reasoning": 0, "tokens_response": 3, "elapsed_seconds": 56.06060576438904, "judgement": "Mildly off"}
{"id": "taxes_000345", "topic": "taxes", "subtopic": "post_discount_tax", "prompt": "Cart: $24.56, $46.80, $5.58, $29.56 with a 20% store discount. Local sales tax is 7.0% (tax after discount). About how much is the total?", "exact_value": 91.16, "model": "Dream-org/Dream-v0-Instruct-7B", "provider": "transformers", "response": "multiple.<|im_end|>\n<|im_start|>assistant\nFinal answer: 92", "numeric_answer": 92.0, "relative_error": 0.009214567792891657, "thinking_text": null, "has_tool_call": false, "tool_call": null, "usage": {"prompt_tokens": 200, "completion_tokens": 127, "total_tokens": 327, "token_count_source": "tokenizer"}, "decoding": {"temperature": 0.2, "top_p": null, "top_k": null, "max_tokens": 120, "seed": 42}, "prompt_tokens": 200, "completion_tokens": 127, "total_tokens": 327, "token_count_source": "tokenizer", "diffusion_steps": null, "flops_estimate": null, "flops_arch": null, "flops_model_params": null, "flops_active_params": null, "tokens_non_final": 5, "tokens_reasoning": 0, "tokens_response": 5, "elapsed_seconds": 56.06060576438904, "judgement": "Good approximation"}
{"id": "taxes_000365", "topic": "taxes", "subtopic": "pre_discount_tax", "prompt": "Cart: $25.08, $28.92, $32.37 with a 15% store discount. Local sales tax is 6.0% (tax calculated before discount). About how much is the total?", "exact_value": 78.6, "model": "Dream-org/Dream-v0-Instruct-7B", "provider": "transformers", "response": "or 10's multiple.<|im_end|>\n<|im_start|>assistant\nFinal answer: $80.", "numeric_answer": 10.0, "relative_error": 0.8727735368956743, "thinking_text": null, "has_tool_call": false, "tool_call": null, "usage": {"prompt_tokens": 195, "completion_tokens": 132, "total_tokens": 327, "token_count_source": "tokenizer"}, "decoding": {"temperature": 0.2, "top_p": null, "top_k": null, "max_tokens": 120, "seed": 42}, "prompt_tokens": 195, "completion_tokens": 132, "total_tokens": 327, "token_count_source": "tokenizer", "diffusion_steps": null, "flops_estimate": null, "flops_arch": null, "flops_model_params": null, "flops_active_params": null, "tokens_non_final": 7, "tokens_reasoning": 0, "tokens_response": 7, "elapsed_seconds": 56.06060576438904, "judgement": "Way off"}
{"id": "taxes_000385", "topic": "taxes", "subtopic": "pre_discount_tax", "prompt": "Cart: $51.59, $30.61, $22.59, $17.83 with a 10% store discount. Local sales tax is 8.5% (tax calculated before discount). About how much is the total?", "exact_value": 120.78, "model": "Dream-org/Dream-v0-Instruct-7B", "provider": "transformers", "response": ".<|im_end|>\n<|im_start|>assistant\nFinal answer: 90", "numeric_answer": 90.0, "relative_error": 0.2548435171385991, "thinking_text": null, "has_tool_call": false, "tool_call": null, "usage": {"prompt_tokens": 202, "completion_tokens": 126, "total_tokens": 328, "token_count_source": "tokenizer"}, "decoding": {"temperature": 0.2, "top_p": null, "top_k": null, "max_tokens": 120, "seed": 42}, "prompt_tokens": 202, "completion_tokens": 126, "total_tokens": 328, "token_count_source": "tokenizer", "diffusion_steps": null, "flops_estimate": null, "flops_arch": null, "flops_model_params": null, "flops_active_params": null, "tokens_non_final": 5, "tokens_reasoning": 0, "tokens_response": 5, "elapsed_seconds": 55.915483474731445, "judgement": "Mildly off"}
{"id": "taxes_000405", "topic": "taxes", "subtopic": "pre_discount_tax", "prompt": "Cart: $53.39, $53.80, $28.30, $24.65, $5.80 with a 20% store discount. Local sales tax is 7.0% (tax calculated before discount). About how much is the total?", "exact_value": 144.37, "model": "Dream-org/Dream-v0-Instruct-7B", "provider": "transformers", "response": "Final answer: 180", "numeric_answer": 180.0, "relative_error": 0.24679642585024586, "thinking_text": null, "has_tool_call": false, "tool_call": null, "usage": {"prompt_tokens": 208, "completion_tokens": 120, "total_tokens": 328, "token_count_source": "tokenizer"}, "decoding": {"temperature": 0.2, "top_p": null, "top_k": null, "max_tokens": 120, "seed": 42}, "prompt_tokens": 208, "completion_tokens": 120, "total_tokens": 328, "token_count_source": "tokenizer", "diffusion_steps": null, "flops_estimate": null, "flops_arch": null, "flops_model_params": null, "flops_active_params": null, "tokens_non_final": 3, "tokens_reasoning": 0, "tokens_response": 3, "elapsed_seconds": 55.915483474731445, "judgement": "Mildly off"}
{"id": "taxes_000425", "topic": "taxes", "subtopic": "post_discount_tax", "prompt": "Cart: $22.61, $7.97, $56.54, $11.80. Local sales tax is 7.0% (tax after discount). About how much is the total?", "exact_value": 105.84, "model": "Dream-org/Dream-v0-Instruct-7B", "provider": "transformers", "response": "to nearly 5 or 10's multiple.<|im_end|>\n<|im_start|>assistant\nFinal answer: 9", "numeric_answer": 9.0, "relative_error": 0.9149659863945578, "thinking_text": null, "has_tool_call": false, "tool_call": null, "usage": {"prompt_tokens": 192, "completion_tokens": 136, "total_tokens": 328, "token_count_source": "tokenizer"}, "decoding": {"temperature": 0.2, "top_p": null, "top_k": null, "max_tokens": 120, "seed": 42}, "prompt_tokens": 192, "completion_tokens": 136, "total_tokens": 328, "token_count_source": "tokenizer", "diffusion_steps": null, "flops_estimate": null, "flops_arch": null, "flops_model_params": null, "flops_active_params": null, "tokens_non_final": 10, "tokens_reasoning": 0, "tokens_response": 10, "elapsed_seconds": 55.915483474731445, "judgement": "Way off"}
{"id": "taxes_000445", "topic": "taxes", "subtopic": "pre_discount_tax", "prompt": "Cart: $46.59, $16.28. Local sales tax is 8.5% (tax calculated before discount). About how much is the total?", "exact_value": 68.21, "model": "Dream-org/Dream-v0-Instruct-7B", "provider": "transformers", "response": "arithmetic calculations.\nIf the number is already an integer, round to nearly 5 or 10's multiple.<|im_end|>\n<|im_start|>assistant\nFinal answer: 6", "numeric_answer": 6.0, "relative_error": 0.9120363583052338, "thinking_text": null, "has_tool_call": false, "tool_call": null, "usage": {"prompt_tokens": 180, "completion_tokens": 148, "total_tokens": 328, "token_count_source": "tokenizer"}, "decoding": {"temperature": 0.2, "top_p": null, "top_k": null, "max_tokens": 120, "seed": 42}, "prompt_tokens": 180, "completion_tokens": 148, "total_tokens": 328, "token_count_source": "tokenizer", "diffusion_steps": null, "flops_estimate": null, "flops_arch": null, "flops_model_params": null, "flops_active_params": null, "tokens_non_final": 20, "tokens_reasoning": 0, "tokens_response": 20, "elapsed_seconds": 55.915483474731445, "judgement": "Way off"}
{"id": "taxes_000465", "topic": "taxes", "subtopic": "pre_discount_tax", "prompt": "Cart: $4.60, $30.69, $19.15 with a 10% store discount. Local sales tax is 7.0% (tax calculated before discount). About how much is the total?", "exact_value": 52.81, "model": "Dream-org/Dream-v0-Instruct-7B", "provider": "transformers", "response": "5 or 10's multiple.<|im_end|>\n<|im_start|>assistant\nFinal answer: 5", "numeric_answer": 5.0, "relative_error": 0.9053209619390267, "thinking_text": null, "has_tool_call": false, "tool_call": null, "usage": {"prompt_tokens": 194, "completion_tokens": 134, "total_tokens": 328, "token_count_source": "tokenizer"}, "decoding": {"temperature": 0.2, "top_p": null, "top_k": null, "max_tokens": 120, "seed": 42}, "prompt_tokens": 194, "completion_tokens": 134, "total_tokens": 328, "token_count_source": "tokenizer", "diffusion_steps": null, "flops_estimate": null, "flops_arch": null, "flops_model_params": null, "flops_active_params": null, "tokens_non_final": 8, "tokens_reasoning": 0, "tokens_response": 8, "elapsed_seconds": 55.65245819091797, "judgement": "Way off"}
{"id": "taxes_000485", "topic": "taxes", "subtopic": "post_discount_tax", "prompt": "Cart: $34.84, $9.92, $58.12 with a 15% store discount. Local sales tax is 8.0% (tax after discount). About how much is the total?", "exact_value": 94.44, "model": "Dream-org/Dream-v0-Instruct-7B", "provider": "transformers", "response": "nearly 5 or 10's multiple.<|im_end|>\n<|im_start|>assistant\nFinal answer: 9", "numeric_answer": 9.0, "relative_error": 0.9047013977128335, "thinking_text": null, "has_tool_call": false, "tool_call": null, "usage": {"prompt_tokens": 193, "completion_tokens": 135, "total_tokens": 328, "token_count_source": "tokenizer"}, "decoding": {"temperature": 0.2, "top_p": null, "top_k": null, "max_tokens": 120, "seed": 42}, "prompt_tokens": 193, "completion_tokens": 135, "total_tokens": 328, "token_count_source": "tokenizer", "diffusion_steps": null, "flops_estimate": null, "flops_arch": null, "flops_model_params": null, "flops_active_params": null, "tokens_non_final": 9, "tokens_reasoning": 0, "tokens_response": 9, "elapsed_seconds": 55.65245819091797, "judgement": "Way off"}
{"id": "taxes_000505", "topic": "taxes", "subtopic": "post_discount_tax", "prompt": "Cart: $21.24, $18.83, $46.12, $12.11, $38.47 with a 15% store discount. Local sales tax is 7.0% (tax after discount). About how much is the total?", "exact_value": 124.39, "model": "Dream-org/Dream-v0-Instruct-7B", "provider": "transformers", "response": "Final answer: 100", "numeric_answer": 100.0, "relative_error": 0.19607685505265696, "thinking_text": null, "has_tool_call": false, "tool_call": null, "usage": {"prompt_tokens": 208, "completion_tokens": 120, "total_tokens": 328, "token_count_source": "tokenizer"}, "decoding": {"temperature": 0.2, "top_p": null, "top_k": null, "max_tokens": 120, "seed": 42}, "prompt_tokens": 208, "completion_tokens": 120, "total_tokens": 328, "token_count_source": "tokenizer", "diffusion_steps": null, "flops_estimate": null, "flops_arch": null, "flops_model_params": null, "flops_active_params": null, "tokens_non_final": 3, "tokens_reasoning": 0, "tokens_response": 3, "elapsed_seconds": 55.65245819091797, "judgement": "Good approximation"}
{"id": "taxes_000525", "topic": "taxes", "subtopic": "pre_discount_tax", "prompt": "Cart: $40.81, $31.93, $33.24, $7.40. Local sales tax is 7.0% (tax calculated before discount). About how much is the total?", "exact_value": 121.32, "model": "Dream-org/Dream-v0-Instruct-7B", "provider": "transformers", "response": "nearly 5 or 10's multiple.<|im_end|>\n<|im_start|>assistant\nFinal answer: 120", "numeric_answer": 120.0, "relative_error": 0.010880316518298658, "thinking_text": null, "has_tool_call": false, "tool_call": null, "usage": {"prompt_tokens": 193, "completion_tokens": 135, "total_tokens": 328, "token_count_source": "tokenizer"}, "decoding": {"temperature": 0.2, "top_p": null, "top_k": null, "max_tokens": 120, "seed": 42}, "prompt_tokens": 193, "completion_tokens": 135, "total_tokens": 328, "token_count_source": "tokenizer", "diffusion_steps": null, "flops_estimate": null, "flops_arch": null, "flops_model_params": null, "flops_active_params": null, "tokens_non_final": 9, "tokens_reasoning": 0, "tokens_response": 9, "elapsed_seconds": 55.65245819091797, "judgement": "Good approximation"}
{"id": "taxes_000545", "topic": "taxes", "subtopic": "pre_discount_tax", "prompt": "Cart: $59.68, $15.72 with a 15% store discount. Local sales tax is 8.5% (tax calculated before discount). About how much is the total?", "exact_value": 70.5, "model": "Dream-org/Dream-v0-Instruct-7B", "provider": "transformers", "response": "multiple.<|im_end|>\n<|im_start|>assistant\nFinal answer: $70", "numeric_answer": 70.0, "relative_error": 0.0070921985815602835, "thinking_text": null, "has_tool_call": false, "tool_call": null, "usage": {"prompt_tokens": 188, "completion_tokens": 127, "total_tokens": 315, "token_count_source": "tokenizer"}, "decoding": {"temperature": 0.2, "top_p": null, "top_k": null, "max_tokens": 120, "seed": 42}, "prompt_tokens": 188, "completion_tokens": 127, "total_tokens": 315, "token_count_source": "tokenizer", "diffusion_steps": null, "flops_estimate": null, "flops_arch": null, "flops_model_params": null, "flops_active_params": null, "tokens_non_final": 5, "tokens_reasoning": 0, "tokens_response": 5, "elapsed_seconds": 51.52013349533081, "judgement": "Good approximation"}
{"id": "taxes_000565", "topic": "taxes", "subtopic": "pre_discount_tax", "prompt": "Cart: $26.85, $46.69, $42.49 with a 10% store discount. Local sales tax is 8.0% (tax calculated before discount). About how much is the total?", "exact_value": 113.71, "model": "Dream-org/Dream-v0-Instruct-7B", "provider": "transformers", "response": "Final answer: 100", "numeric_answer": 100.0, "relative_error": 0.12056987072377094, "thinking_text": null, "has_tool_call": false, "tool_call": null, "usage": {"prompt_tokens": 195, "completion_tokens": 120, "total_tokens": 315, "token_count_source": "tokenizer"}, "decoding": {"temperature": 0.2, "top_p": null, "top_k": null, "max_tokens": 120, "seed": 42}, "prompt_tokens": 195, "completion_tokens": 120, "total_tokens": 315, "token_count_source": "tokenizer", "diffusion_steps": null, "flops_estimate": null, "flops_arch": null, "flops_model_params": null, "flops_active_params": null, "tokens_non_final": 3, "tokens_reasoning": 0, "tokens_response": 3, "elapsed_seconds": 51.52013349533081, "judgement": "Good approximation"}
{"id": "taxes_000585", "topic": "taxes", "subtopic": "pre_discount_tax", "prompt": "Cart: $39.46, $16.46, $27.60 with a 15% store discount. Local sales tax is 7.5% (tax calculated before discount). About how much is the total?", "exact_value": 77.26, "model": "Dream-org/Dream-v0-Instruct-7B", "provider": "transformers", "response": "Final answer: 75", "numeric_answer": 75.0, "relative_error": 0.029251876779704956, "thinking_text": null, "has_tool_call": false, "tool_call": null, "usage": {"prompt_tokens": 195, "completion_tokens": 120, "total_tokens": 315, "token_count_source": "tokenizer"}, "decoding": {"temperature": 0.2, "top_p": null, "top_k": null, "max_tokens": 120, "seed": 42}, "prompt_tokens": 195, "completion_tokens": 120, "total_tokens": 315, "token_count_source": "tokenizer", "diffusion_steps": null, "flops_estimate": null, "flops_arch": null, "flops_model_params": null, "flops_active_params": null, "tokens_non_final": 3, "tokens_reasoning": 0, "tokens_response": 3, "elapsed_seconds": 51.52013349533081, "judgement": "Good approximation"}
{"id": "taxes_000605", "topic": "taxes", "subtopic": "post_discount_tax", "prompt": "Cart: $56.51, $45.65, $41.70 with a 15% store discount. Local sales tax is 8.5% (tax after discount). About how much is the total?", "exact_value": 132.67, "model": "Dream-org/Dream-v0-Instruct-7B", "provider": "transformers", "response": "Final answer: 100", "numeric_answer": 100.0, "relative_error": 0.24625009421873814, "thinking_text": null, "has_tool_call": false, "tool_call": null, "usage": {"prompt_tokens": 194, "completion_tokens": 121, "total_tokens": 315, "token_count_source": "tokenizer"}, "decoding": {"temperature": 0.2, "top_p": null, "top_k": null, "max_tokens": 120, "seed": 42}, "prompt_tokens": 194, "completion_tokens": 121, "total_tokens": 315, "token_count_source": "tokenizer", "diffusion_steps": null, "flops_estimate": null, "flops_arch": null, "flops_model_params": null, "flops_active_params": null, "tokens_non_final": 3, "tokens_reasoning": 0, "tokens_response": 3, "elapsed_seconds": 51.52013349533081, "judgement": "Mildly off"}
{"id": "taxes_000625", "topic": "taxes", "subtopic": "post_discount_tax", "prompt": "Cart: $45.52, $11.14, $39.66 with a 15% store discount. Local sales tax is 7.5% (tax after discount). About how much is the total?", "exact_value": 88.01, "model": "Dream-org/Dream-v0-Instruct-7B", "provider": "transformers", "response": "multiple.<|im_end|>\n<|im_start|>assistant\nFinal answer: 90", "numeric_answer": 90.0, "relative_error": 0.022611066924213098, "thinking_text": null, "has_tool_call": false, "tool_call": null, "usage": {"prompt_tokens": 194, "completion_tokens": 127, "total_tokens": 321, "token_count_source": "tokenizer"}, "decoding": {"temperature": 0.2, "top_p": null, "top_k": null, "max_tokens": 120, "seed": 42}, "prompt_tokens": 194, "completion_tokens": 127, "total_tokens": 321, "token_count_source": "tokenizer", "diffusion_steps": null, "flops_estimate": null, "flops_arch": null, "flops_model_params": null, "flops_active_params": null, "tokens_non_final": 5, "tokens_reasoning": 0, "tokens_response": 5, "elapsed_seconds": 55.308876037597656, "judgement": "Good approximation"}
{"id": "taxes_000645", "topic": "taxes", "subtopic": "post_discount_tax", "prompt": "Cart: $49.33, $22.71, $22.30, $10.61 with a 10% store discount. Local sales tax is 8.0% (tax after discount). About how much is the total?", "exact_value": 102.01, "model": "Dream-org/Dream-v0-Instruct-7B", "provider": "transformers", "response": "Final answer: 100", "numeric_answer": 100.0, "relative_error": 0.01970395059307916, "thinking_text": null, "has_tool_call": false, "tool_call": null, "usage": {"prompt_tokens": 201, "completion_tokens": 120, "total_tokens": 321, "token_count_source": "tokenizer"}, "decoding": {"temperature": 0.2, "top_p": null, "top_k": null, "max_tokens": 120, "seed": 42}, "prompt_tokens": 201, "completion_tokens": 120, "total_tokens": 321, "token_count_source": "tokenizer", "diffusion_steps": null, "flops_estimate": null, "flops_arch": null, "flops_model_params": null, "flops_active_params": null, "tokens_non_final": 3, "tokens_reasoning": 0, "tokens_response": 3, "elapsed_seconds": 55.308876037597656, "judgement": "Good approximation"}
{"id": "taxes_000665", "topic": "taxes", "subtopic": "post_discount_tax", "prompt": "Cart: $34.33, $12.25, $33.01 with a 10% store discount. Local sales tax is 8.5% (tax after discount). About how much is the total?", "exact_value": 77.72, "model": "Dream-org/Dream-v0-Instruct-7B", "provider": "transformers", "response": "multiple.<|im_end|>\n<|im_start|>assistant\nFinal answer: $77.50", "numeric_answer": 77.5, "relative_error": 0.002830674215131226, "thinking_text": null, "has_tool_call": false, "tool_call": null, "usage": {"prompt_tokens": 194, "completion_tokens": 127, "total_tokens": 321, "token_count_source": "tokenizer"}, "decoding": {"temperature": 0.2, "top_p": null, "top_k": null, "max_tokens": 120, "seed": 42}, "prompt_tokens": 194, "completion_tokens": 127, "total_tokens": 321, "token_count_source": "tokenizer", "diffusion_steps": null, "flops_estimate": null, "flops_arch": null, "flops_model_params": null, "flops_active_params": null, "tokens_non_final": 5, "tokens_reasoning": 0, "tokens_response": 5, "elapsed_seconds": 55.308876037597656, "judgement": "Good approximation"}
{"id": "taxes_000685", "topic": "taxes", "subtopic": "post_discount_tax", "prompt": "Cart: $45.39, $47.08, $42.29, $28.76, $33.64. Local sales tax is 8.0% (tax after discount). About how much is the total?", "exact_value": 212.93, "model": "Dream-org/Dream-v0-Instruct-7B", "provider": "transformers", "response": "Final answer: 19", "numeric_answer": 19.0, "relative_error": 0.9107687972573146, "thinking_text": null, "has_tool_call": false, "tool_call": null, "usage": {"prompt_tokens": 200, "completion_tokens": 121, "total_tokens": 321, "token_count_source": "tokenizer"}, "decoding": {"temperature": 0.2, "top_p": null, "top_k": null, "max_tokens": 120, "seed": 42}, "prompt_tokens": 200, "completion_tokens": 121, "total_tokens": 321, "token_count_source": "tokenizer", "diffusion_steps": null, "flops_estimate": null, "flops_arch": null, "flops_model_params": null, "flops_active_params": null, "tokens_non_final": 3, "tokens_reasoning": 0, "tokens_response": 3, "elapsed_seconds": 55.308876037597656, "judgement": "Way off"}
{"id": "taxes_000705", "topic": "taxes", "subtopic": "post_discount_tax", "prompt": "Cart: $40.98, $7.11, $42.94, $15.29 with a 10% store discount. Local sales tax is 8.0% (tax after discount). About how much is the total?", "exact_value": 103.34, "model": "Dream-org/Dream-v0-Instruct-7B", "provider": "transformers", "response": "0's multiple.<|im_end|>\n<|im_start|>assistant\nFinal answer: 9", "numeric_answer": 9.0, "relative_error": 0.9129088445906716, "thinking_text": null, "has_tool_call": false, "tool_call": null, "usage": {"prompt_tokens": 200, "completion_tokens": 129, "total_tokens": 329, "token_count_source": "tokenizer"}, "decoding": {"temperature": 0.2, "top_p": null, "top_k": null, "max_tokens": 120, "seed": 42}, "prompt_tokens": 200, "completion_tokens": 129, "total_tokens": 329, "token_count_source": "tokenizer", "diffusion_steps": null, "flops_estimate": null, "flops_arch": null, "flops_model_params": null, "flops_active_params": null, "tokens_non_final": 6, "tokens_reasoning": 0, "tokens_response": 6, "elapsed_seconds": 55.73384499549866, "judgement": "Way off"}
{"id": "taxes_000725", "topic": "taxes", "subtopic": "post_discount_tax", "prompt": "Cart: $58.29, $57.54, $3.90, $13.77, $33.83 with a 15% store discount. Local sales tax is 7.0% (tax after discount). About how much is the total?", "exact_value": 152.19, "model": "Dream-org/Dream-v0-Instruct-7B", "provider": "transformers", "response": "assistant\nFinal answer: 1", "numeric_answer": 1.0, "relative_error": 0.9934292660490177, "thinking_text": null, "has_tool_call": false, "tool_call": null, "usage": {"prompt_tokens": 207, "completion_tokens": 122, "total_tokens": 329, "token_count_source": "tokenizer"}, "decoding": {"temperature": 0.2, "top_p": null, "top_k": null, "max_tokens": 120, "seed": 42}, "prompt_tokens": 207, "completion_tokens": 122, "total_tokens": 329, "token_count_source": "tokenizer", "diffusion_steps": null, "flops_estimate": null, "flops_arch": null, "flops_model_params": null, "flops_active_params": null, "tokens_non_final": 4, "tokens_reasoning": 0, "tokens_response": 4, "elapsed_seconds": 55.73384499549866, "judgement": "Way off"}
{"id": "taxes_000745", "topic": "taxes", "subtopic": "post_discount_tax", "prompt": "Cart: $54.15, $17.05, $39.04, $11.06 with a 20% store discount. Local sales tax is 6.0% (tax after discount). About how much is the total?", "exact_value": 102.86, "model": "Dream-org/Dream-v0-Instruct-7B", "provider": "transformers", "response": "'s multiple.<|im_end|>\n<|im_start|>assistant\nFinal answer: 100", "numeric_answer": 100.0, "relative_error": 0.02780478320046665, "thinking_text": null, "has_tool_call": false, "tool_call": null, "usage": {"prompt_tokens": 201, "completion_tokens": 128, "total_tokens": 329, "token_count_source": "tokenizer"}, "decoding": {"temperature": 0.2, "top_p": null, "top_k": null, "max_tokens": 120, "seed": 42}, "prompt_tokens": 201, "completion_tokens": 128, "total_tokens": 329, "token_count_source": "tokenizer", "diffusion_steps": null, "flops_estimate": null, "flops_arch": null, "flops_model_params": null, "flops_active_params": null, "tokens_non_final": 6, "tokens_reasoning": 0, "tokens_response": 6, "elapsed_seconds": 55.73384499549866, "judgement": "Good approximation"}
{"id": "taxes_000765", "topic": "taxes", "subtopic": "pre_discount_tax", "prompt": "Cart: $57.68, $16.68, $27.84, $52.23, $26.02 with a 15% store discount. Local sales tax is 6.0% (tax calculated before discount). About how much is the total?", "exact_value": 164.21, "model": "Dream-org/Dream-v0-Instruct-7B", "provider": "transformers", "response": "Final answer: 17", "numeric_answer": 17.0, "relative_error": 0.8964740271603435, "thinking_text": null, "has_tool_call": false, "tool_call": null, "usage": {"prompt_tokens": 209, "completion_tokens": 120, "total_tokens": 329, "token_count_source": "tokenizer"}, "decoding": {"temperature": 0.2, "top_p": null, "top_k": null, "max_tokens": 120, "seed": 42}, "prompt_tokens": 209, "completion_tokens": 120, "total_tokens": 329, "token_count_source": "tokenizer", "diffusion_steps": null, "flops_estimate": null, "flops_arch": null, "flops_model_params": null, "flops_active_params": null, "tokens_non_final": 3, "tokens_reasoning": 0, "tokens_response": 3, "elapsed_seconds": 55.73384499549866, "judgement": "Way off"}
{"id": "taxes_000785", "topic": "taxes", "subtopic": "post_discount_tax", "prompt": "Cart: $25.69, $31.24 with a 10% store discount. Local sales tax is 6.0% (tax after discount). About how much is the total?", "exact_value": 54.31, "model": "Dream-org/Dream-v0-Instruct-7B", "provider": "transformers", "response": "an integer, round to nearly 5 or 10's multiple.<|im_end|>\n<|im_start|>assistant\nFinal answer: 59", "numeric_answer": 59.0, "relative_error": 0.08635610384827835, "thinking_text": null, "has_tool_call": false, "tool_call": null, "usage": {"prompt_tokens": 187, "completion_tokens": 140, "total_tokens": 327, "token_count_source": "tokenizer"}, "decoding": {"temperature": 0.2, "top_p": null, "top_k": null, "max_tokens": 120, "seed": 42}, "prompt_tokens": 187, "completion_tokens": 140, "total_tokens": 327, "token_count_source": "tokenizer", "diffusion_steps": null, "flops_estimate": null, "flops_arch": null, "flops_model_params": null, "flops_active_params": null, "tokens_non_final": 13, "tokens_reasoning": 0, "tokens_response": 13, "elapsed_seconds": 55.52668857574463, "judgement": "Good approximation"}
{"id": "taxes_000805", "topic": "taxes", "subtopic": "post_discount_tax", "prompt": "Cart: $40.12, $28.74 with a 15% store discount. Local sales tax is 7.5% (tax after discount). About how much is the total?", "exact_value": 62.92, "model": "Dream-org/Dream-v0-Instruct-7B", "provider": "transformers", "response": "an integer, round to nearly 5 or 10's multiple.<|im_end|>\n<|im_start|>assistant\nFinal answer: 60", "numeric_answer": 60.0, "relative_error": 0.04640813731722825, "thinking_text": null, "has_tool_call": false, "tool_call": null, "usage": {"prompt_tokens": 187, "completion_tokens": 140, "total_tokens": 327, "token_count_source": "tokenizer"}, "decoding": {"temperature": 0.2, "top_p": null, "top_k": null, "max_tokens": 120, "seed": 42}, "prompt_tokens": 187, "completion_tokens": 140, "total_tokens": 327, "token_count_source": "tokenizer", "diffusion_steps": null, "flops_estimate": null, "flops_arch": null, "flops_model_params": null, "flops_active_params": null, "tokens_non_final": 13, "tokens_reasoning": 0, "tokens_response": 13, "elapsed_seconds": 55.52668857574463, "judgement": "Good approximation"}
{"id": "taxes_000825", "topic": "taxes", "subtopic": "pre_discount_tax", "prompt": "Cart: $42.07, $45.58, $4.03. Local sales tax is 8.5% (tax calculated before discount). About how much is the total?", "exact_value": 99.47, "model": "Dream-org/Dream-v0-Instruct-7B", "provider": "transformers", "response": "already an integer, round to nearly 5 or 10's multiple.<|im_end|>\n<|im_start|>assistant\nFinal answer: $95.00", "numeric_answer": 5.0, "relative_error": 0.9497335880164873, "thinking_text": null, "has_tool_call": false, "tool_call": null, "usage": {"prompt_tokens": 186, "completion_tokens": 141, "total_tokens": 327, "token_count_source": "tokenizer"}, "decoding": {"temperature": 0.2, "top_p": null, "top_k": null, "max_tokens": 120, "seed": 42}, "prompt_tokens": 186, "completion_tokens": 141, "total_tokens": 327, "token_count_source": "tokenizer", "diffusion_steps": null, "flops_estimate": null, "flops_arch": null, "flops_model_params": null, "flops_active_params": null, "tokens_non_final": 14, "tokens_reasoning": 0, "tokens_response": 14, "elapsed_seconds": 55.52668857574463, "judgement": "Way off"}
{"id": "taxes_000845", "topic": "taxes", "subtopic": "post_discount_tax", "prompt": "Cart: $15.87, $9.20, $33.08, $43.65, $38.88 with a 20% store discount. Local sales tax is 6.0% (tax after discount). About how much is the total?", "exact_value": 119.3, "model": "Dream-org/Dream-v0-Instruct-7B", "provider": "transformers", "response": "Final answer: 150", "numeric_answer": 150.0, "relative_error": 0.25733445096395646, "thinking_text": null, "has_tool_call": false, "tool_call": null, "usage": {"prompt_tokens": 207, "completion_tokens": 120, "total_tokens": 327, "token_count_source": "tokenizer"}, "decoding": {"temperature": 0.2, "top_p": null, "top_k": null, "max_tokens": 120, "seed": 42}, "prompt_tokens": 207, "completion_tokens": 120, "total_tokens": 327, "token_count_source": "tokenizer", "diffusion_steps": null, "flops_estimate": null, "flops_arch": null, "flops_model_params": null, "flops_active_params": null, "tokens_non_final": 3, "tokens_reasoning": 0, "tokens_response": 3, "elapsed_seconds": 55.52668857574463, "judgement": "Mildly off"}
{"id": "taxes_000865", "topic": "taxes", "subtopic": "post_discount_tax", "prompt": "Cart: $58.64, $45.63, $26.84 with a 20% store discount. Local sales tax is 7.5% (tax after discount). About how much is the total?", "exact_value": 112.75, "model": "Dream-org/Dream-v0-Instruct-7B", "provider": "transformers", "response": "or 10's multiple.<|im_end|>\n<|im_start|>assistant\nFinal answer: 120", "numeric_answer": 120.0, "relative_error": 0.06430155210643015, "thinking_text": null, "has_tool_call": false, "tool_call": null, "usage": {"prompt_tokens": 194, "completion_tokens": 132, "total_tokens": 326, "token_count_source": "tokenizer"}, "decoding": {"temperature": 0.2, "top_p": null, "top_k": null, "max_tokens": 120, "seed": 42}, "prompt_tokens": 194, "completion_tokens": 132, "total_tokens": 326, "token_count_source": "tokenizer", "diffusion_steps": null, "flops_estimate": null, "flops_arch": null, "flops_model_params": null, "flops_active_params": null, "tokens_non_final": 7, "tokens_reasoning": 0, "tokens_response": 7, "elapsed_seconds": 55.52208423614502, "judgement": "Good approximation"}
{"id": "taxes_000885", "topic": "taxes", "subtopic": "post_discount_tax", "prompt": "Cart: $14.40, $32.79, $9.47, $52.98, $5.25 with a 15% store discount. Local sales tax is 7.0% (tax after discount). About how much is the total?", "exact_value": 104.49, "model": "Dream-org/Dream-v0-Instruct-7B", "provider": "transformers", "response": "Final answer: 100", "numeric_answer": 100.0, "relative_error": 0.04297061919800933, "thinking_text": null, "has_tool_call": false, "tool_call": null, "usage": {"prompt_tokens": 206, "completion_tokens": 120, "total_tokens": 326, "token_count_source": "tokenizer"}, "decoding": {"temperature": 0.2, "top_p": null, "top_k": null, "max_tokens": 120, "seed": 42}, "prompt_tokens": 206, "completion_tokens": 120, "total_tokens": 326, "token_count_source": "tokenizer", "diffusion_steps": null, "flops_estimate": null, "flops_arch": null, "flops_model_params": null, "flops_active_params": null, "tokens_non_final": 3, "tokens_reasoning": 0, "tokens_response": 3, "elapsed_seconds": 55.52208423614502, "judgement": "Good approximation"}
{"id": "taxes_000905", "topic": "taxes", "subtopic": "pre_discount_tax", "prompt": "Cart: $17.90, $48.48, $26.49, $5.89. Local sales tax is 8.5% (tax calculated before discount). About how much is the total?", "exact_value": 107.15, "model": "Dream-org/Dream-v0-Instruct-7B", "provider": "transformers", "response": "5 or 10's multiple.<|im_end|>\n<|im_start|>assistant\nFinal answer:", "numeric_answer": 5.0, "relative_error": 0.9533364442370509, "thinking_text": null, "has_tool_call": false, "tool_call": null, "usage": {"prompt_tokens": 193, "completion_tokens": 133, "total_tokens": 326, "token_count_source": "tokenizer"}, "decoding": {"temperature": 0.2, "top_p": null, "top_k": null, "max_tokens": 120, "seed": 42}, "prompt_tokens": 193, "completion_tokens": 133, "total_tokens": 326, "token_count_source": "tokenizer", "diffusion_steps": null, "flops_estimate": null, "flops_arch": null, "flops_model_params": null, "flops_active_params": null, "tokens_non_final": 7, "tokens_reasoning": 0, "tokens_response": 7, "elapsed_seconds": 55.52208423614502, "judgement": "Way off"}
{"id": "taxes_000925", "topic": "taxes", "subtopic": "post_discount_tax", "prompt": "Cart: $22.10, $57.77 with a 10% store discount. Local sales tax is 8.5% (tax after discount). About how much is the total?", "exact_value": 77.99, "model": "Dream-org/Dream-v0-Instruct-7B", "provider": "transformers", "response": "integer, round to nearly 5 or 10's multiple.<|im_end|>\n<|im_start|>assistant\nFinal answer: 80", "numeric_answer": 80.0, "relative_error": 0.02577253494037704, "thinking_text": null, "has_tool_call": false, "tool_call": null, "usage": {"prompt_tokens": 187, "completion_tokens": 139, "total_tokens": 326, "token_count_source": "tokenizer"}, "decoding": {"temperature": 0.2, "top_p": null, "top_k": null, "max_tokens": 120, "seed": 42}, "prompt_tokens": 187, "completion_tokens": 139, "total_tokens": 326, "token_count_source": "tokenizer", "diffusion_steps": null, "flops_estimate": null, "flops_arch": null, "flops_model_params": null, "flops_active_params": null, "tokens_non_final": 12, "tokens_reasoning": 0, "tokens_response": 12, "elapsed_seconds": 55.52208423614502, "judgement": "Good approximation"}
{"id": "taxes_000945", "topic": "taxes", "subtopic": "post_discount_tax", "prompt": "Cart: $23.57, $36.87, $52.49, $25.07 with a 15% store discount. Local sales tax is 7.5% (tax after discount). About how much is the total?", "exact_value": 126.1, "model": "Dream-org/Dream-v0-Instruct-7B", "provider": "transformers", "response": "multiple.<|im_end|>\n<|im_start|>assistant\nFinal answer: 95", "numeric_answer": 95.0, "relative_error": 0.24662965900079298, "thinking_text": null, "has_tool_call": false, "tool_call": null, "usage": {"prompt_tokens": 201, "completion_tokens": 127, "total_tokens": 328, "token_count_source": "tokenizer"}, "decoding": {"temperature": 0.2, "top_p": null, "top_k": null, "max_tokens": 120, "seed": 42}, "prompt_tokens": 201, "completion_tokens": 127, "total_tokens": 328, "token_count_source": "tokenizer", "diffusion_steps": null, "flops_estimate": null, "flops_arch": null, "flops_model_params": null, "flops_active_params": null, "tokens_non_final": 5, "tokens_reasoning": 0, "tokens_response": 5, "elapsed_seconds": 55.625619411468506, "judgement": "Mildly off"}
{"id": "taxes_000965", "topic": "taxes", "subtopic": "post_discount_tax", "prompt": "Cart: $29.91, $42.03, $30.26 with a 15% store discount. Local sales tax is 6.0% (tax after discount). About how much is the total?", "exact_value": 92.08, "model": "Dream-org/Dream-v0-Instruct-7B", "provider": "transformers", "response": "5 or 10's multiple.<|im_end|>\n<|im_start|>assistant\nFinal answer: 90", "numeric_answer": 90.0, "relative_error": 0.02258905299739355, "thinking_text": null, "has_tool_call": false, "tool_call": null, "usage": {"prompt_tokens": 194, "completion_tokens": 134, "total_tokens": 328, "token_count_source": "tokenizer"}, "decoding": {"temperature": 0.2, "top_p": null, "top_k": null, "max_tokens": 120, "seed": 42}, "prompt_tokens": 194, "completion_tokens": 134, "total_tokens": 328, "token_count_source": "tokenizer", "diffusion_steps": null, "flops_estimate": null, "flops_arch": null, "flops_model_params": null, "flops_active_params": null, "tokens_non_final": 8, "tokens_reasoning": 0, "tokens_response": 8, "elapsed_seconds": 55.625619411468506, "judgement": "Good approximation"}
{"id": "taxes_000985", "topic": "taxes", "subtopic": "post_discount_tax", "prompt": "Cart: $14.82, $23.08, $24.88, $58.19, $52.19 with a 15% store discount. Local sales tax is 8.5% (tax after discount). About how much is the total?", "exact_value": 159.7, "model": "Dream-org/Dream-v0-Instruct-7B", "provider": "transformers", "response": "Final answer: 180", "numeric_answer": 180.0, "relative_error": 0.12711333750782725, "thinking_text": null, "has_tool_call": false, "tool_call": null, "usage": {"prompt_tokens": 208, "completion_tokens": 120, "total_tokens": 328, "token_count_source": "tokenizer"}, "decoding": {"temperature": 0.2, "top_p": null, "top_k": null, "max_tokens": 120, "seed": 42}, "prompt_tokens": 208, "completion_tokens": 120, "total_tokens": 328, "token_count_source": "tokenizer", "diffusion_steps": null, "flops_estimate": null, "flops_arch": null, "flops_model_params": null, "flops_active_params": null, "tokens_non_final": 3, "tokens_reasoning": 0, "tokens_response": 3, "elapsed_seconds": 55.625619411468506, "judgement": "Good approximation"}
{"id": "taxes_001005", "topic": "taxes", "subtopic": "post_discount_tax", "prompt": "Cart: $35.46, $30.01, $32.78, $59.76, $52.25 with a 20% store discount. Local sales tax is 6.0% (tax after discount). About how much is the total?", "exact_value": 178.3, "model": "Dream-org/Dream-v0-Instruct-7B", "provider": "transformers", "response": "Final answer: 180", "numeric_answer": 180.0, "relative_error": 0.009534492428491243, "thinking_text": null, "has_tool_call": false, "tool_call": null, "usage": {"prompt_tokens": 208, "completion_tokens": 120, "total_tokens": 328, "token_count_source": "tokenizer"}, "decoding": {"temperature": 0.2, "top_p": null, "top_k": null, "max_tokens": 120, "seed": 42}, "prompt_tokens": 208, "completion_tokens": 120, "total_tokens": 328, "token_count_source": "tokenizer", "diffusion_steps": null, "flops_estimate": null, "flops_arch": null, "flops_model_params": null, "flops_active_params": null, "tokens_non_final": 3, "tokens_reasoning": 0, "tokens_response": 3, "elapsed_seconds": 55.625619411468506, "judgement": "Good approximation"}
{"id": "taxes_001025", "topic": "taxes", "subtopic": "post_discount_tax", "prompt": "Cart: $48.98, $51.04, $48.93, $42.06 with a 10% store discount. Local sales tax is 7.0% (tax after discount). About how much is the total?", "exact_value": 183.94, "model": "Dream-org/Dream-v0-Instruct-7B", "provider": "transformers", "response": "multiple.<|im_end|>\n<|im_start|>assistant\nFinal answer: 180", "numeric_answer": 180.0, "relative_error": 0.02142002827008806, "thinking_text": null, "has_tool_call": false, "tool_call": null, "usage": {"prompt_tokens": 201, "completion_tokens": 127, "total_tokens": 328, "token_count_source": "tokenizer"}, "decoding": {"temperature": 0.2, "top_p": null, "top_k": null, "max_tokens": 120, "seed": 42}, "prompt_tokens": 201, "completion_tokens": 127, "total_tokens": 328, "token_count_source": "tokenizer", "diffusion_steps": null, "flops_estimate": null, "flops_arch": null, "flops_model_params": null, "flops_active_params": null, "tokens_non_final": 5, "tokens_reasoning": 0, "tokens_response": 5, "elapsed_seconds": 55.64505314826965, "judgement": "Good approximation"}
{"id": "taxes_001045", "topic": "taxes", "subtopic": "pre_discount_tax", "prompt": "Cart: $7.00, $19.59, $22.19, $24.07, $59.04 with a 15% store discount. Local sales tax is 8.5% (tax calculated before discount). About how much is the total?", "exact_value": 123.32, "model": "Dream-org/Dream-v0-Instruct-7B", "provider": "transformers", "response": "Final answer: $150", "numeric_answer": 150.0, "relative_error": 0.21634771326629912, "thinking_text": null, "has_tool_call": false, "tool_call": null, "usage": {"prompt_tokens": 208, "completion_tokens": 120, "total_tokens": 328, "token_count_source": "tokenizer"}, "decoding": {"temperature": 0.2, "top_p": null, "top_k": null, "max_tokens": 120, "seed": 42}, "prompt_tokens": 208, "completion_tokens": 120, "total_tokens": 328, "token_count_source": "tokenizer", "diffusion_steps": null, "flops_estimate": null, "flops_arch": null, "flops_model_params": null, "flops_active_params": null, "tokens_non_final": 3, "tokens_reasoning": 0, "tokens_response": 3, "elapsed_seconds": 55.64505314826965, "judgement": "Mildly off"}
{"id": "taxes_001065", "topic": "taxes", "subtopic": "post_discount_tax", "prompt": "Cart: $30.65, $11.90, $49.60, $20.83 with a 15% store discount. Local sales tax is 6.0% (tax after discount). About how much is the total?", "exact_value": 101.79, "model": "Dream-org/Dream-v0-Instruct-7B", "provider": "transformers", "response": "multiple.<|im_end|>\n<|im_start|>assistant\nFinal answer: 100", "numeric_answer": 100.0, "relative_error": 0.017585224481776265, "thinking_text": null, "has_tool_call": false, "tool_call": null, "usage": {"prompt_tokens": 201, "completion_tokens": 127, "total_tokens": 328, "token_count_source": "tokenizer"}, "decoding": {"temperature": 0.2, "top_p": null, "top_k": null, "max_tokens": 120, "seed": 42}, "prompt_tokens": 201, "completion_tokens": 127, "total_tokens": 328, "token_count_source": "tokenizer", "diffusion_steps": null, "flops_estimate": null, "flops_arch": null, "flops_model_params": null, "flops_active_params": null, "tokens_non_final": 5, "tokens_reasoning": 0, "tokens_response": 5, "elapsed_seconds": 55.64505314826965, "judgement": "Good approximation"}
{"id": "taxes_001085", "topic": "taxes", "subtopic": "pre_discount_tax", "prompt": "Cart: $51.75, $41.44, $42.58 with a 15% store discount. Local sales tax is 6.0% (tax calculated before discount). About how much is the total?", "exact_value": 123.55, "model": "Dream-org/Dream-v0-Instruct-7B", "provider": "transformers", "response": "5 or 10's multiple.<|im_end|>\n<|im_start|>assistant\nFinal answer: 120", "numeric_answer": 120.0, "relative_error": 0.02873330635370293, "thinking_text": null, "has_tool_call": false, "tool_call": null, "usage": {"prompt_tokens": 195, "completion_tokens": 133, "total_tokens": 328, "token_count_source": "tokenizer"}, "decoding": {"temperature": 0.2, "top_p": null, "top_k": null, "max_tokens": 120, "seed": 42}, "prompt_tokens": 195, "completion_tokens": 133, "total_tokens": 328, "token_count_source": "tokenizer", "diffusion_steps": null, "flops_estimate": null, "flops_arch": null, "flops_model_params": null, "flops_active_params": null, "tokens_non_final": 8, "tokens_reasoning": 0, "tokens_response": 8, "elapsed_seconds": 55.64505314826965, "judgement": "Good approximation"}
{"id": "taxes_001105", "topic": "taxes", "subtopic": "post_discount_tax", "prompt": "Cart: $35.89, $11.55 with a 15% store discount. Local sales tax is 6.0% (tax after discount). About how much is the total?", "exact_value": 42.74, "model": "Dream-org/Dream-v0-Instruct-7B", "provider": "transformers", "response": "already an integer, round to nearly 5 or 10's multiple.<|im_end|>\n<|im_start|>assistant\nFinal answer: 45.", "numeric_answer": 45.0, "relative_error": 0.05287786616752452, "thinking_text": null, "has_tool_call": false, "tool_call": null, "usage": {"prompt_tokens": 187, "completion_tokens": 141, "total_tokens": 328, "token_count_source": "tokenizer"}, "decoding": {"temperature": 0.2, "top_p": null, "top_k": null, "max_tokens": 120, "seed": 42}, "prompt_tokens": 187, "completion_tokens": 141, "total_tokens": 328, "token_count_source": "tokenizer", "diffusion_steps": null, "flops_estimate": null, "flops_arch": null, "flops_model_params": null, "flops_active_params": null, "tokens_non_final": 14, "tokens_reasoning": 0, "tokens_response": 14, "elapsed_seconds": 55.55734300613403, "judgement": "Good approximation"}
{"id": "taxes_001125", "topic": "taxes", "subtopic": "post_discount_tax", "prompt": "Cart: $33.29, $22.97, $51.18 with a 20% store discount. Local sales tax is 8.5% (tax after discount). About how much is the total?", "exact_value": 93.26, "model": "Dream-org/Dream-v0-Instruct-7B", "provider": "transformers", "response": "5 or 10's multiple.<|im_end|>\n<|im_start|>assistant\nFinal answer: 10", "numeric_answer": 10.0, "relative_error": 0.8927728929873472, "thinking_text": null, "has_tool_call": false, "tool_call": null, "usage": {"prompt_tokens": 194, "completion_tokens": 134, "total_tokens": 328, "token_count_source": "tokenizer"}, "decoding": {"temperature": 0.2, "top_p": null, "top_k": null, "max_tokens": 120, "seed": 42}, "prompt_tokens": 194, "completion_tokens": 134, "total_tokens": 328, "token_count_source": "tokenizer", "diffusion_steps": null, "flops_estimate": null, "flops_arch": null, "flops_model_params": null, "flops_active_params": null, "tokens_non_final": 8, "tokens_reasoning": 0, "tokens_response": 8, "elapsed_seconds": 55.55734300613403, "judgement": "Way off"}
{"id": "taxes_001145", "topic": "taxes", "subtopic": "pre_discount_tax", "prompt": "Cart: $20.48, $7.68, $10.58, $20.51, $20.54 with a 10% store discount. Local sales tax is 7.5% (tax calculated before discount). About how much is the total?", "exact_value": 77.8, "model": "Dream-org/Dream-v0-Instruct-7B", "provider": "transformers", "response": "Final answer: $7", "numeric_answer": 7.0, "relative_error": 0.910025706940874, "thinking_text": null, "has_tool_call": false, "tool_call": null, "usage": {"prompt_tokens": 208, "completion_tokens": 120, "total_tokens": 328, "token_count_source": "tokenizer"}, "decoding": {"temperature": 0.2, "top_p": null, "top_k": null, "max_tokens": 120, "seed": 42}, "prompt_tokens": 208, "completion_tokens": 120, "total_tokens": 328, "token_count_source": "tokenizer", "diffusion_steps": null, "flops_estimate": null, "flops_arch": null, "flops_model_params": null, "flops_active_params": null, "tokens_non_final": 3, "tokens_reasoning": 0, "tokens_response": 3, "elapsed_seconds": 55.55734300613403, "judgement": "Way off"}
{"id": "taxes_001165", "topic": "taxes", "subtopic": "post_discount_tax", "prompt": "Cart: $14.32, $41.58 with a 20% store discount. Local sales tax is 8.0% (tax after discount). About how much is the total?", "exact_value": 48.3, "model": "Dream-org/Dream-v0-Instruct-7B", "provider": "transformers", "response": "already an integer, round to nearly 5 or 10's multiple.<|im_end|>\n<|im_start|>assistant\nFinal answer: 5", "numeric_answer": 5.0, "relative_error": 0.8964803312629399, "thinking_text": null, "has_tool_call": false, "tool_call": null, "usage": {"prompt_tokens": 187, "completion_tokens": 141, "total_tokens": 328, "token_count_source": "tokenizer"}, "decoding": {"temperature": 0.2, "top_p": null, "top_k": null, "max_tokens": 120, "seed": 42}, "prompt_tokens": 187, "completion_tokens": 141, "total_tokens": 328, "token_count_source": "tokenizer", "diffusion_steps": null, "flops_estimate": null, "flops_arch": null, "flops_model_params": null, "flops_active_params": null, "tokens_non_final": 14, "tokens_reasoning": 0, "tokens_response": 14, "elapsed_seconds": 55.55734300613403, "judgement": "Way off"}
{"id": "taxes_001185", "topic": "taxes", "subtopic": "pre_discount_tax", "prompt": "Cart: $17.11, $15.84 with a 15% store discount. Local sales tax is 6.0% (tax calculated before discount). About how much is the total?", "exact_value": 29.98, "model": "Dream-org/Dream-v0-Instruct-7B", "provider": "transformers", "response": "already an integer, round to nearly 5 or 10's multiple.<|im_end|>\n<|im_start|>assistant\nFinal answer: 30", "numeric_answer": 30.0, "relative_error": 0.0006671114076050558, "thinking_text": null, "has_tool_call": false, "tool_call": null, "usage": {"prompt_tokens": 188, "completion_tokens": 141, "total_tokens": 329, "token_count_source": "tokenizer"}, "decoding": {"temperature": 0.2, "top_p": null, "top_k": null, "max_tokens": 120, "seed": 42}, "prompt_tokens": 188, "completion_tokens": 141, "total_tokens": 329, "token_count_source": "tokenizer", "diffusion_steps": null, "flops_estimate": null, "flops_arch": null, "flops_model_params": null, "flops_active_params": null, "tokens_non_final": 14, "tokens_reasoning": 0, "tokens_response": 14, "elapsed_seconds": 55.765708923339844, "judgement": "Good approximation"}
{"id": "taxes_001205", "topic": "taxes", "subtopic": "pre_discount_tax", "prompt": "Cart: $16.90, $53.37, $54.66, $11.44, $18.23 with a 20% store discount. Local sales tax is 8.0% (tax calculated before discount). About how much is the total?", "exact_value": 136.05, "model": "Dream-org/Dream-v0-Instruct-7B", "provider": "transformers", "response": "Final answer: 160", "numeric_answer": 160.0, "relative_error": 0.17603822124219026, "thinking_text": null, "has_tool_call": false, "tool_call": null, "usage": {"prompt_tokens": 209, "completion_tokens": 120, "total_tokens": 329, "token_count_source": "tokenizer"}, "decoding": {"temperature": 0.2, "top_p": null, "top_k": null, "max_tokens": 120, "seed": 42}, "prompt_tokens": 209, "completion_tokens": 120, "total_tokens": 329, "token_count_source": "tokenizer", "diffusion_steps": null, "flops_estimate": null, "flops_arch": null, "flops_model_params": null, "flops_active_params": null, "tokens_non_final": 3, "tokens_reasoning": 0, "tokens_response": 3, "elapsed_seconds": 55.765708923339844, "judgement": "Good approximation"}
{"id": "taxes_001225", "topic": "taxes", "subtopic": "pre_discount_tax", "prompt": "Cart: $48.12, $37.76, $8.24 with a 10% store discount. Local sales tax is 8.5% (tax calculated before discount). About how much is the total?", "exact_value": 92.71, "model": "Dream-org/Dream-v0-Instruct-7B", "provider": "transformers", "response": "nearly 5 or 10's multiple.<|im_end|>\n<|im_start|>assistant\nFinal answer: 8", "numeric_answer": 8.0, "relative_error": 0.9137094164599288, "thinking_text": null, "has_tool_call": false, "tool_call": null, "usage": {"prompt_tokens": 194, "completion_tokens": 135, "total_tokens": 329, "token_count_source": "tokenizer"}, "decoding": {"temperature": 0.2, "top_p": null, "top_k": null, "max_tokens": 120, "seed": 42}, "prompt_tokens": 194, "completion_tokens": 135, "total_tokens": 329, "token_count_source": "tokenizer", "diffusion_steps": null, "flops_estimate": null, "flops_arch": null, "flops_model_params": null, "flops_active_params": null, "tokens_non_final": 9, "tokens_reasoning": 0, "tokens_response": 9, "elapsed_seconds": 55.765708923339844, "judgement": "Way off"}
{"id": "taxes_001245", "topic": "taxes", "subtopic": "post_discount_tax", "prompt": "Cart: $16.15, $46.13, $29.68, $11.10 with a 20% store discount. Local sales tax is 8.0% (tax after discount). About how much is the total?", "exact_value": 89.04, "model": "Dream-org/Dream-v0-Instruct-7B", "provider": "transformers", "response": "'s multiple.<|im_end|>\n<|im_start|>assistant\nFinal answer: 80", "numeric_answer": 80.0, "relative_error": 0.10152740341419593, "thinking_text": null, "has_tool_call": false, "tool_call": null, "usage": {"prompt_tokens": 201, "completion_tokens": 128, "total_tokens": 329, "token_count_source": "tokenizer"}, "decoding": {"temperature": 0.2, "top_p": null, "top_k": null, "max_tokens": 120, "seed": 42}, "prompt_tokens": 201, "completion_tokens": 128, "total_tokens": 329, "token_count_source": "tokenizer", "diffusion_steps": null, "flops_estimate": null, "flops_arch": null, "flops_model_params": null, "flops_active_params": null, "tokens_non_final": 6, "tokens_reasoning": 0, "tokens_response": 6, "elapsed_seconds": 55.765708923339844, "judgement": "Good approximation"}
{"id": "taxes_001265", "topic": "taxes", "subtopic": "pre_discount_tax", "prompt": "Cart: $5.07, $49.02, $21.35, $52.81. Local sales tax is 8.5% (tax calculated before discount). About how much is the total?", "exact_value": 139.15, "model": "Dream-org/Dream-v0-Instruct-7B", "provider": "transformers", "response": "to nearly 5 or 10's multiple.<|im_end|>\n<|im_start|>assistant\nFinal answer: $90", "numeric_answer": 5.0, "relative_error": 0.9640675530003593, "thinking_text": null, "has_tool_call": false, "tool_call": null, "usage": {"prompt_tokens": 193, "completion_tokens": 136, "total_tokens": 329, "token_count_source": "tokenizer"}, "decoding": {"temperature": 0.2, "top_p": null, "top_k": null, "max_tokens": 120, "seed": 42}, "prompt_tokens": 193, "completion_tokens": 136, "total_tokens": 329, "token_count_source": "tokenizer", "diffusion_steps": null, "flops_estimate": null, "flops_arch": null, "flops_model_params": null, "flops_active_params": null, "tokens_non_final": 10, "tokens_reasoning": 0, "tokens_response": 10, "elapsed_seconds": 55.640353202819824, "judgement": "Way off"}
{"id": "taxes_001285", "topic": "taxes", "subtopic": "pre_discount_tax", "prompt": "Cart: $23.28, $56.47 with a 10% store discount. Local sales tax is 7.0% (tax calculated before discount). About how much is the total?", "exact_value": 77.36, "model": "Dream-org/Dream-v0-Instruct-7B", "provider": "transformers", "response": "already an integer, round to nearly 5 or 10's multiple.<|im_end|>\n<|im_start|>assistant\nFinal answer: 8", "numeric_answer": 8.0, "relative_error": 0.8965873836608066, "thinking_text": null, "has_tool_call": false, "tool_call": null, "usage": {"prompt_tokens": 188, "completion_tokens": 141, "total_tokens": 329, "token_count_source": "tokenizer"}, "decoding": {"temperature": 0.2, "top_p": null, "top_k": null, "max_tokens": 120, "seed": 42}, "prompt_tokens": 188, "completion_tokens": 141, "total_tokens": 329, "token_count_source": "tokenizer", "diffusion_steps": null, "flops_estimate": null, "flops_arch": null, "flops_model_params": null, "flops_active_params": null, "tokens_non_final": 14, "tokens_reasoning": 0, "tokens_response": 14, "elapsed_seconds": 55.640353202819824, "judgement": "Way off"}
{"id": "taxes_001305", "topic": "taxes", "subtopic": "post_discount_tax", "prompt": "Cart: $32.63, $47.64, $21.83, $42.07. Local sales tax is 7.5% (tax after discount). About how much is the total?", "exact_value": 154.98, "model": "Dream-org/Dream-v0-Instruct-7B", "provider": "transformers", "response": "to nearly 5 or 10's multiple.<|im_end|>\n<|im_start|>assistant\nFinal answer: 1 reserv", "numeric_answer": 1.0, "relative_error": 0.9935475545231642, "thinking_text": null, "has_tool_call": false, "tool_call": null, "usage": {"prompt_tokens": 193, "completion_tokens": 136, "total_tokens": 329, "token_count_source": "tokenizer"}, "decoding": {"temperature": 0.2, "top_p": null, "top_k": null, "max_tokens": 120, "seed": 42}, "prompt_tokens": 193, "completion_tokens": 136, "total_tokens": 329, "token_count_source": "tokenizer", "diffusion_steps": null, "flops_estimate": null, "flops_arch": null, "flops_model_params": null, "flops_active_params": null, "tokens_non_final": 11, "tokens_reasoning": 0, "tokens_response": 11, "elapsed_seconds": 55.640353202819824, "judgement": "Way off"}
{"id": "taxes_001325", "topic": "taxes", "subtopic": "pre_discount_tax", "prompt": "Cart: $22.61, $14.17, $36.73, $21.75, $44.86 with a 15% store discount. Local sales tax is 8.5% (tax calculated before discount). About how much is the total?", "exact_value": 131.01, "model": "Dream-org/Dream-v0-Instruct-7B", "provider": "transformers", "response": "Final answer: 100", "numeric_answer": 100.0, "relative_error": 0.2366994885886573, "thinking_text": null, "has_tool_call": false, "tool_call": null, "usage": {"prompt_tokens": 209, "completion_tokens": 120, "total_tokens": 329, "token_count_source": "tokenizer"}, "decoding": {"temperature": 0.2, "top_p": null, "top_k": null, "max_tokens": 120, "seed": 42}, "prompt_tokens": 209, "completion_tokens": 120, "total_tokens": 329, "token_count_source": "tokenizer", "diffusion_steps": null, "flops_estimate": null, "flops_arch": null, "flops_model_params": null, "flops_active_params": null, "tokens_non_final": 3, "tokens_reasoning": 0, "tokens_response": 3, "elapsed_seconds": 55.640353202819824, "judgement": "Mildly off"}
{"id": "units_000127", "topic": "units", "subtopic": "kg_g", "prompt": "An item costs $13.16 per kg. You take 500 g. About how much is that?", "exact_value": 6.58, "model": "Dream-org/Dream-v0-Instruct-7B", "provider": "transformers", "response": "Final answer: $6.58", "numeric_answer": 6.58, "relative_error": 0.0, "thinking_text": null, "has_tool_call": false, "tool_call": null, "usage": {"prompt_tokens": 168, "completion_tokens": 120, "total_tokens": 288, "token_count_source": "tokenizer"}, "decoding": {"temperature": 0.2, "top_p": null, "top_k": null, "max_tokens": 120, "seed": 42}, "prompt_tokens": 168, "completion_tokens": 120, "total_tokens": 288, "token_count_source": "tokenizer", "diffusion_steps": null, "flops_estimate": null, "flops_arch": null, "flops_model_params": null, "flops_active_params": null, "tokens_non_final": 3, "tokens_reasoning": 0, "tokens_response": 3, "elapsed_seconds": 48.93123936653137, "judgement": "Exact math"}
{"id": "units_000147", "topic": "units", "subtopic": "kg_g", "prompt": "An item costs $9.68 per kg. You take 500 g. About how much is that?", "exact_value": 4.84, "model": "Dream-org/Dream-v0-Instruct-7B", "provider": "transformers", "response": "Final answer: 4.80", "numeric_answer": 4.8, "relative_error": 0.008264462809917363, "thinking_text": null, "has_tool_call": false, "tool_call": null, "usage": {"prompt_tokens": 167, "completion_tokens": 121, "total_tokens": 288, "token_count_source": "tokenizer"}, "decoding": {"temperature": 0.2, "top_p": null, "top_k": null, "max_tokens": 120, "seed": 42}, "prompt_tokens": 167, "completion_tokens": 121, "total_tokens": 288, "token_count_source": "tokenizer", "diffusion_steps": null, "flops_estimate": null, "flops_arch": null, "flops_model_params": null, "flops_active_params": null, "tokens_non_final": 3, "tokens_reasoning": 0, "tokens_response": 3, "elapsed_seconds": 48.93123936653137, "judgement": "Good approximation"}
{"id": "units_000167", "topic": "units", "subtopic": "lb_oz", "prompt": "You buy 5.37 lb at $7.71 per lb. About how much is that total?", "exact_value": 41.4, "model": "Dream-org/Dream-v0-Instruct-7B", "provider": "transformers", "response": "assistant\nFinal answer: 40", "numeric_answer": 40.0, "relative_error": 0.03381642512077292, "thinking_text": null, "has_tool_call": false, "tool_call": null, "usage": {"prompt_tokens": 166, "completion_tokens": 122, "total_tokens": 288, "token_count_source": "tokenizer"}, "decoding": {"temperature": 0.2, "top_p": null, "top_k": null, "max_tokens": 120, "seed": 42}, "prompt_tokens": 166, "completion_tokens": 122, "total_tokens": 288, "token_count_source": "tokenizer", "diffusion_steps": null, "flops_estimate": null, "flops_arch": null, "flops_model_params": null, "flops_active_params": null, "tokens_non_final": 4, "tokens_reasoning": 0, "tokens_response": 4, "elapsed_seconds": 48.93123936653137, "judgement": "Good approximation"}
{"id": "units_000187", "topic": "units", "subtopic": "kg_g", "prompt": "An item costs $7.01 per kg. You take 300 g. About how much is that?", "exact_value": 2.1, "model": "Dream-org/Dream-v0-Instruct-7B", "provider": "transformers", "response": "Final answer: 2", "numeric_answer": 2.0, "relative_error": 0.04761904761904766, "thinking_text": null, "has_tool_call": false, "tool_call": null, "usage": {"prompt_tokens": 167, "completion_tokens": 121, "total_tokens": 288, "token_count_source": "tokenizer"}, "decoding": {"temperature": 0.2, "top_p": null, "top_k": null, "max_tokens": 120, "seed": 42}, "prompt_tokens": 167, "completion_tokens": 121, "total_tokens": 288, "token_count_source": "tokenizer", "diffusion_steps": null, "flops_estimate": null, "flops_arch": null, "flops_model_params": null, "flops_active_params": null, "tokens_non_final": 3, "tokens_reasoning": 0, "tokens_response": 3, "elapsed_seconds": 48.93123936653137, "judgement": "Good approximation"}
{"id": "units_000207", "topic": "units", "subtopic": "kg_g", "prompt": "An item costs $19.14 per kg. You take 350 g. About how much is that?", "exact_value": 6.7, "model": "Dream-org/Dream-v0-Instruct-7B", "provider": "transformers", "response": "Final answer: 6", "numeric_answer": 6.0, "relative_error": 0.10447761194029853, "thinking_text": null, "has_tool_call": false, "tool_call": null, "usage": {"prompt_tokens": 168, "completion_tokens": 120, "total_tokens": 288, "token_count_source": "tokenizer"}, "decoding": {"temperature": 0.2, "top_p": null, "top_k": null, "max_tokens": 120, "seed": 42}, "prompt_tokens": 168, "completion_tokens": 120, "total_tokens": 288, "token_count_source": "tokenizer", "diffusion_steps": null, "flops_estimate": null, "flops_arch": null, "flops_model_params": null, "flops_active_params": null, "tokens_non_final": 3, "tokens_reasoning": 0, "tokens_response": 3, "elapsed_seconds": 48.93121910095215, "judgement": "Good approximation"}
{"id": "units_000227", "topic": "units", "subtopic": "lb_oz", "prompt": "You buy 4.2 lb at $8.05 per lb. About how much is that total?", "exact_value": 33.81, "model": "Dream-org/Dream-v0-Instruct-7B", "provider": "transformers", "response": "<|im_start|>assistant\nFinal answer: 32", "numeric_answer": 32.0, "relative_error": 0.0535344572611654, "thinking_text": null, "has_tool_call": false, "tool_call": null, "usage": {"prompt_tokens": 165, "completion_tokens": 123, "total_tokens": 288, "token_count_source": "tokenizer"}, "decoding": {"temperature": 0.2, "top_p": null, "top_k": null, "max_tokens": 120, "seed": 42}, "prompt_tokens": 165, "completion_tokens": 123, "total_tokens": 288, "token_count_source": "tokenizer", "diffusion_steps": null, "flops_estimate": null, "flops_arch": null, "flops_model_params": null, "flops_active_params": null, "tokens_non_final": 4, "tokens_reasoning": 0, "tokens_response": 4, "elapsed_seconds": 48.93121910095215, "judgement": "Good approximation"}
{"id": "units_000247", "topic": "units", "subtopic": "lb_oz", "prompt": "You buy 1.27 lb at $10.60 per lb. About how much is that total?", "exact_value": 13.46, "model": "Dream-org/Dream-v0-Instruct-7B", "provider": "transformers", "response": "Final answer: 13", "numeric_answer": 13.0, "relative_error": 0.03417533432392279, "thinking_text": null, "has_tool_call": false, "tool_call": null, "usage": {"prompt_tokens": 167, "completion_tokens": 121, "total_tokens": 288, "token_count_source": "tokenizer"}, "decoding": {"temperature": 0.2, "top_p": null, "top_k": null, "max_tokens": 120, "seed": 42}, "prompt_tokens": 167, "completion_tokens": 121, "total_tokens": 288, "token_count_source": "tokenizer", "diffusion_steps": null, "flops_estimate": null, "flops_arch": null, "flops_model_params": null, "flops_active_params": null, "tokens_non_final": 3, "tokens_reasoning": 0, "tokens_response": 3, "elapsed_seconds": 48.93121910095215, "judgement": "Good approximation"}
{"id": "units_000267", "topic": "units", "subtopic": "kg_g", "prompt": "An item costs $16.62 per kg. You take 250 g. About how much is that?", "exact_value": 4.16, "model": "Dream-org/Dream-v0-Instruct-7B", "provider": "transformers", "response": "Final answer: 4", "numeric_answer": 4.0, "relative_error": 0.03846153846153849, "thinking_text": null, "has_tool_call": false, "tool_call": null, "usage": {"prompt_tokens": 168, "completion_tokens": 120, "total_tokens": 288, "token_count_source": "tokenizer"}, "decoding": {"temperature": 0.2, "top_p": null, "top_k": null, "max_tokens": 120, "seed": 42}, "prompt_tokens": 168, "completion_tokens": 120, "total_tokens": 288, "token_count_source": "tokenizer", "diffusion_steps": null, "flops_estimate": null, "flops_arch": null, "flops_model_params": null, "flops_active_params": null, "tokens_non_final": 3, "tokens_reasoning": 0, "tokens_response": 3, "elapsed_seconds": 48.93121910095215, "judgement": "Good approximation"}
{"id": "units_000287", "topic": "units", "subtopic": "kg_g", "prompt": "An item costs $4.52 per kg. You take 750 g. About how much is that?", "exact_value": 3.39, "model": "Dream-org/Dream-v0-Instruct-7B", "provider": "transformers", "response": "Final answer: 3", "numeric_answer": 3.0, "relative_error": 0.11504424778761065, "thinking_text": null, "has_tool_call": false, "tool_call": null, "usage": {"prompt_tokens": 167, "completion_tokens": 120, "total_tokens": 287, "token_count_source": "tokenizer"}, "decoding": {"temperature": 0.2, "top_p": null, "top_k": null, "max_tokens": 120, "seed": 42}, "prompt_tokens": 167, "completion_tokens": 120, "total_tokens": 287, "token_count_source": "tokenizer", "diffusion_steps": null, "flops_estimate": null, "flops_arch": null, "flops_model_params": null, "flops_active_params": null, "tokens_non_final": 3, "tokens_reasoning": 0, "tokens_response": 3, "elapsed_seconds": 48.941956520080566, "judgement": "Good approximation"}
{"id": "units_000307", "topic": "units", "subtopic": "lb_oz", "prompt": "You buy 4.54 lb at $6.92 per lb. About how much is that total?", "exact_value": 31.42, "model": "Dream-org/Dream-v0-Instruct-7B", "provider": "transformers", "response": "Final answer: 30", "numeric_answer": 30.0, "relative_error": 0.045194143857415714, "thinking_text": null, "has_tool_call": false, "tool_call": null, "usage": {"prompt_tokens": 166, "completion_tokens": 121, "total_tokens": 287, "token_count_source": "tokenizer"}, "decoding": {"temperature": 0.2, "top_p": null, "top_k": null, "max_tokens": 120, "seed": 42}, "prompt_tokens": 166, "completion_tokens": 121, "total_tokens": 287, "token_count_source": "tokenizer", "diffusion_steps": null, "flops_estimate": null, "flops_arch": null, "flops_model_params": null, "flops_active_params": null, "tokens_non_final": 3, "tokens_reasoning": 0, "tokens_response": 3, "elapsed_seconds": 48.941956520080566, "judgement": "Good approximation"}
{"id": "units_000327", "topic": "units", "subtopic": "lb_oz", "prompt": "You buy 3.49 lb at $9.52 per lb. About how much is that total?", "exact_value": 33.22, "model": "Dream-org/Dream-v0-Instruct-7B", "provider": "transformers", "response": "Final answer: 33", "numeric_answer": 33.0, "relative_error": 0.006622516556291357, "thinking_text": null, "has_tool_call": false, "tool_call": null, "usage": {"prompt_tokens": 166, "completion_tokens": 121, "total_tokens": 287, "token_count_source": "tokenizer"}, "decoding": {"temperature": 0.2, "top_p": null, "top_k": null, "max_tokens": 120, "seed": 42}, "prompt_tokens": 166, "completion_tokens": 121, "total_tokens": 287, "token_count_source": "tokenizer", "diffusion_steps": null, "flops_estimate": null, "flops_arch": null, "flops_model_params": null, "flops_active_params": null, "tokens_non_final": 3, "tokens_reasoning": 0, "tokens_response": 3, "elapsed_seconds": 48.941956520080566, "judgement": "Good approximation"}
{"id": "units_000347", "topic": "units", "subtopic": "lb_oz", "prompt": "You buy 3.01 lb at $10.95 per lb. About how much is that total?", "exact_value": 32.96, "model": "Dream-org/Dream-v0-Instruct-7B", "provider": "transformers", "response": "Final answer: 33", "numeric_answer": 33.0, "relative_error": 0.0012135922330096828, "thinking_text": null, "has_tool_call": false, "tool_call": null, "usage": {"prompt_tokens": 167, "completion_tokens": 120, "total_tokens": 287, "token_count_source": "tokenizer"}, "decoding": {"temperature": 0.2, "top_p": null, "top_k": null, "max_tokens": 120, "seed": 42}, "prompt_tokens": 167, "completion_tokens": 120, "total_tokens": 287, "token_count_source": "tokenizer", "diffusion_steps": null, "flops_estimate": null, "flops_arch": null, "flops_model_params": null, "flops_active_params": null, "tokens_non_final": 3, "tokens_reasoning": 0, "tokens_response": 3, "elapsed_seconds": 48.941956520080566, "judgement": "Good approximation"}
{"id": "units_000367", "topic": "units", "subtopic": "lb_oz", "prompt": "You buy 3.8 lb at $7.49 per lb. About how much is that total?", "exact_value": 28.46, "model": "Dream-org/Dream-v0-Instruct-7B", "provider": "transformers", "response": "<|im_start|>assistant\nFinal answer: 28", "numeric_answer": 28.0, "relative_error": 0.01616303583977515, "thinking_text": null, "has_tool_call": false, "tool_call": null, "usage": {"prompt_tokens": 165, "completion_tokens": 123, "total_tokens": 288, "token_count_source": "tokenizer"}, "decoding": {"temperature": 0.2, "top_p": null, "top_k": null, "max_tokens": 120, "seed": 42}, "prompt_tokens": 165, "completion_tokens": 123, "total_tokens": 288, "token_count_source": "tokenizer", "diffusion_steps": null, "flops_estimate": null, "flops_arch": null, "flops_model_params": null, "flops_active_params": null, "tokens_non_final": 4, "tokens_reasoning": 0, "tokens_response": 4, "elapsed_seconds": 48.948386669158936, "judgement": "Good approximation"}
{"id": "units_000387", "topic": "units", "subtopic": "lb_oz", "prompt": "You buy 4.21 lb at $6.38 per lb. About how much is that total?", "exact_value": 26.86, "model": "Dream-org/Dream-v0-Instruct-7B", "provider": "transformers", "response": "assistant\nFinal answer: 26.", "numeric_answer": 26.0, "relative_error": 0.03201787043931495, "thinking_text": null, "has_tool_call": false, "tool_call": null, "usage": {"prompt_tokens": 166, "completion_tokens": 122, "total_tokens": 288, "token_count_source": "tokenizer"}, "decoding": {"temperature": 0.2, "top_p": null, "top_k": null, "max_tokens": 120, "seed": 42}, "prompt_tokens": 166, "completion_tokens": 122, "total_tokens": 288, "token_count_source": "tokenizer", "diffusion_steps": null, "flops_estimate": null, "flops_arch": null, "flops_model_params": null, "flops_active_params": null, "tokens_non_final": 4, "tokens_reasoning": 0, "tokens_response": 4, "elapsed_seconds": 48.948386669158936, "judgement": "Good approximation"}
{"id": "units_000407", "topic": "units", "subtopic": "lb_oz", "prompt": "You buy 0.85 lb at $12.01 per lb. About how much is that total?", "exact_value": 10.21, "model": "Dream-org/Dream-v0-Instruct-7B", "provider": "transformers", "response": "Final answer: 10", "numeric_answer": 10.0, "relative_error": 0.020568070519099004, "thinking_text": null, "has_tool_call": false, "tool_call": null, "usage": {"prompt_tokens": 167, "completion_tokens": 121, "total_tokens": 288, "token_count_source": "tokenizer"}, "decoding": {"temperature": 0.2, "top_p": null, "top_k": null, "max_tokens": 120, "seed": 42}, "prompt_tokens": 167, "completion_tokens": 121, "total_tokens": 288, "token_count_source": "tokenizer", "diffusion_steps": null, "flops_estimate": null, "flops_arch": null, "flops_model_params": null, "flops_active_params": null, "tokens_non_final": 3, "tokens_reasoning": 0, "tokens_response": 3, "elapsed_seconds": 48.948386669158936, "judgement": "Good approximation"}
{"id": "units_000427", "topic": "units", "subtopic": "kg_g", "prompt": "An item costs $11.43 per kg. You take 400 g. About how much is that?", "exact_value": 4.57, "model": "Dream-org/Dream-v0-Instruct-7B", "provider": "transformers", "response": "Final answer: 4.6", "numeric_answer": 4.6, "relative_error": 0.006564551422319334, "thinking_text": null, "has_tool_call": false, "tool_call": null, "usage": {"prompt_tokens": 168, "completion_tokens": 120, "total_tokens": 288, "token_count_source": "tokenizer"}, "decoding": {"temperature": 0.2, "top_p": null, "top_k": null, "max_tokens": 120, "seed": 42}, "prompt_tokens": 168, "completion_tokens": 120, "total_tokens": 288, "token_count_source": "tokenizer", "diffusion_steps": null, "flops_estimate": null, "flops_arch": null, "flops_model_params": null, "flops_active_params": null, "tokens_non_final": 3, "tokens_reasoning": 0, "tokens_response": 3, "elapsed_seconds": 48.948386669158936, "judgement": "Good approximation"}
{"id": "units_000447", "topic": "units", "subtopic": "lb_oz", "prompt": "You buy 3.87 lb at $13.72 per lb. About how much is that total?", "exact_value": 53.1, "model": "Dream-org/Dream-v0-Instruct-7B", "provider": "transformers", "response": "Final answer: 50", "numeric_answer": 50.0, "relative_error": 0.05838041431261773, "thinking_text": null, "has_tool_call": false, "tool_call": null, "usage": {"prompt_tokens": 167, "completion_tokens": 120, "total_tokens": 287, "token_count_source": "tokenizer"}, "decoding": {"temperature": 0.2, "top_p": null, "top_k": null, "max_tokens": 120, "seed": 42}, "prompt_tokens": 167, "completion_tokens": 120, "total_tokens": 287, "token_count_source": "tokenizer", "diffusion_steps": null, "flops_estimate": null, "flops_arch": null, "flops_model_params": null, "flops_active_params": null, "tokens_non_final": 3, "tokens_reasoning": 0, "tokens_response": 3, "elapsed_seconds": 49.00645995140076, "judgement": "Good approximation"}
{"id": "units_000467", "topic": "units", "subtopic": "lb_oz", "prompt": "You buy 0.68 lb at $7.36 per lb. About how much is that total?", "exact_value": 5.0, "model": "Dream-org/Dream-v0-Instruct-7B", "provider": "transformers", "response": "Final answer: 5", "numeric_answer": 5.0, "relative_error": 0.0, "thinking_text": null, "has_tool_call": false, "tool_call": null, "usage": {"prompt_tokens": 166, "completion_tokens": 121, "total_tokens": 287, "token_count_source": "tokenizer"}, "decoding": {"temperature": 0.2, "top_p": null, "top_k": null, "max_tokens": 120, "seed": 42}, "prompt_tokens": 166, "completion_tokens": 121, "total_tokens": 287, "token_count_source": "tokenizer", "diffusion_steps": null, "flops_estimate": null, "flops_arch": null, "flops_model_params": null, "flops_active_params": null, "tokens_non_final": 3, "tokens_reasoning": 0, "tokens_response": 3, "elapsed_seconds": 49.00645995140076, "judgement": "Exact math"}
{"id": "units_000487", "topic": "units", "subtopic": "lb_oz", "prompt": "You buy 4.95 lb at $8.57 per lb. About how much is that total?", "exact_value": 42.42, "model": "Dream-org/Dream-v0-Instruct-7B", "provider": "transformers", "response": "Final answer: 42", "numeric_answer": 42.0, "relative_error": 0.009900990099009941, "thinking_text": null, "has_tool_call": false, "tool_call": null, "usage": {"prompt_tokens": 166, "completion_tokens": 121, "total_tokens": 287, "token_count_source": "tokenizer"}, "decoding": {"temperature": 0.2, "top_p": null, "top_k": null, "max_tokens": 120, "seed": 42}, "prompt_tokens": 166, "completion_tokens": 121, "total_tokens": 287, "token_count_source": "tokenizer", "diffusion_steps": null, "flops_estimate": null, "flops_arch": null, "flops_model_params": null, "flops_active_params": null, "tokens_non_final": 3, "tokens_reasoning": 0, "tokens_response": 3, "elapsed_seconds": 49.00645995140076, "judgement": "Good approximation"}
{"id": "units_000507", "topic": "units", "subtopic": "lb_oz", "prompt": "You buy 0.55 lb at $7.62 per lb. About how much is that total?", "exact_value": 4.19, "model": "Dream-org/Dream-v0-Instruct-7B", "provider": "transformers", "response": "Final answer: 4.", "numeric_answer": 4.0, "relative_error": 0.045346062052506055, "thinking_text": null, "has_tool_call": false, "tool_call": null, "usage": {"prompt_tokens": 166, "completion_tokens": 121, "total_tokens": 287, "token_count_source": "tokenizer"}, "decoding": {"temperature": 0.2, "top_p": null, "top_k": null, "max_tokens": 120, "seed": 42}, "prompt_tokens": 166, "completion_tokens": 121, "total_tokens": 287, "token_count_source": "tokenizer", "diffusion_steps": null, "flops_estimate": null, "flops_arch": null, "flops_model_params": null, "flops_active_params": null, "tokens_non_final": 3, "tokens_reasoning": 0, "tokens_response": 3, "elapsed_seconds": 49.00645995140076, "judgement": "Good approximation"}
{"id": "units_000527", "topic": "units", "subtopic": "kg_g", "prompt": "An item costs $6.70 per kg. You take 750 g. About how much is that?", "exact_value": 5.03, "model": "Dream-org/Dream-v0-Instruct-7B", "provider": "transformers", "response": "Final answer: 5", "numeric_answer": 5.0, "relative_error": 0.0059642147117296715, "thinking_text": null, "has_tool_call": false, "tool_call": null, "usage": {"prompt_tokens": 167, "completion_tokens": 121, "total_tokens": 288, "token_count_source": "tokenizer"}, "decoding": {"temperature": 0.2, "top_p": null, "top_k": null, "max_tokens": 120, "seed": 42}, "prompt_tokens": 167, "completion_tokens": 121, "total_tokens": 288, "token_count_source": "tokenizer", "diffusion_steps": null, "flops_estimate": null, "flops_arch": null, "flops_model_params": null, "flops_active_params": null, "tokens_non_final": 3, "tokens_reasoning": 0, "tokens_response": 3, "elapsed_seconds": 49.000269174575806, "judgement": "Good approximation"}
{"id": "units_000547", "topic": "units", "subtopic": "kg_g", "prompt": "An item costs $7.37 per kg. You take 350 g. About how much is that?", "exact_value": 2.58, "model": "Dream-org/Dream-v0-Instruct-7B", "provider": "transformers", "response": "Final answer: 3", "numeric_answer": 3.0, "relative_error": 0.16279069767441856, "thinking_text": null, "has_tool_call": false, "tool_call": null, "usage": {"prompt_tokens": 167, "completion_tokens": 121, "total_tokens": 288, "token_count_source": "tokenizer"}, "decoding": {"temperature": 0.2, "top_p": null, "top_k": null, "max_tokens": 120, "seed": 42}, "prompt_tokens": 167, "completion_tokens": 121, "total_tokens": 288, "token_count_source": "tokenizer", "diffusion_steps": null, "flops_estimate": null, "flops_arch": null, "flops_model_params": null, "flops_active_params": null, "tokens_non_final": 3, "tokens_reasoning": 0, "tokens_response": 3, "elapsed_seconds": 49.000269174575806, "judgement": "Good approximation"}
{"id": "units_000567", "topic": "units", "subtopic": "kg_g", "prompt": "An item costs $10.70 per kg. You take 900 g. About how much is that?", "exact_value": 9.63, "model": "Dream-org/Dream-v0-Instruct-7B", "provider": "transformers", "response": "Final answer: 9", "numeric_answer": 9.0, "relative_error": 0.06542056074766363, "thinking_text": null, "has_tool_call": false, "tool_call": null, "usage": {"prompt_tokens": 168, "completion_tokens": 120, "total_tokens": 288, "token_count_source": "tokenizer"}, "decoding": {"temperature": 0.2, "top_p": null, "top_k": null, "max_tokens": 120, "seed": 42}, "prompt_tokens": 168, "completion_tokens": 120, "total_tokens": 288, "token_count_source": "tokenizer", "diffusion_steps": null, "flops_estimate": null, "flops_arch": null, "flops_model_params": null, "flops_active_params": null, "tokens_non_final": 3, "tokens_reasoning": 0, "tokens_response": 3, "elapsed_seconds": 49.000269174575806, "judgement": "Good approximation"}
{"id": "units_000587", "topic": "units", "subtopic": "kg_g", "prompt": "An item costs $4.94 per kg. You take 350 g. About how much is that?", "exact_value": 1.73, "model": "Dream-org/Dream-v0-Instruct-7B", "provider": "transformers", "response": "Final answer: 1.7", "numeric_answer": 1.7, "relative_error": 0.01734104046242776, "thinking_text": null, "has_tool_call": false, "tool_call": null, "usage": {"prompt_tokens": 167, "completion_tokens": 121, "total_tokens": 288, "token_count_source": "tokenizer"}, "decoding": {"temperature": 0.2, "top_p": null, "top_k": null, "max_tokens": 120, "seed": 42}, "prompt_tokens": 167, "completion_tokens": 121, "total_tokens": 288, "token_count_source": "tokenizer", "diffusion_steps": null, "flops_estimate": null, "flops_arch": null, "flops_model_params": null, "flops_active_params": null, "tokens_non_final": 3, "tokens_reasoning": 0, "tokens_response": 3, "elapsed_seconds": 49.000269174575806, "judgement": "Good approximation"}
{"id": "units_000607", "topic": "units", "subtopic": "kg_g", "prompt": "An item costs $11.97 per kg. You take 400 g. About how much is that?", "exact_value": 4.79, "model": "Dream-org/Dream-v0-Instruct-7B", "provider": "transformers", "response": "Final answer: 4.8", "numeric_answer": 4.8, "relative_error": 0.002087682672233776, "thinking_text": null, "has_tool_call": false, "tool_call": null, "usage": {"prompt_tokens": 168, "completion_tokens": 120, "total_tokens": 288, "token_count_source": "tokenizer"}, "decoding": {"temperature": 0.2, "top_p": null, "top_k": null, "max_tokens": 120, "seed": 42}, "prompt_tokens": 168, "completion_tokens": 120, "total_tokens": 288, "token_count_source": "tokenizer", "diffusion_steps": null, "flops_estimate": null, "flops_arch": null, "flops_model_params": null, "flops_active_params": null, "tokens_non_final": 3, "tokens_reasoning": 0, "tokens_response": 3, "elapsed_seconds": 49.223692893981934, "judgement": "Good approximation"}
{"id": "units_000627", "topic": "units", "subtopic": "lb_oz", "prompt": "You buy 2.13 lb at $11.95 per lb. About how much is that total?", "exact_value": 25.45, "model": "Dream-org/Dream-v0-Instruct-7B", "provider": "transformers", "response": "Final answer: 25", "numeric_answer": 25.0, "relative_error": 0.017681728880157142, "thinking_text": null, "has_tool_call": false, "tool_call": null, "usage": {"prompt_tokens": 167, "completion_tokens": 121, "total_tokens": 288, "token_count_source": "tokenizer"}, "decoding": {"temperature": 0.2, "top_p": null, "top_k": null, "max_tokens": 120, "seed": 42}, "prompt_tokens": 167, "completion_tokens": 121, "total_tokens": 288, "token_count_source": "tokenizer", "diffusion_steps": null, "flops_estimate": null, "flops_arch": null, "flops_model_params": null, "flops_active_params": null, "tokens_non_final": 3, "tokens_reasoning": 0, "tokens_response": 3, "elapsed_seconds": 49.223692893981934, "judgement": "Good approximation"}
{"id": "units_000647", "topic": "units", "subtopic": "kg_g", "prompt": "An item costs $10.91 per kg. You take 900 g. About how much is that?", "exact_value": 9.82, "model": "Dream-org/Dream-v0-Instruct-7B", "provider": "transformers", "response": "Final answer: $9", "numeric_answer": 9.0, "relative_error": 0.08350305498981672, "thinking_text": null, "has_tool_call": false, "tool_call": null, "usage": {"prompt_tokens": 168, "completion_tokens": 120, "total_tokens": 288, "token_count_source": "tokenizer"}, "decoding": {"temperature": 0.2, "top_p": null, "top_k": null, "max_tokens": 120, "seed": 42}, "prompt_tokens": 168, "completion_tokens": 120, "total_tokens": 288, "token_count_source": "tokenizer", "diffusion_steps": null, "flops_estimate": null, "flops_arch": null, "flops_model_params": null, "flops_active_params": null, "tokens_non_final": 3, "tokens_reasoning": 0, "tokens_response": 3, "elapsed_seconds": 49.223692893981934, "judgement": "Good approximation"}
{"id": "units_000667", "topic": "units", "subtopic": "kg_g", "prompt": "An item costs $13.39 per kg. You take 300 g. About how much is that?", "exact_value": 4.02, "model": "Dream-org/Dream-v0-Instruct-7B", "provider": "transformers", "response": "Final answer: 4", "numeric_answer": 4.0, "relative_error": 0.004975124378109347, "thinking_text": null, "has_tool_call": false, "tool_call": null, "usage": {"prompt_tokens": 168, "completion_tokens": 120, "total_tokens": 288, "token_count_source": "tokenizer"}, "decoding": {"temperature": 0.2, "top_p": null, "top_k": null, "max_tokens": 120, "seed": 42}, "prompt_tokens": 168, "completion_tokens": 120, "total_tokens": 288, "token_count_source": "tokenizer", "diffusion_steps": null, "flops_estimate": null, "flops_arch": null, "flops_model_params": null, "flops_active_params": null, "tokens_non_final": 3, "tokens_reasoning": 0, "tokens_response": 3, "elapsed_seconds": 49.223692893981934, "judgement": "Good approximation"}
{"id": "units_000687", "topic": "units", "subtopic": "lb_oz", "prompt": "You buy 1.93 lb at $5.24 per lb. About how much is that total?", "exact_value": 10.11, "model": "Dream-org/Dream-v0-Instruct-7B", "provider": "transformers", "response": "Final answer: 10", "numeric_answer": 10.0, "relative_error": 0.010880316518298658, "thinking_text": null, "has_tool_call": false, "tool_call": null, "usage": {"prompt_tokens": 166, "completion_tokens": 121, "total_tokens": 287, "token_count_source": "tokenizer"}, "decoding": {"temperature": 0.2, "top_p": null, "top_k": null, "max_tokens": 120, "seed": 42}, "prompt_tokens": 166, "completion_tokens": 121, "total_tokens": 287, "token_count_source": "tokenizer", "diffusion_steps": null, "flops_estimate": null, "flops_arch": null, "flops_model_params": null, "flops_active_params": null, "tokens_non_final": 3, "tokens_reasoning": 0, "tokens_response": 3, "elapsed_seconds": 49.38030934333801, "judgement": "Good approximation"}
{"id": "units_000707", "topic": "units", "subtopic": "kg_g", "prompt": "An item costs $7.61 per kg. You take 400 g. About how much is that?", "exact_value": 3.04, "model": "Dream-org/Dream-v0-Instruct-7B", "provider": "transformers", "response": "Final answer: 3", "numeric_answer": 3.0, "relative_error": 0.013157894736842117, "thinking_text": null, "has_tool_call": false, "tool_call": null, "usage": {"prompt_tokens": 167, "completion_tokens": 120, "total_tokens": 287, "token_count_source": "tokenizer"}, "decoding": {"temperature": 0.2, "top_p": null, "top_k": null, "max_tokens": 120, "seed": 42}, "prompt_tokens": 167, "completion_tokens": 120, "total_tokens": 287, "token_count_source": "tokenizer", "diffusion_steps": null, "flops_estimate": null, "flops_arch": null, "flops_model_params": null, "flops_active_params": null, "tokens_non_final": 3, "tokens_reasoning": 0, "tokens_response": 3, "elapsed_seconds": 49.38030934333801, "judgement": "Good approximation"}
{"id": "units_000727", "topic": "units", "subtopic": "lb_oz", "prompt": "You buy 3.59 lb at $10.93 per lb. About how much is that total?", "exact_value": 39.24, "model": "Dream-org/Dream-v0-Instruct-7B", "provider": "transformers", "response": "Final answer: 4", "numeric_answer": 4.0, "relative_error": 0.8980632008154944, "thinking_text": null, "has_tool_call": false, "tool_call": null, "usage": {"prompt_tokens": 167, "completion_tokens": 120, "total_tokens": 287, "token_count_source": "tokenizer"}, "decoding": {"temperature": 0.2, "top_p": null, "top_k": null, "max_tokens": 120, "seed": 42}, "prompt_tokens": 167, "completion_tokens": 120, "total_tokens": 287, "token_count_source": "tokenizer", "diffusion_steps": null, "flops_estimate": null, "flops_arch": null, "flops_model_params": null, "flops_active_params": null, "tokens_non_final": 3, "tokens_reasoning": 0, "tokens_response": 3, "elapsed_seconds": 49.38030934333801, "judgement": "Way off"}
{"id": "units_000747", "topic": "units", "subtopic": "lb_oz", "prompt": "You buy 2.72 lb at $3.64 per lb. About how much is that total?", "exact_value": 9.9, "model": "Dream-org/Dream-v0-Instruct-7B", "provider": "transformers", "response": "Final answer: $10", "numeric_answer": 10.0, "relative_error": 0.010101010101010065, "thinking_text": null, "has_tool_call": false, "tool_call": null, "usage": {"prompt_tokens": 166, "completion_tokens": 121, "total_tokens": 287, "token_count_source": "tokenizer"}, "decoding": {"temperature": 0.2, "top_p": null, "top_k": null, "max_tokens": 120, "seed": 42}, "prompt_tokens": 166, "completion_tokens": 121, "total_tokens": 287, "token_count_source": "tokenizer", "diffusion_steps": null, "flops_estimate": null, "flops_arch": null, "flops_model_params": null, "flops_active_params": null, "tokens_non_final": 3, "tokens_reasoning": 0, "tokens_response": 3, "elapsed_seconds": 49.38030934333801, "judgement": "Good approximation"}
{"id": "units_000767", "topic": "units", "subtopic": "kg_g", "prompt": "An item costs $11.67 per kg. You take 900 g. About how much is that?", "exact_value": 10.5, "model": "Dream-org/Dream-v0-Instruct-7B", "provider": "transformers", "response": "Final answer: 10.", "numeric_answer": 10.0, "relative_error": 0.047619047619047616, "thinking_text": null, "has_tool_call": false, "tool_call": null, "usage": {"prompt_tokens": 168, "completion_tokens": 120, "total_tokens": 288, "token_count_source": "tokenizer"}, "decoding": {"temperature": 0.2, "top_p": null, "top_k": null, "max_tokens": 120, "seed": 42}, "prompt_tokens": 168, "completion_tokens": 120, "total_tokens": 288, "token_count_source": "tokenizer", "diffusion_steps": null, "flops_estimate": null, "flops_arch": null, "flops_model_params": null, "flops_active_params": null, "tokens_non_final": 3, "tokens_reasoning": 0, "tokens_response": 3, "elapsed_seconds": 49.37220096588135, "judgement": "Good approximation"}
{"id": "units_000787", "topic": "units", "subtopic": "kg_g", "prompt": "An item costs $10.33 per kg. You take 400 g. About how much is that?", "exact_value": 4.13, "model": "Dream-org/Dream-v0-Instruct-7B", "provider": "transformers", "response": "Final answer: $4", "numeric_answer": 4.0, "relative_error": 0.03147699757869247, "thinking_text": null, "has_tool_call": false, "tool_call": null, "usage": {"prompt_tokens": 168, "completion_tokens": 120, "total_tokens": 288, "token_count_source": "tokenizer"}, "decoding": {"temperature": 0.2, "top_p": null, "top_k": null, "max_tokens": 120, "seed": 42}, "prompt_tokens": 168, "completion_tokens": 120, "total_tokens": 288, "token_count_source": "tokenizer", "diffusion_steps": null, "flops_estimate": null, "flops_arch": null, "flops_model_params": null, "flops_active_params": null, "tokens_non_final": 3, "tokens_reasoning": 0, "tokens_response": 3, "elapsed_seconds": 49.37220096588135, "judgement": "Good approximation"}
{"id": "units_000807", "topic": "units", "subtopic": "kg_g", "prompt": "An item costs $17.42 per kg. You take 400 g. About how much is that?", "exact_value": 6.97, "model": "Dream-org/Dream-v0-Instruct-7B", "provider": "transformers", "response": "Final answer: 7", "numeric_answer": 7.0, "relative_error": 0.004304160688665746, "thinking_text": null, "has_tool_call": false, "tool_call": null, "usage": {"prompt_tokens": 168, "completion_tokens": 120, "total_tokens": 288, "token_count_source": "tokenizer"}, "decoding": {"temperature": 0.2, "top_p": null, "top_k": null, "max_tokens": 120, "seed": 42}, "prompt_tokens": 168, "completion_tokens": 120, "total_tokens": 288, "token_count_source": "tokenizer", "diffusion_steps": null, "flops_estimate": null, "flops_arch": null, "flops_model_params": null, "flops_active_params": null, "tokens_non_final": 3, "tokens_reasoning": 0, "tokens_response": 3, "elapsed_seconds": 49.37220096588135, "judgement": "Good approximation"}
{"id": "units_000827", "topic": "units", "subtopic": "lb_oz", "prompt": "You buy 3.71 lb at $14.59 per lb. About how much is that total?", "exact_value": 54.13, "model": "Dream-org/Dream-v0-Instruct-7B", "provider": "transformers", "response": "Final answer: 55", "numeric_answer": 55.0, "relative_error": 0.01607241825235539, "thinking_text": null, "has_tool_call": false, "tool_call": null, "usage": {"prompt_tokens": 167, "completion_tokens": 121, "total_tokens": 288, "token_count_source": "tokenizer"}, "decoding": {"temperature": 0.2, "top_p": null, "top_k": null, "max_tokens": 120, "seed": 42}, "prompt_tokens": 167, "completion_tokens": 121, "total_tokens": 288, "token_count_source": "tokenizer", "diffusion_steps": null, "flops_estimate": null, "flops_arch": null, "flops_model_params": null, "flops_active_params": null, "tokens_non_final": 3, "tokens_reasoning": 0, "tokens_response": 3, "elapsed_seconds": 49.37220096588135, "judgement": "Good approximation"}
{"id": "units_000847", "topic": "units", "subtopic": "kg_g", "prompt": "An item costs $16.02 per kg. You take 300 g. About how much is that?", "exact_value": 4.81, "model": "Dream-org/Dream-v0-Instruct-7B", "provider": "transformers", "response": "Final answer: 5", "numeric_answer": 5.0, "relative_error": 0.039501039501039586, "thinking_text": null, "has_tool_call": false, "tool_call": null, "usage": {"prompt_tokens": 168, "completion_tokens": 120, "total_tokens": 288, "token_count_source": "tokenizer"}, "decoding": {"temperature": 0.2, "top_p": null, "top_k": null, "max_tokens": 120, "seed": 42}, "prompt_tokens": 168, "completion_tokens": 120, "total_tokens": 288, "token_count_source": "tokenizer", "diffusion_steps": null, "flops_estimate": null, "flops_arch": null, "flops_model_params": null, "flops_active_params": null, "tokens_non_final": 3, "tokens_reasoning": 0, "tokens_response": 3, "elapsed_seconds": 49.35567235946655, "judgement": "Good approximation"}
{"id": "units_000867", "topic": "units", "subtopic": "kg_g", "prompt": "An item costs $19.16 per kg. You take 750 g. About how much is that?", "exact_value": 14.37, "model": "Dream-org/Dream-v0-Instruct-7B", "provider": "transformers", "response": "Final answer: 14", "numeric_answer": 14.0, "relative_error": 0.025748086290883734, "thinking_text": null, "has_tool_call": false, "tool_call": null, "usage": {"prompt_tokens": 168, "completion_tokens": 120, "total_tokens": 288, "token_count_source": "tokenizer"}, "decoding": {"temperature": 0.2, "top_p": null, "top_k": null, "max_tokens": 120, "seed": 42}, "prompt_tokens": 168, "completion_tokens": 120, "total_tokens": 288, "token_count_source": "tokenizer", "diffusion_steps": null, "flops_estimate": null, "flops_arch": null, "flops_model_params": null, "flops_active_params": null, "tokens_non_final": 3, "tokens_reasoning": 0, "tokens_response": 3, "elapsed_seconds": 49.35567235946655, "judgement": "Good approximation"}
{"id": "units_000887", "topic": "units", "subtopic": "kg_g", "prompt": "An item costs $4.82 per kg. You take 750 g. About how much is that?", "exact_value": 3.62, "model": "Dream-org/Dream-v0-Instruct-7B", "provider": "transformers", "response": "Final answer: 3.6", "numeric_answer": 3.6, "relative_error": 0.005524861878453044, "thinking_text": null, "has_tool_call": false, "tool_call": null, "usage": {"prompt_tokens": 167, "completion_tokens": 121, "total_tokens": 288, "token_count_source": "tokenizer"}, "decoding": {"temperature": 0.2, "top_p": null, "top_k": null, "max_tokens": 120, "seed": 42}, "prompt_tokens": 167, "completion_tokens": 121, "total_tokens": 288, "token_count_source": "tokenizer", "diffusion_steps": null, "flops_estimate": null, "flops_arch": null, "flops_model_params": null, "flops_active_params": null, "tokens_non_final": 3, "tokens_reasoning": 0, "tokens_response": 3, "elapsed_seconds": 49.35567235946655, "judgement": "Good approximation"}
{"id": "units_000907", "topic": "units", "subtopic": "lb_oz", "prompt": "You buy 1.03 lb at $7.95 per lb. About how much is that total?", "exact_value": 8.19, "model": "Dream-org/Dream-v0-Instruct-7B", "provider": "transformers", "response": "assistant\nFinal answer: 8", "numeric_answer": 8.0, "relative_error": 0.02319902319902314, "thinking_text": null, "has_tool_call": false, "tool_call": null, "usage": {"prompt_tokens": 166, "completion_tokens": 122, "total_tokens": 288, "token_count_source": "tokenizer"}, "decoding": {"temperature": 0.2, "top_p": null, "top_k": null, "max_tokens": 120, "seed": 42}, "prompt_tokens": 166, "completion_tokens": 122, "total_tokens": 288, "token_count_source": "tokenizer", "diffusion_steps": null, "flops_estimate": null, "flops_arch": null, "flops_model_params": null, "flops_active_params": null, "tokens_non_final": 4, "tokens_reasoning": 0, "tokens_response": 4, "elapsed_seconds": 49.35567235946655, "judgement": "Good approximation"}
{"id": "units_000927", "topic": "units", "subtopic": "lb_oz", "prompt": "You buy 4.57 lb at $4.76 per lb. About how much is that total?", "exact_value": 21.75, "model": "Dream-org/Dream-v0-Instruct-7B", "provider": "transformers", "response": "assistant\nFinal answer: 22.", "numeric_answer": 22.0, "relative_error": 0.011494252873563218, "thinking_text": null, "has_tool_call": false, "tool_call": null, "usage": {"prompt_tokens": 166, "completion_tokens": 122, "total_tokens": 288, "token_count_source": "tokenizer"}, "decoding": {"temperature": 0.2, "top_p": null, "top_k": null, "max_tokens": 120, "seed": 42}, "prompt_tokens": 166, "completion_tokens": 122, "total_tokens": 288, "token_count_source": "tokenizer", "diffusion_steps": null, "flops_estimate": null, "flops_arch": null, "flops_model_params": null, "flops_active_params": null, "tokens_non_final": 4, "tokens_reasoning": 0, "tokens_response": 4, "elapsed_seconds": 49.31205654144287, "judgement": "Good approximation"}
{"id": "units_000947", "topic": "units", "subtopic": "lb_oz", "prompt": "You buy 1.79 lb at $7.65 per lb. About how much is that total?", "exact_value": 13.69, "model": "Dream-org/Dream-v0-Instruct-7B", "provider": "transformers", "response": "assistant\nFinal answer: 14", "numeric_answer": 14.0, "relative_error": 0.022644265887509167, "thinking_text": null, "has_tool_call": false, "tool_call": null, "usage": {"prompt_tokens": 166, "completion_tokens": 122, "total_tokens": 288, "token_count_source": "tokenizer"}, "decoding": {"temperature": 0.2, "top_p": null, "top_k": null, "max_tokens": 120, "seed": 42}, "prompt_tokens": 166, "completion_tokens": 122, "total_tokens": 288, "token_count_source": "tokenizer", "diffusion_steps": null, "flops_estimate": null, "flops_arch": null, "flops_model_params": null, "flops_active_params": null, "tokens_non_final": 4, "tokens_reasoning": 0, "tokens_response": 4, "elapsed_seconds": 49.31205654144287, "judgement": "Good approximation"}
{"id": "units_000967", "topic": "units", "subtopic": "lb_oz", "prompt": "You buy 2.01 lb at $13.92 per lb. About how much is that total?", "exact_value": 27.98, "model": "Dream-org/Dream-v0-Instruct-7B", "provider": "transformers", "response": "Final answer: 28", "numeric_answer": 28.0, "relative_error": 0.0007147962830593128, "thinking_text": null, "has_tool_call": false, "tool_call": null, "usage": {"prompt_tokens": 167, "completion_tokens": 121, "total_tokens": 288, "token_count_source": "tokenizer"}, "decoding": {"temperature": 0.2, "top_p": null, "top_k": null, "max_tokens": 120, "seed": 42}, "prompt_tokens": 167, "completion_tokens": 121, "total_tokens": 288, "token_count_source": "tokenizer", "diffusion_steps": null, "flops_estimate": null, "flops_arch": null, "flops_model_params": null, "flops_active_params": null, "tokens_non_final": 3, "tokens_reasoning": 0, "tokens_response": 3, "elapsed_seconds": 49.31205654144287, "judgement": "Good approximation"}
{"id": "units_000987", "topic": "units", "subtopic": "kg_g", "prompt": "An item costs $17.96 per kg. You take 500 g. About how much is that?", "exact_value": 8.98, "model": "Dream-org/Dream-v0-Instruct-7B", "provider": "transformers", "response": "Final answer: 9.00", "numeric_answer": 9.0, "relative_error": 0.0022271714922048524, "thinking_text": null, "has_tool_call": false, "tool_call": null, "usage": {"prompt_tokens": 168, "completion_tokens": 120, "total_tokens": 288, "token_count_source": "tokenizer"}, "decoding": {"temperature": 0.2, "top_p": null, "top_k": null, "max_tokens": 120, "seed": 42}, "prompt_tokens": 168, "completion_tokens": 120, "total_tokens": 288, "token_count_source": "tokenizer", "diffusion_steps": null, "flops_estimate": null, "flops_arch": null, "flops_model_params": null, "flops_active_params": null, "tokens_non_final": 3, "tokens_reasoning": 0, "tokens_response": 3, "elapsed_seconds": 49.31205654144287, "judgement": "Good approximation"}
{"id": "units_001007", "topic": "units", "subtopic": "lb_oz", "prompt": "You buy 3.75 lb at $12.94 per lb. About how much is that total?", "exact_value": 48.53, "model": "Dream-org/Dream-v0-Instruct-7B", "provider": "transformers", "response": "Final answer: 48", "numeric_answer": 48.0, "relative_error": 0.010921079744487968, "thinking_text": null, "has_tool_call": false, "tool_call": null, "usage": {"prompt_tokens": 167, "completion_tokens": 121, "total_tokens": 288, "token_count_source": "tokenizer"}, "decoding": {"temperature": 0.2, "top_p": null, "top_k": null, "max_tokens": 120, "seed": 42}, "prompt_tokens": 167, "completion_tokens": 121, "total_tokens": 288, "token_count_source": "tokenizer", "diffusion_steps": null, "flops_estimate": null, "flops_arch": null, "flops_model_params": null, "flops_active_params": null, "tokens_non_final": 3, "tokens_reasoning": 0, "tokens_response": 3, "elapsed_seconds": 49.23518133163452, "judgement": "Good approximation"}
{"id": "units_001027", "topic": "units", "subtopic": "kg_g", "prompt": "An item costs $17.61 per kg. You take 900 g. About how much is that?", "exact_value": 15.85, "model": "Dream-org/Dream-v0-Instruct-7B", "provider": "transformers", "response": "Final answer: 16", "numeric_answer": 16.0, "relative_error": 0.009463722397476363, "thinking_text": null, "has_tool_call": false, "tool_call": null, "usage": {"prompt_tokens": 168, "completion_tokens": 120, "total_tokens": 288, "token_count_source": "tokenizer"}, "decoding": {"temperature": 0.2, "top_p": null, "top_k": null, "max_tokens": 120, "seed": 42}, "prompt_tokens": 168, "completion_tokens": 120, "total_tokens": 288, "token_count_source": "tokenizer", "diffusion_steps": null, "flops_estimate": null, "flops_arch": null, "flops_model_params": null, "flops_active_params": null, "tokens_non_final": 3, "tokens_reasoning": 0, "tokens_response": 3, "elapsed_seconds": 49.23518133163452, "judgement": "Good approximation"}
{"id": "units_001047", "topic": "units", "subtopic": "kg_g", "prompt": "An item costs $4.66 per kg. You take 750 g. About how much is that?", "exact_value": 3.5, "model": "Dream-org/Dream-v0-Instruct-7B", "provider": "transformers", "response": "Final answer: 3.5", "numeric_answer": 3.5, "relative_error": 0.0, "thinking_text": null, "has_tool_call": false, "tool_call": null, "usage": {"prompt_tokens": 167, "completion_tokens": 121, "total_tokens": 288, "token_count_source": "tokenizer"}, "decoding": {"temperature": 0.2, "top_p": null, "top_k": null, "max_tokens": 120, "seed": 42}, "prompt_tokens": 167, "completion_tokens": 121, "total_tokens": 288, "token_count_source": "tokenizer", "diffusion_steps": null, "flops_estimate": null, "flops_arch": null, "flops_model_params": null, "flops_active_params": null, "tokens_non_final": 3, "tokens_reasoning": 0, "tokens_response": 3, "elapsed_seconds": 49.23518133163452, "judgement": "Exact math"}
{"id": "units_001067", "topic": "units", "subtopic": "lb_oz", "prompt": "You buy 5.21 lb at $3.37 per lb. About how much is that total?", "exact_value": 17.56, "model": "Dream-org/Dream-v0-Instruct-7B", "provider": "transformers", "response": "assistant\nFinal answer: 17", "numeric_answer": 17.0, "relative_error": 0.03189066059225505, "thinking_text": null, "has_tool_call": false, "tool_call": null, "usage": {"prompt_tokens": 166, "completion_tokens": 122, "total_tokens": 288, "token_count_source": "tokenizer"}, "decoding": {"temperature": 0.2, "top_p": null, "top_k": null, "max_tokens": 120, "seed": 42}, "prompt_tokens": 166, "completion_tokens": 122, "total_tokens": 288, "token_count_source": "tokenizer", "diffusion_steps": null, "flops_estimate": null, "flops_arch": null, "flops_model_params": null, "flops_active_params": null, "tokens_non_final": 4, "tokens_reasoning": 0, "tokens_response": 4, "elapsed_seconds": 49.23518133163452, "judgement": "Good approximation"}
{"id": "units_001087", "topic": "units", "subtopic": "kg_g", "prompt": "An item costs $7.42 per kg. You take 400 g. About how much is that?", "exact_value": 2.97, "model": "Dream-org/Dream-v0-Instruct-7B", "provider": "transformers", "response": "Final answer: $3", "numeric_answer": 3.0, "relative_error": 0.010101010101010034, "thinking_text": null, "has_tool_call": false, "tool_call": null, "usage": {"prompt_tokens": 167, "completion_tokens": 121, "total_tokens": 288, "token_count_source": "tokenizer"}, "decoding": {"temperature": 0.2, "top_p": null, "top_k": null, "max_tokens": 120, "seed": 42}, "prompt_tokens": 167, "completion_tokens": 121, "total_tokens": 288, "token_count_source": "tokenizer", "diffusion_steps": null, "flops_estimate": null, "flops_arch": null, "flops_model_params": null, "flops_active_params": null, "tokens_non_final": 3, "tokens_reasoning": 0, "tokens_response": 3, "elapsed_seconds": 48.95137858390808, "judgement": "Good approximation"}
{"id": "units_001107", "topic": "units", "subtopic": "kg_g", "prompt": "An item costs $19.86 per kg. You take 400 g. About how much is that?", "exact_value": 7.94, "model": "Dream-org/Dream-v0-Instruct-7B", "provider": "transformers", "response": "Final answer: 8", "numeric_answer": 8.0, "relative_error": 0.0075566750629722425, "thinking_text": null, "has_tool_call": false, "tool_call": null, "usage": {"prompt_tokens": 168, "completion_tokens": 120, "total_tokens": 288, "token_count_source": "tokenizer"}, "decoding": {"temperature": 0.2, "top_p": null, "top_k": null, "max_tokens": 120, "seed": 42}, "prompt_tokens": 168, "completion_tokens": 120, "total_tokens": 288, "token_count_source": "tokenizer", "diffusion_steps": null, "flops_estimate": null, "flops_arch": null, "flops_model_params": null, "flops_active_params": null, "tokens_non_final": 3, "tokens_reasoning": 0, "tokens_response": 3, "elapsed_seconds": 48.95137858390808, "judgement": "Good approximation"}
{"id": "units_001127", "topic": "units", "subtopic": "kg_g", "prompt": "An item costs $5.63 per kg. You take 400 g. About how much is that?", "exact_value": 2.25, "model": "Dream-org/Dream-v0-Instruct-7B", "provider": "transformers", "response": "Final answer: 2.25", "numeric_answer": 2.25, "relative_error": 0.0, "thinking_text": null, "has_tool_call": false, "tool_call": null, "usage": {"prompt_tokens": 167, "completion_tokens": 121, "total_tokens": 288, "token_count_source": "tokenizer"}, "decoding": {"temperature": 0.2, "top_p": null, "top_k": null, "max_tokens": 120, "seed": 42}, "prompt_tokens": 167, "completion_tokens": 121, "total_tokens": 288, "token_count_source": "tokenizer", "diffusion_steps": null, "flops_estimate": null, "flops_arch": null, "flops_model_params": null, "flops_active_params": null, "tokens_non_final": 3, "tokens_reasoning": 0, "tokens_response": 3, "elapsed_seconds": 48.95137858390808, "judgement": "Exact math"}
{"id": "units_001147", "topic": "units", "subtopic": "lb_oz", "prompt": "You buy 0.86 lb at $7.70 per lb. About how much is that total?", "exact_value": 6.62, "model": "Dream-org/Dream-v0-Instruct-7B", "provider": "transformers", "response": "assistant\nFinal answer: 7", "numeric_answer": 7.0, "relative_error": 0.05740181268882173, "thinking_text": null, "has_tool_call": false, "tool_call": null, "usage": {"prompt_tokens": 166, "completion_tokens": 122, "total_tokens": 288, "token_count_source": "tokenizer"}, "decoding": {"temperature": 0.2, "top_p": null, "top_k": null, "max_tokens": 120, "seed": 42}, "prompt_tokens": 166, "completion_tokens": 122, "total_tokens": 288, "token_count_source": "tokenizer", "diffusion_steps": null, "flops_estimate": null, "flops_arch": null, "flops_model_params": null, "flops_active_params": null, "tokens_non_final": 4, "tokens_reasoning": 0, "tokens_response": 4, "elapsed_seconds": 48.95137858390808, "judgement": "Good approximation"}
{"id": "units_001167", "topic": "units", "subtopic": "kg_g", "prompt": "An item costs $5.90 per kg. You take 400 g. About how much is that?", "exact_value": 2.36, "model": "Dream-org/Dream-v0-Instruct-7B", "provider": "transformers", "response": "Final answer: 2", "numeric_answer": 2.0, "relative_error": 0.1525423728813559, "thinking_text": null, "has_tool_call": false, "tool_call": null, "usage": {"prompt_tokens": 167, "completion_tokens": 120, "total_tokens": 287, "token_count_source": "tokenizer"}, "decoding": {"temperature": 0.2, "top_p": null, "top_k": null, "max_tokens": 120, "seed": 42}, "prompt_tokens": 167, "completion_tokens": 120, "total_tokens": 287, "token_count_source": "tokenizer", "diffusion_steps": null, "flops_estimate": null, "flops_arch": null, "flops_model_params": null, "flops_active_params": null, "tokens_non_final": 3, "tokens_reasoning": 0, "tokens_response": 3, "elapsed_seconds": 48.97449207305908, "judgement": "Good approximation"}
{"id": "units_001187", "topic": "units", "subtopic": "lb_oz", "prompt": "You buy 3.21 lb at $10.48 per lb. About how much is that total?", "exact_value": 33.64, "model": "Dream-org/Dream-v0-Instruct-7B", "provider": "transformers", "response": "Final answer: 33", "numeric_answer": 33.0, "relative_error": 0.019024970273483963, "thinking_text": null, "has_tool_call": false, "tool_call": null, "usage": {"prompt_tokens": 167, "completion_tokens": 120, "total_tokens": 287, "token_count_source": "tokenizer"}, "decoding": {"temperature": 0.2, "top_p": null, "top_k": null, "max_tokens": 120, "seed": 42}, "prompt_tokens": 167, "completion_tokens": 120, "total_tokens": 287, "token_count_source": "tokenizer", "diffusion_steps": null, "flops_estimate": null, "flops_arch": null, "flops_model_params": null, "flops_active_params": null, "tokens_non_final": 3, "tokens_reasoning": 0, "tokens_response": 3, "elapsed_seconds": 48.97449207305908, "judgement": "Good approximation"}
{"id": "units_001207", "topic": "units", "subtopic": "lb_oz", "prompt": "You buy 1.97 lb at $9.55 per lb. About how much is that total?", "exact_value": 18.81, "model": "Dream-org/Dream-v0-Instruct-7B", "provider": "transformers", "response": "Final answer: 19", "numeric_answer": 19.0, "relative_error": 0.01010101010101017, "thinking_text": null, "has_tool_call": false, "tool_call": null, "usage": {"prompt_tokens": 166, "completion_tokens": 121, "total_tokens": 287, "token_count_source": "tokenizer"}, "decoding": {"temperature": 0.2, "top_p": null, "top_k": null, "max_tokens": 120, "seed": 42}, "prompt_tokens": 166, "completion_tokens": 121, "total_tokens": 287, "token_count_source": "tokenizer", "diffusion_steps": null, "flops_estimate": null, "flops_arch": null, "flops_model_params": null, "flops_active_params": null, "tokens_non_final": 3, "tokens_reasoning": 0, "tokens_response": 3, "elapsed_seconds": 48.97449207305908, "judgement": "Good approximation"}
{"id": "units_001227", "topic": "units", "subtopic": "lb_oz", "prompt": "You buy 5.24 lb at $7.66 per lb. About how much is that total?", "exact_value": 40.14, "model": "Dream-org/Dream-v0-Instruct-7B", "provider": "transformers", "response": "Final answer: 40", "numeric_answer": 40.0, "relative_error": 0.003487792725460901, "thinking_text": null, "has_tool_call": false, "tool_call": null, "usage": {"prompt_tokens": 166, "completion_tokens": 121, "total_tokens": 287, "token_count_source": "tokenizer"}, "decoding": {"temperature": 0.2, "top_p": null, "top_k": null, "max_tokens": 120, "seed": 42}, "prompt_tokens": 166, "completion_tokens": 121, "total_tokens": 287, "token_count_source": "tokenizer", "diffusion_steps": null, "flops_estimate": null, "flops_arch": null, "flops_model_params": null, "flops_active_params": null, "tokens_non_final": 3, "tokens_reasoning": 0, "tokens_response": 3, "elapsed_seconds": 48.97449207305908, "judgement": "Good approximation"}
{"id": "units_001247", "topic": "units", "subtopic": "kg_g", "prompt": "An item costs $5.89 per kg. You take 750 g. About how much is that?", "exact_value": 4.42, "model": "Dream-org/Dream-v0-Instruct-7B", "provider": "transformers", "response": "Final answer: 5", "numeric_answer": 5.0, "relative_error": 0.13122171945701358, "thinking_text": null, "has_tool_call": false, "tool_call": null, "usage": {"prompt_tokens": 167, "completion_tokens": 121, "total_tokens": 288, "token_count_source": "tokenizer"}, "decoding": {"temperature": 0.2, "top_p": null, "top_k": null, "max_tokens": 120, "seed": 42}, "prompt_tokens": 167, "completion_tokens": 121, "total_tokens": 288, "token_count_source": "tokenizer", "diffusion_steps": null, "flops_estimate": null, "flops_arch": null, "flops_model_params": null, "flops_active_params": null, "tokens_non_final": 3, "tokens_reasoning": 0, "tokens_response": 3, "elapsed_seconds": 48.9324414730072, "judgement": "Good approximation"}
{"id": "units_001267", "topic": "units", "subtopic": "kg_g", "prompt": "An item costs $17.87 per kg. You take 250 g. About how much is that?", "exact_value": 4.47, "model": "Dream-org/Dream-v0-Instruct-7B", "provider": "transformers", "response": "Final answer: 4.5", "numeric_answer": 4.5, "relative_error": 0.006711409395973211, "thinking_text": null, "has_tool_call": false, "tool_call": null, "usage": {"prompt_tokens": 168, "completion_tokens": 120, "total_tokens": 288, "token_count_source": "tokenizer"}, "decoding": {"temperature": 0.2, "top_p": null, "top_k": null, "max_tokens": 120, "seed": 42}, "prompt_tokens": 168, "completion_tokens": 120, "total_tokens": 288, "token_count_source": "tokenizer", "diffusion_steps": null, "flops_estimate": null, "flops_arch": null, "flops_model_params": null, "flops_active_params": null, "tokens_non_final": 3, "tokens_reasoning": 0, "tokens_response": 3, "elapsed_seconds": 48.9324414730072, "judgement": "Good approximation"}
{"id": "units_001287", "topic": "units", "subtopic": "kg_g", "prompt": "An item costs $6.27 per kg. You take 350 g. About how much is that?", "exact_value": 2.19, "model": "Dream-org/Dream-v0-Instruct-7B", "provider": "transformers", "response": "Final answer: 2.2", "numeric_answer": 2.2, "relative_error": 0.004566210045662206, "thinking_text": null, "has_tool_call": false, "tool_call": null, "usage": {"prompt_tokens": 167, "completion_tokens": 121, "total_tokens": 288, "token_count_source": "tokenizer"}, "decoding": {"temperature": 0.2, "top_p": null, "top_k": null, "max_tokens": 120, "seed": 42}, "prompt_tokens": 167, "completion_tokens": 121, "total_tokens": 288, "token_count_source": "tokenizer", "diffusion_steps": null, "flops_estimate": null, "flops_arch": null, "flops_model_params": null, "flops_active_params": null, "tokens_non_final": 3, "tokens_reasoning": 0, "tokens_response": 3, "elapsed_seconds": 48.9324414730072, "judgement": "Good approximation"}
{"id": "units_001307", "topic": "units", "subtopic": "lb_oz", "prompt": "You buy 5.85 lb at $4.79 per lb. About how much is that total?", "exact_value": 28.02, "model": "Dream-org/Dream-v0-Instruct-7B", "provider": "transformers", "response": "assistant\nFinal answer: 28", "numeric_answer": 28.0, "relative_error": 0.0007137758743754309, "thinking_text": null, "has_tool_call": false, "tool_call": null, "usage": {"prompt_tokens": 166, "completion_tokens": 122, "total_tokens": 288, "token_count_source": "tokenizer"}, "decoding": {"temperature": 0.2, "top_p": null, "top_k": null, "max_tokens": 120, "seed": 42}, "prompt_tokens": 166, "completion_tokens": 122, "total_tokens": 288, "token_count_source": "tokenizer", "diffusion_steps": null, "flops_estimate": null, "flops_arch": null, "flops_model_params": null, "flops_active_params": null, "tokens_non_final": 4, "tokens_reasoning": 0, "tokens_response": 4, "elapsed_seconds": 48.9324414730072, "judgement": "Good approximation"}
{"id": "units_001327", "topic": "units", "subtopic": "lb_oz", "prompt": "You buy 3.55 lb at $11.49 per lb. About how much is that total?", "exact_value": 40.79, "model": "Dream-org/Dream-v0-Instruct-7B", "provider": "transformers", "response": "<|im_end|>\n<|im_start|>assistant\nFinal answer: 40", "numeric_answer": 40.0, "relative_error": 0.019367492032360854, "thinking_text": null, "has_tool_call": false, "tool_call": null, "usage": {"prompt_tokens": 167, "completion_tokens": 125, "total_tokens": 292, "token_count_source": "tokenizer"}, "decoding": {"temperature": 0.2, "top_p": null, "top_k": null, "max_tokens": 120, "seed": 42}, "prompt_tokens": 167, "completion_tokens": 125, "total_tokens": 292, "token_count_source": "tokenizer", "diffusion_steps": null, "flops_estimate": null, "flops_arch": null, "flops_model_params": null, "flops_active_params": null, "tokens_non_final": 5, "tokens_reasoning": 0, "tokens_response": 5, "elapsed_seconds": 50.22446274757385, "judgement": "Good approximation"}
{"id": "tips_000127", "topic": "tips", "subtopic": "tips_service", "prompt": "Bill is $61.32; service fee 0% and tip 22%. About how much do you pay in total?", "exact_value": 74.81, "model": "Dream-org/Dream-v0-Instruct-7B", "provider": "transformers", "response": "Final answer: 75", "numeric_answer": 75.0, "relative_error": 0.00253976741077393, "thinking_text": null, "has_tool_call": false, "tool_call": null, "usage": {"prompt_tokens": 171, "completion_tokens": 121, "total_tokens": 292, "token_count_source": "tokenizer"}, "decoding": {"temperature": 0.2, "top_p": null, "top_k": null, "max_tokens": 120, "seed": 42}, "prompt_tokens": 171, "completion_tokens": 121, "total_tokens": 292, "token_count_source": "tokenizer", "diffusion_steps": null, "flops_estimate": null, "flops_arch": null, "flops_model_params": null, "flops_active_params": null, "tokens_non_final": 3, "tokens_reasoning": 0, "tokens_response": 3, "elapsed_seconds": 50.22446274757385, "judgement": "Good approximation"}
{"id": "tips_000147", "topic": "tips", "subtopic": "tips_service", "prompt": "Bill is $28.37; service fee 3% and tip 15%. About how much do you pay in total?", "exact_value": 33.6, "model": "Dream-org/Dream-v0-Instruct-7B", "provider": "transformers", "response": "Final answer: 32", "numeric_answer": 32.0, "relative_error": 0.04761904761904766, "thinking_text": null, "has_tool_call": false, "tool_call": null, "usage": {"prompt_tokens": 171, "completion_tokens": 121, "total_tokens": 292, "token_count_source": "tokenizer"}, "decoding": {"temperature": 0.2, "top_p": null, "top_k": null, "max_tokens": 120, "seed": 42}, "prompt_tokens": 171, "completion_tokens": 121, "total_tokens": 292, "token_count_source": "tokenizer", "diffusion_steps": null, "flops_estimate": null, "flops_arch": null, "flops_model_params": null, "flops_active_params": null, "tokens_non_final": 3, "tokens_reasoning": 0, "tokens_response": 3, "elapsed_seconds": 50.22446274757385, "judgement": "Good approximation"}
{"id": "tips_000167", "topic": "tips", "subtopic": "tips_service", "prompt": "Bill is $104.95; service fee 3% and tip 22%. About how much do you pay in total?", "exact_value": 131.88, "model": "Dream-org/Dream-v0-Instruct-7B", "provider": "transformers", "response": "Final answer: 14", "numeric_answer": 14.0, "relative_error": 0.8938428874734607, "thinking_text": null, "has_tool_call": false, "tool_call": null, "usage": {"prompt_tokens": 172, "completion_tokens": 120, "total_tokens": 292, "token_count_source": "tokenizer"}, "decoding": {"temperature": 0.2, "top_p": null, "top_k": null, "max_tokens": 120, "seed": 42}, "prompt_tokens": 172, "completion_tokens": 120, "total_tokens": 292, "token_count_source": "tokenizer", "diffusion_steps": null, "flops_estimate": null, "flops_arch": null, "flops_model_params": null, "flops_active_params": null, "tokens_non_final": 3, "tokens_reasoning": 0, "tokens_response": 3, "elapsed_seconds": 50.22446274757385, "judgement": "Way off"}
{"id": "tips_000187", "topic": "tips", "subtopic": "tips_service", "prompt": "Bill is $21.63; service fee 5% and tip 18%. About how much do you pay in total?", "exact_value": 26.8, "model": "Dream-org/Dream-v0-Instruct-7B", "provider": "transformers", "response": "Final answer: 26", "numeric_answer": 26.0, "relative_error": 0.029850746268656744, "thinking_text": null, "has_tool_call": false, "tool_call": null, "usage": {"prompt_tokens": 171, "completion_tokens": 120, "total_tokens": 291, "token_count_source": "tokenizer"}, "decoding": {"temperature": 0.2, "top_p": null, "top_k": null, "max_tokens": 120, "seed": 42}, "prompt_tokens": 171, "completion_tokens": 120, "total_tokens": 291, "token_count_source": "tokenizer", "diffusion_steps": null, "flops_estimate": null, "flops_arch": null, "flops_model_params": null, "flops_active_params": null, "tokens_non_final": 3, "tokens_reasoning": 0, "tokens_response": 3, "elapsed_seconds": 49.60694718360901, "judgement": "Good approximation"}
{"id": "tips_000207", "topic": "tips", "subtopic": "tips_service", "prompt": "Bill is $33.06; service fee 0% and tip 18%. About how much do you pay in total?", "exact_value": 39.01, "model": "Dream-org/Dream-v0-Instruct-7B", "provider": "transformers", "response": "Final answer: 39", "numeric_answer": 39.0, "relative_error": 0.0002563445270442966, "thinking_text": null, "has_tool_call": false, "tool_call": null, "usage": {"prompt_tokens": 171, "completion_tokens": 120, "total_tokens": 291, "token_count_source": "tokenizer"}, "decoding": {"temperature": 0.2, "top_p": null, "top_k": null, "max_tokens": 120, "seed": 42}, "prompt_tokens": 171, "completion_tokens": 120, "total_tokens": 291, "token_count_source": "tokenizer", "diffusion_steps": null, "flops_estimate": null, "flops_arch": null, "flops_model_params": null, "flops_active_params": null, "tokens_non_final": 3, "tokens_reasoning": 0, "tokens_response": 3, "elapsed_seconds": 49.60694718360901, "judgement": "Good approximation"}
{"id": "tips_000227", "topic": "tips", "subtopic": "tips_service", "prompt": "Bill is $72.70; service fee 3% and tip 22%. About how much do you pay in total?", "exact_value": 91.35, "model": "Dream-org/Dream-v0-Instruct-7B", "provider": "transformers", "response": "Final answer: 90", "numeric_answer": 90.0, "relative_error": 0.014778325123152648, "thinking_text": null, "has_tool_call": false, "tool_call": null, "usage": {"prompt_tokens": 171, "completion_tokens": 120, "total_tokens": 291, "token_count_source": "tokenizer"}, "decoding": {"temperature": 0.2, "top_p": null, "top_k": null, "max_tokens": 120, "seed": 42}, "prompt_tokens": 171, "completion_tokens": 120, "total_tokens": 291, "token_count_source": "tokenizer", "diffusion_steps": null, "flops_estimate": null, "flops_arch": null, "flops_model_params": null, "flops_active_params": null, "tokens_non_final": 3, "tokens_reasoning": 0, "tokens_response": 3, "elapsed_seconds": 49.60694718360901, "judgement": "Good approximation"}
{"id": "tips_000247", "topic": "tips", "subtopic": "tips_service", "prompt": "Bill is $79.43; service fee 0% and tip 22%. About how much do you pay in total?", "exact_value": 96.9, "model": "Dream-org/Dream-v0-Instruct-7B", "provider": "transformers", "response": "Final answer: 97", "numeric_answer": 97.0, "relative_error": 0.0010319917440659888, "thinking_text": null, "has_tool_call": false, "tool_call": null, "usage": {"prompt_tokens": 171, "completion_tokens": 120, "total_tokens": 291, "token_count_source": "tokenizer"}, "decoding": {"temperature": 0.2, "top_p": null, "top_k": null, "max_tokens": 120, "seed": 42}, "prompt_tokens": 171, "completion_tokens": 120, "total_tokens": 291, "token_count_source": "tokenizer", "diffusion_steps": null, "flops_estimate": null, "flops_arch": null, "flops_model_params": null, "flops_active_params": null, "tokens_non_final": 3, "tokens_reasoning": 0, "tokens_response": 3, "elapsed_seconds": 49.60694718360901, "judgement": "Good approximation"}
{"id": "tips_000267", "topic": "tips", "subtopic": "tips_service", "prompt": "Bill is $66.82; service fee 3% and tip 22%. About how much do you pay in total?", "exact_value": 83.97, "model": "Dream-org/Dream-v0-Instruct-7B", "provider": "transformers", "response": "Final answer: 90", "numeric_answer": 90.0, "relative_error": 0.07181136120042873, "thinking_text": null, "has_tool_call": false, "tool_call": null, "usage": {"prompt_tokens": 171, "completion_tokens": 121, "total_tokens": 292, "token_count_source": "tokenizer"}, "decoding": {"temperature": 0.2, "top_p": null, "top_k": null, "max_tokens": 120, "seed": 42}, "prompt_tokens": 171, "completion_tokens": 121, "total_tokens": 292, "token_count_source": "tokenizer", "diffusion_steps": null, "flops_estimate": null, "flops_arch": null, "flops_model_params": null, "flops_active_params": null, "tokens_non_final": 3, "tokens_reasoning": 0, "tokens_response": 3, "elapsed_seconds": 50.25183606147766, "judgement": "Good approximation"}
{"id": "tips_000287", "topic": "tips", "subtopic": "tips_service", "prompt": "Bill is $54.76; service fee 5% and tip 18%. About how much do you pay in total?", "exact_value": 67.85, "model": "Dream-org/Dream-v0-Instruct-7B", "provider": "transformers", "response": "Final answer: 67", "numeric_answer": 67.0, "relative_error": 0.012527634487840743, "thinking_text": null, "has_tool_call": false, "tool_call": null, "usage": {"prompt_tokens": 171, "completion_tokens": 121, "total_tokens": 292, "token_count_source": "tokenizer"}, "decoding": {"temperature": 0.2, "top_p": null, "top_k": null, "max_tokens": 120, "seed": 42}, "prompt_tokens": 171, "completion_tokens": 121, "total_tokens": 292, "token_count_source": "tokenizer", "diffusion_steps": null, "flops_estimate": null, "flops_arch": null, "flops_model_params": null, "flops_active_params": null, "tokens_non_final": 3, "tokens_reasoning": 0, "tokens_response": 3, "elapsed_seconds": 50.25183606147766, "judgement": "Good approximation"}
{"id": "tips_000307", "topic": "tips", "subtopic": "tips_service", "prompt": "Bill is $114.55; service fee 3% and tip 22%. About how much do you pay in total?", "exact_value": 143.94, "model": "Dream-org/Dream-v0-Instruct-7B", "provider": "transformers", "response": "Final answer: 150", "numeric_answer": 150.0, "relative_error": 0.04210087536473532, "thinking_text": null, "has_tool_call": false, "tool_call": null, "usage": {"prompt_tokens": 172, "completion_tokens": 120, "total_tokens": 292, "token_count_source": "tokenizer"}, "decoding": {"temperature": 0.2, "top_p": null, "top_k": null, "max_tokens": 120, "seed": 42}, "prompt_tokens": 172, "completion_tokens": 120, "total_tokens": 292, "token_count_source": "tokenizer", "diffusion_steps": null, "flops_estimate": null, "flops_arch": null, "flops_model_params": null, "flops_active_params": null, "tokens_non_final": 3, "tokens_reasoning": 0, "tokens_response": 3, "elapsed_seconds": 50.25183606147766, "judgement": "Good approximation"}
{"id": "tips_000327", "topic": "tips", "subtopic": "tips_service", "prompt": "Bill is $31.62; service fee 5% and tip 18%. About how much do you pay in total?", "exact_value": 39.18, "model": "Dream-org/Dream-v0-Instruct-7B", "provider": "transformers", "response": "Final answer: 37", "numeric_answer": 37.0, "relative_error": 0.05564063297600816, "thinking_text": null, "has_tool_call": false, "tool_call": null, "usage": {"prompt_tokens": 171, "completion_tokens": 121, "total_tokens": 292, "token_count_source": "tokenizer"}, "decoding": {"temperature": 0.2, "top_p": null, "top_k": null, "max_tokens": 120, "seed": 42}, "prompt_tokens": 171, "completion_tokens": 121, "total_tokens": 292, "token_count_source": "tokenizer", "diffusion_steps": null, "flops_estimate": null, "flops_arch": null, "flops_model_params": null, "flops_active_params": null, "tokens_non_final": 3, "tokens_reasoning": 0, "tokens_response": 3, "elapsed_seconds": 50.25183606147766, "judgement": "Good approximation"}
{"id": "tips_000347", "topic": "tips", "subtopic": "tips_service", "prompt": "Bill is $22.85; service fee 3% and tip 15%. About how much do you pay in total?", "exact_value": 27.07, "model": "Dream-org/Dream-v0-Instruct-7B", "provider": "transformers", "response": "Final answer: 27", "numeric_answer": 27.0, "relative_error": 0.002585888437384569, "thinking_text": null, "has_tool_call": false, "tool_call": null, "usage": {"prompt_tokens": 171, "completion_tokens": 120, "total_tokens": 291, "token_count_source": "tokenizer"}, "decoding": {"temperature": 0.2, "top_p": null, "top_k": null, "max_tokens": 120, "seed": 42}, "prompt_tokens": 171, "completion_tokens": 120, "total_tokens": 291, "token_count_source": "tokenizer", "diffusion_steps": null, "flops_estimate": null, "flops_arch": null, "flops_model_params": null, "flops_active_params": null, "tokens_non_final": 3, "tokens_reasoning": 0, "tokens_response": 3, "elapsed_seconds": 49.610464096069336, "judgement": "Good approximation"}
{"id": "tips_000367", "topic": "tips", "subtopic": "tips_service", "prompt": "Bill is $82.68; service fee 0% and tip 15%. About how much do you pay in total?", "exact_value": 95.08, "model": "Dream-org/Dream-v0-Instruct-7B", "provider": "transformers", "response": "Final answer: 95", "numeric_answer": 95.0, "relative_error": 0.0008413967185527797, "thinking_text": null, "has_tool_call": false, "tool_call": null, "usage": {"prompt_tokens": 171, "completion_tokens": 120, "total_tokens": 291, "token_count_source": "tokenizer"}, "decoding": {"temperature": 0.2, "top_p": null, "top_k": null, "max_tokens": 120, "seed": 42}, "prompt_tokens": 171, "completion_tokens": 120, "total_tokens": 291, "token_count_source": "tokenizer", "diffusion_steps": null, "flops_estimate": null, "flops_arch": null, "flops_model_params": null, "flops_active_params": null, "tokens_non_final": 3, "tokens_reasoning": 0, "tokens_response": 3, "elapsed_seconds": 49.610464096069336, "judgement": "Good approximation"}
{"id": "tips_000387", "topic": "tips", "subtopic": "tips_service", "prompt": "Bill is $87.76; service fee 3% and tip 22%. About how much do you pay in total?", "exact_value": 110.28, "model": "Dream-org/Dream-v0-Instruct-7B", "provider": "transformers", "response": "Final answer: 100", "numeric_answer": 100.0, "relative_error": 0.09321726514327168, "thinking_text": null, "has_tool_call": false, "tool_call": null, "usage": {"prompt_tokens": 171, "completion_tokens": 120, "total_tokens": 291, "token_count_source": "tokenizer"}, "decoding": {"temperature": 0.2, "top_p": null, "top_k": null, "max_tokens": 120, "seed": 42}, "prompt_tokens": 171, "completion_tokens": 120, "total_tokens": 291, "token_count_source": "tokenizer", "diffusion_steps": null, "flops_estimate": null, "flops_arch": null, "flops_model_params": null, "flops_active_params": null, "tokens_non_final": 3, "tokens_reasoning": 0, "tokens_response": 3, "elapsed_seconds": 49.610464096069336, "judgement": "Good approximation"}
{"id": "tips_000407", "topic": "tips", "subtopic": "tips_service", "prompt": "Bill is $81.00; service fee 3% and tip 20%. About how much do you pay in total?", "exact_value": 100.12, "model": "Dream-org/Dream-v0-Instruct-7B", "provider": "transformers", "response": "Final answer: 100", "numeric_answer": 100.0, "relative_error": 0.0011985617259289308, "thinking_text": null, "has_tool_call": false, "tool_call": null, "usage": {"prompt_tokens": 171, "completion_tokens": 120, "total_tokens": 291, "token_count_source": "tokenizer"}, "decoding": {"temperature": 0.2, "top_p": null, "top_k": null, "max_tokens": 120, "seed": 42}, "prompt_tokens": 171, "completion_tokens": 120, "total_tokens": 291, "token_count_source": "tokenizer", "diffusion_steps": null, "flops_estimate": null, "flops_arch": null, "flops_model_params": null, "flops_active_params": null, "tokens_non_final": 3, "tokens_reasoning": 0, "tokens_response": 3, "elapsed_seconds": 49.610464096069336, "judgement": "Good approximation"}
{"id": "tips_000427", "topic": "tips", "subtopic": "tips_service", "prompt": "Bill is $99.26; service fee 0% and tip 22%. About how much do you pay in total?", "exact_value": 121.1, "model": "Dream-org/Dream-v0-Instruct-7B", "provider": "transformers", "response": "Final answer: 120", "numeric_answer": 120.0, "relative_error": 0.009083402146985916, "thinking_text": null, "has_tool_call": false, "tool_call": null, "usage": {"prompt_tokens": 171, "completion_tokens": 120, "total_tokens": 291, "token_count_source": "tokenizer"}, "decoding": {"temperature": 0.2, "top_p": null, "top_k": null, "max_tokens": 120, "seed": 42}, "prompt_tokens": 171, "completion_tokens": 120, "total_tokens": 291, "token_count_source": "tokenizer", "diffusion_steps": null, "flops_estimate": null, "flops_arch": null, "flops_model_params": null, "flops_active_params": null, "tokens_non_final": 3, "tokens_reasoning": 0, "tokens_response": 3, "elapsed_seconds": 49.610336780548096, "judgement": "Good approximation"}
{"id": "tips_000447", "topic": "tips", "subtopic": "tips_service", "prompt": "Bill is $13.43; service fee 3% and tip 18%. About how much do you pay in total?", "exact_value": 16.32, "model": "Dream-org/Dream-v0-Instruct-7B", "provider": "transformers", "response": "Final answer: 16", "numeric_answer": 16.0, "relative_error": 0.01960784313725492, "thinking_text": null, "has_tool_call": false, "tool_call": null, "usage": {"prompt_tokens": 171, "completion_tokens": 120, "total_tokens": 291, "token_count_source": "tokenizer"}, "decoding": {"temperature": 0.2, "top_p": null, "top_k": null, "max_tokens": 120, "seed": 42}, "prompt_tokens": 171, "completion_tokens": 120, "total_tokens": 291, "token_count_source": "tokenizer", "diffusion_steps": null, "flops_estimate": null, "flops_arch": null, "flops_model_params": null, "flops_active_params": null, "tokens_non_final": 3, "tokens_reasoning": 0, "tokens_response": 3, "elapsed_seconds": 49.610336780548096, "judgement": "Good approximation"}
{"id": "tips_000467", "topic": "tips", "subtopic": "tips_service", "prompt": "Bill is $47.68; service fee 5% and tip 22%. About how much do you pay in total?", "exact_value": 61.08, "model": "Dream-org/Dream-v0-Instruct-7B", "provider": "transformers", "response": "Final answer: 60", "numeric_answer": 60.0, "relative_error": 0.017681728880157142, "thinking_text": null, "has_tool_call": false, "tool_call": null, "usage": {"prompt_tokens": 171, "completion_tokens": 120, "total_tokens": 291, "token_count_source": "tokenizer"}, "decoding": {"temperature": 0.2, "top_p": null, "top_k": null, "max_tokens": 120, "seed": 42}, "prompt_tokens": 171, "completion_tokens": 120, "total_tokens": 291, "token_count_source": "tokenizer", "diffusion_steps": null, "flops_estimate": null, "flops_arch": null, "flops_model_params": null, "flops_active_params": null, "tokens_non_final": 3, "tokens_reasoning": 0, "tokens_response": 3, "elapsed_seconds": 49.610336780548096, "judgement": "Good approximation"}
{"id": "tips_000487", "topic": "tips", "subtopic": "tips_service", "prompt": "Bill is $84.77; service fee 0% and tip 22%. About how much do you pay in total?", "exact_value": 103.42, "model": "Dream-org/Dream-v0-Instruct-7B", "provider": "transformers", "response": "Final answer: 10", "numeric_answer": 10.0, "relative_error": 0.9033069038870625, "thinking_text": null, "has_tool_call": false, "tool_call": null, "usage": {"prompt_tokens": 171, "completion_tokens": 120, "total_tokens": 291, "token_count_source": "tokenizer"}, "decoding": {"temperature": 0.2, "top_p": null, "top_k": null, "max_tokens": 120, "seed": 42}, "prompt_tokens": 171, "completion_tokens": 120, "total_tokens": 291, "token_count_source": "tokenizer", "diffusion_steps": null, "flops_estimate": null, "flops_arch": null, "flops_model_params": null, "flops_active_params": null, "tokens_non_final": 3, "tokens_reasoning": 0, "tokens_response": 3, "elapsed_seconds": 49.610336780548096, "judgement": "Way off"}
{"id": "tips_000507", "topic": "tips", "subtopic": "tips_service", "prompt": "Bill is $71.65; service fee 5% and tip 22%. About how much do you pay in total?", "exact_value": 91.78, "model": "Dream-org/Dream-v0-Instruct-7B", "provider": "transformers", "response": "Final answer: 9", "numeric_answer": 9.0, "relative_error": 0.9019394203530181, "thinking_text": null, "has_tool_call": false, "tool_call": null, "usage": {"prompt_tokens": 171, "completion_tokens": 121, "total_tokens": 292, "token_count_source": "tokenizer"}, "decoding": {"temperature": 0.2, "top_p": null, "top_k": null, "max_tokens": 120, "seed": 42}, "prompt_tokens": 171, "completion_tokens": 121, "total_tokens": 292, "token_count_source": "tokenizer", "diffusion_steps": null, "flops_estimate": null, "flops_arch": null, "flops_model_params": null, "flops_active_params": null, "tokens_non_final": 3, "tokens_reasoning": 0, "tokens_response": 3, "elapsed_seconds": 50.258235454559326, "judgement": "Way off"}
{"id": "tips_000527", "topic": "tips", "subtopic": "tips_service", "prompt": "Bill is $84.44; service fee 5% and tip 18%. About how much do you pay in total?", "exact_value": 104.62, "model": "Dream-org/Dream-v0-Instruct-7B", "provider": "transformers", "response": "Final answer: $100", "numeric_answer": 100.0, "relative_error": 0.044159816478684805, "thinking_text": null, "has_tool_call": false, "tool_call": null, "usage": {"prompt_tokens": 171, "completion_tokens": 121, "total_tokens": 292, "token_count_source": "tokenizer"}, "decoding": {"temperature": 0.2, "top_p": null, "top_k": null, "max_tokens": 120, "seed": 42}, "prompt_tokens": 171, "completion_tokens": 121, "total_tokens": 292, "token_count_source": "tokenizer", "diffusion_steps": null, "flops_estimate": null, "flops_arch": null, "flops_model_params": null, "flops_active_params": null, "tokens_non_final": 3, "tokens_reasoning": 0, "tokens_response": 3, "elapsed_seconds": 50.258235454559326, "judgement": "Good approximation"}
{"id": "tips_000547", "topic": "tips", "subtopic": "tips_service", "prompt": "Bill is $32.84; service fee 0% and tip 18%. About how much do you pay in total?", "exact_value": 38.75, "model": "Dream-org/Dream-v0-Instruct-7B", "provider": "transformers", "response": "Final answer: 38", "numeric_answer": 38.0, "relative_error": 0.01935483870967742, "thinking_text": null, "has_tool_call": false, "tool_call": null, "usage": {"prompt_tokens": 171, "completion_tokens": 121, "total_tokens": 292, "token_count_source": "tokenizer"}, "decoding": {"temperature": 0.2, "top_p": null, "top_k": null, "max_tokens": 120, "seed": 42}, "prompt_tokens": 171, "completion_tokens": 121, "total_tokens": 292, "token_count_source": "tokenizer", "diffusion_steps": null, "flops_estimate": null, "flops_arch": null, "flops_model_params": null, "flops_active_params": null, "tokens_non_final": 3, "tokens_reasoning": 0, "tokens_response": 3, "elapsed_seconds": 50.258235454559326, "judgement": "Good approximation"}
{"id": "tips_000567", "topic": "tips", "subtopic": "tips_service", "prompt": "Bill is $102.88; service fee 3% and tip 20%. About how much do you pay in total?", "exact_value": 127.16, "model": "Dream-org/Dream-v0-Instruct-7B", "provider": "transformers", "response": "Final answer: 130", "numeric_answer": 130.0, "relative_error": 0.022334067316766307, "thinking_text": null, "has_tool_call": false, "tool_call": null, "usage": {"prompt_tokens": 172, "completion_tokens": 120, "total_tokens": 292, "token_count_source": "tokenizer"}, "decoding": {"temperature": 0.2, "top_p": null, "top_k": null, "max_tokens": 120, "seed": 42}, "prompt_tokens": 172, "completion_tokens": 120, "total_tokens": 292, "token_count_source": "tokenizer", "diffusion_steps": null, "flops_estimate": null, "flops_arch": null, "flops_model_params": null, "flops_active_params": null, "tokens_non_final": 3, "tokens_reasoning": 0, "tokens_response": 3, "elapsed_seconds": 50.258235454559326, "judgement": "Good approximation"}
{"id": "tips_000587", "topic": "tips", "subtopic": "tips_service", "prompt": "Bill is $100.09; service fee 0% and tip 18%. About how much do you pay in total?", "exact_value": 118.11, "model": "Dream-org/Dream-v0-Instruct-7B", "provider": "transformers", "response": "Final answer: 118", "numeric_answer": 118.0, "relative_error": 0.0009313351960037206, "thinking_text": null, "has_tool_call": false, "tool_call": null, "usage": {"prompt_tokens": 172, "completion_tokens": 120, "total_tokens": 292, "token_count_source": "tokenizer"}, "decoding": {"temperature": 0.2, "top_p": null, "top_k": null, "max_tokens": 120, "seed": 42}, "prompt_tokens": 172, "completion_tokens": 120, "total_tokens": 292, "token_count_source": "tokenizer", "diffusion_steps": null, "flops_estimate": null, "flops_arch": null, "flops_model_params": null, "flops_active_params": null, "tokens_non_final": 3, "tokens_reasoning": 0, "tokens_response": 3, "elapsed_seconds": 50.2641282081604, "judgement": "Good approximation"}
{"id": "tips_000607", "topic": "tips", "subtopic": "tips_service", "prompt": "Bill is $35.03; service fee 0% and tip 18%. About how much do you pay in total?", "exact_value": 41.34, "model": "Dream-org/Dream-v0-Instruct-7B", "provider": "transformers", "response": "Final answer: 40", "numeric_answer": 40.0, "relative_error": 0.032414126753749474, "thinking_text": null, "has_tool_call": false, "tool_call": null, "usage": {"prompt_tokens": 171, "completion_tokens": 121, "total_tokens": 292, "token_count_source": "tokenizer"}, "decoding": {"temperature": 0.2, "top_p": null, "top_k": null, "max_tokens": 120, "seed": 42}, "prompt_tokens": 171, "completion_tokens": 121, "total_tokens": 292, "token_count_source": "tokenizer", "diffusion_steps": null, "flops_estimate": null, "flops_arch": null, "flops_model_params": null, "flops_active_params": null, "tokens_non_final": 3, "tokens_reasoning": 0, "tokens_response": 3, "elapsed_seconds": 50.2641282081604, "judgement": "Good approximation"}
{"id": "tips_000627", "topic": "tips", "subtopic": "tips_service", "prompt": "Bill is $17.92; service fee 0% and tip 20%. About how much do you pay in total?", "exact_value": 21.5, "model": "Dream-org/Dream-v0-Instruct-7B", "provider": "transformers", "response": "Final answer: 2", "numeric_answer": 2.0, "relative_error": 0.9069767441860465, "thinking_text": null, "has_tool_call": false, "tool_call": null, "usage": {"prompt_tokens": 171, "completion_tokens": 121, "total_tokens": 292, "token_count_source": "tokenizer"}, "decoding": {"temperature": 0.2, "top_p": null, "top_k": null, "max_tokens": 120, "seed": 42}, "prompt_tokens": 171, "completion_tokens": 121, "total_tokens": 292, "token_count_source": "tokenizer", "diffusion_steps": null, "flops_estimate": null, "flops_arch": null, "flops_model_params": null, "flops_active_params": null, "tokens_non_final": 3, "tokens_reasoning": 0, "tokens_response": 3, "elapsed_seconds": 50.2641282081604, "judgement": "Way off"}
{"id": "tips_000647", "topic": "tips", "subtopic": "tips_service", "prompt": "Bill is $72.20; service fee 0% and tip 18%. About how much do you pay in total?", "exact_value": 85.2, "model": "Dream-org/Dream-v0-Instruct-7B", "provider": "transformers", "response": "Final answer: 85", "numeric_answer": 85.0, "relative_error": 0.0023474178403756203, "thinking_text": null, "has_tool_call": false, "tool_call": null, "usage": {"prompt_tokens": 171, "completion_tokens": 121, "total_tokens": 292, "token_count_source": "tokenizer"}, "decoding": {"temperature": 0.2, "top_p": null, "top_k": null, "max_tokens": 120, "seed": 42}, "prompt_tokens": 171, "completion_tokens": 121, "total_tokens": 292, "token_count_source": "tokenizer", "diffusion_steps": null, "flops_estimate": null, "flops_arch": null, "flops_model_params": null, "flops_active_params": null, "tokens_non_final": 3, "tokens_reasoning": 0, "tokens_response": 3, "elapsed_seconds": 50.2641282081604, "judgement": "Good approximation"}
{"id": "tips_000667", "topic": "tips", "subtopic": "tips_service", "prompt": "Bill is $28.54; service fee 5% and tip 15%. About how much do you pay in total?", "exact_value": 34.46, "model": "Dream-org/Dream-v0-Instruct-7B", "provider": "transformers", "response": "Final answer: 34.", "numeric_answer": 34.0, "relative_error": 0.013348810214741755, "thinking_text": null, "has_tool_call": false, "tool_call": null, "usage": {"prompt_tokens": 171, "completion_tokens": 121, "total_tokens": 292, "token_count_source": "tokenizer"}, "decoding": {"temperature": 0.2, "top_p": null, "top_k": null, "max_tokens": 120, "seed": 42}, "prompt_tokens": 171, "completion_tokens": 121, "total_tokens": 292, "token_count_source": "tokenizer", "diffusion_steps": null, "flops_estimate": null, "flops_arch": null, "flops_model_params": null, "flops_active_params": null, "tokens_non_final": 3, "tokens_reasoning": 0, "tokens_response": 3, "elapsed_seconds": 50.26294779777527, "judgement": "Good approximation"}
{"id": "tips_000687", "topic": "tips", "subtopic": "tips_service", "prompt": "Bill is $24.54; service fee 0% and tip 20%. About how much do you pay in total?", "exact_value": 29.45, "model": "Dream-org/Dream-v0-Instruct-7B", "provider": "transformers", "response": "Final answer: 30", "numeric_answer": 30.0, "relative_error": 0.018675721561969463, "thinking_text": null, "has_tool_call": false, "tool_call": null, "usage": {"prompt_tokens": 171, "completion_tokens": 121, "total_tokens": 292, "token_count_source": "tokenizer"}, "decoding": {"temperature": 0.2, "top_p": null, "top_k": null, "max_tokens": 120, "seed": 42}, "prompt_tokens": 171, "completion_tokens": 121, "total_tokens": 292, "token_count_source": "tokenizer", "diffusion_steps": null, "flops_estimate": null, "flops_arch": null, "flops_model_params": null, "flops_active_params": null, "tokens_non_final": 3, "tokens_reasoning": 0, "tokens_response": 3, "elapsed_seconds": 50.26294779777527, "judgement": "Good approximation"}
{"id": "tips_000707", "topic": "tips", "subtopic": "tips_service", "prompt": "Bill is $115.78; service fee 0% and tip 15%. About how much do you pay in total?", "exact_value": 133.15, "model": "Dream-org/Dream-v0-Instruct-7B", "provider": "transformers", "response": "Final answer: 130", "numeric_answer": 130.0, "relative_error": 0.023657529102516003, "thinking_text": null, "has_tool_call": false, "tool_call": null, "usage": {"prompt_tokens": 172, "completion_tokens": 120, "total_tokens": 292, "token_count_source": "tokenizer"}, "decoding": {"temperature": 0.2, "top_p": null, "top_k": null, "max_tokens": 120, "seed": 42}, "prompt_tokens": 172, "completion_tokens": 120, "total_tokens": 292, "token_count_source": "tokenizer", "diffusion_steps": null, "flops_estimate": null, "flops_arch": null, "flops_model_params": null, "flops_active_params": null, "tokens_non_final": 3, "tokens_reasoning": 0, "tokens_response": 3, "elapsed_seconds": 50.26294779777527, "judgement": "Good approximation"}
{"id": "tips_000727", "topic": "tips", "subtopic": "tips_service", "prompt": "Bill is $100.10; service fee 0% and tip 18%. About how much do you pay in total?", "exact_value": 118.12, "model": "Dream-org/Dream-v0-Instruct-7B", "provider": "transformers", "response": "Final answer: 118", "numeric_answer": 118.0, "relative_error": 0.0010159160176092495, "thinking_text": null, "has_tool_call": false, "tool_call": null, "usage": {"prompt_tokens": 172, "completion_tokens": 120, "total_tokens": 292, "token_count_source": "tokenizer"}, "decoding": {"temperature": 0.2, "top_p": null, "top_k": null, "max_tokens": 120, "seed": 42}, "prompt_tokens": 172, "completion_tokens": 120, "total_tokens": 292, "token_count_source": "tokenizer", "diffusion_steps": null, "flops_estimate": null, "flops_arch": null, "flops_model_params": null, "flops_active_params": null, "tokens_non_final": 3, "tokens_reasoning": 0, "tokens_response": 3, "elapsed_seconds": 50.26294779777527, "judgement": "Good approximation"}
{"id": "tips_000747", "topic": "tips", "subtopic": "tips_service", "prompt": "Bill is $119.18; service fee 0% and tip 15%. About how much do you pay in total?", "exact_value": 137.06, "model": "Dream-org/Dream-v0-Instruct-7B", "provider": "transformers", "response": "Final answer: 135", "numeric_answer": 135.0, "relative_error": 0.015029913906318417, "thinking_text": null, "has_tool_call": false, "tool_call": null, "usage": {"prompt_tokens": 172, "completion_tokens": 120, "total_tokens": 292, "token_count_source": "tokenizer"}, "decoding": {"temperature": 0.2, "top_p": null, "top_k": null, "max_tokens": 120, "seed": 42}, "prompt_tokens": 172, "completion_tokens": 120, "total_tokens": 292, "token_count_source": "tokenizer", "diffusion_steps": null, "flops_estimate": null, "flops_arch": null, "flops_model_params": null, "flops_active_params": null, "tokens_non_final": 3, "tokens_reasoning": 0, "tokens_response": 3, "elapsed_seconds": 50.257636308670044, "judgement": "Good approximation"}
{"id": "tips_000767", "topic": "tips", "subtopic": "tips_service", "prompt": "Bill is $12.91; service fee 3% and tip 18%. About how much do you pay in total?", "exact_value": 15.69, "model": "Dream-org/Dream-v0-Instruct-7B", "provider": "transformers", "response": "Final answer: 15", "numeric_answer": 15.0, "relative_error": 0.043977055449330754, "thinking_text": null, "has_tool_call": false, "tool_call": null, "usage": {"prompt_tokens": 171, "completion_tokens": 121, "total_tokens": 292, "token_count_source": "tokenizer"}, "decoding": {"temperature": 0.2, "top_p": null, "top_k": null, "max_tokens": 120, "seed": 42}, "prompt_tokens": 171, "completion_tokens": 121, "total_tokens": 292, "token_count_source": "tokenizer", "diffusion_steps": null, "flops_estimate": null, "flops_arch": null, "flops_model_params": null, "flops_active_params": null, "tokens_non_final": 3, "tokens_reasoning": 0, "tokens_response": 3, "elapsed_seconds": 50.257636308670044, "judgement": "Good approximation"}
{"id": "tips_000787", "topic": "tips", "subtopic": "tips_service", "prompt": "Bill is $77.28; service fee 5% and tip 22%. About how much do you pay in total?", "exact_value": 99.0, "model": "Dream-org/Dream-v0-Instruct-7B", "provider": "transformers", "response": "Final answer: 100", "numeric_answer": 100.0, "relative_error": 0.010101010101010102, "thinking_text": null, "has_tool_call": false, "tool_call": null, "usage": {"prompt_tokens": 171, "completion_tokens": 121, "total_tokens": 292, "token_count_source": "tokenizer"}, "decoding": {"temperature": 0.2, "top_p": null, "top_k": null, "max_tokens": 120, "seed": 42}, "prompt_tokens": 171, "completion_tokens": 121, "total_tokens": 292, "token_count_source": "tokenizer", "diffusion_steps": null, "flops_estimate": null, "flops_arch": null, "flops_model_params": null, "flops_active_params": null, "tokens_non_final": 3, "tokens_reasoning": 0, "tokens_response": 3, "elapsed_seconds": 50.257636308670044, "judgement": "Good approximation"}
{"id": "tips_000807", "topic": "tips", "subtopic": "tips_service", "prompt": "Bill is $114.97; service fee 3% and tip 20%. About how much do you pay in total?", "exact_value": 142.1, "model": "Dream-org/Dream-v0-Instruct-7B", "provider": "transformers", "response": "Final answer: 14", "numeric_answer": 14.0, "relative_error": 0.9014778325123153, "thinking_text": null, "has_tool_call": false, "tool_call": null, "usage": {"prompt_tokens": 172, "completion_tokens": 120, "total_tokens": 292, "token_count_source": "tokenizer"}, "decoding": {"temperature": 0.2, "top_p": null, "top_k": null, "max_tokens": 120, "seed": 42}, "prompt_tokens": 172, "completion_tokens": 120, "total_tokens": 292, "token_count_source": "tokenizer", "diffusion_steps": null, "flops_estimate": null, "flops_arch": null, "flops_model_params": null, "flops_active_params": null, "tokens_non_final": 3, "tokens_reasoning": 0, "tokens_response": 3, "elapsed_seconds": 50.257636308670044, "judgement": "Way off"}
{"id": "tips_000827", "topic": "tips", "subtopic": "tips_service", "prompt": "Bill is $39.73; service fee 5% and tip 22%. About how much do you pay in total?", "exact_value": 50.89, "model": "Dream-org/Dream-v0-Instruct-7B", "provider": "transformers", "response": "Final answer: 49.", "numeric_answer": 49.0, "relative_error": 0.03713892709766163, "thinking_text": null, "has_tool_call": false, "tool_call": null, "usage": {"prompt_tokens": 171, "completion_tokens": 121, "total_tokens": 292, "token_count_source": "tokenizer"}, "decoding": {"temperature": 0.2, "top_p": null, "top_k": null, "max_tokens": 120, "seed": 42}, "prompt_tokens": 171, "completion_tokens": 121, "total_tokens": 292, "token_count_source": "tokenizer", "diffusion_steps": null, "flops_estimate": null, "flops_arch": null, "flops_model_params": null, "flops_active_params": null, "tokens_non_final": 3, "tokens_reasoning": 0, "tokens_response": 3, "elapsed_seconds": 50.2566077709198, "judgement": "Good approximation"}
{"id": "tips_000847", "topic": "tips", "subtopic": "tips_service", "prompt": "Bill is $108.02; service fee 3% and tip 20%. About how much do you pay in total?", "exact_value": 133.51, "model": "Dream-org/Dream-v0-Instruct-7B", "provider": "transformers", "response": "Final answer: 13", "numeric_answer": 13.0, "relative_error": 0.9026290165530672, "thinking_text": null, "has_tool_call": false, "tool_call": null, "usage": {"prompt_tokens": 172, "completion_tokens": 120, "total_tokens": 292, "token_count_source": "tokenizer"}, "decoding": {"temperature": 0.2, "top_p": null, "top_k": null, "max_tokens": 120, "seed": 42}, "prompt_tokens": 172, "completion_tokens": 120, "total_tokens": 292, "token_count_source": "tokenizer", "diffusion_steps": null, "flops_estimate": null, "flops_arch": null, "flops_model_params": null, "flops_active_params": null, "tokens_non_final": 3, "tokens_reasoning": 0, "tokens_response": 3, "elapsed_seconds": 50.2566077709198, "judgement": "Way off"}
{"id": "tips_000867", "topic": "tips", "subtopic": "tips_service", "prompt": "Bill is $93.22; service fee 3% and tip 22%. About how much do you pay in total?", "exact_value": 117.14, "model": "Dream-org/Dream-v0-Instruct-7B", "provider": "transformers", "response": "Final answer: 120", "numeric_answer": 120.0, "relative_error": 0.024415229639747307, "thinking_text": null, "has_tool_call": false, "tool_call": null, "usage": {"prompt_tokens": 171, "completion_tokens": 121, "total_tokens": 292, "token_count_source": "tokenizer"}, "decoding": {"temperature": 0.2, "top_p": null, "top_k": null, "max_tokens": 120, "seed": 42}, "prompt_tokens": 171, "completion_tokens": 121, "total_tokens": 292, "token_count_source": "tokenizer", "diffusion_steps": null, "flops_estimate": null, "flops_arch": null, "flops_model_params": null, "flops_active_params": null, "tokens_non_final": 3, "tokens_reasoning": 0, "tokens_response": 3, "elapsed_seconds": 50.2566077709198, "judgement": "Good approximation"}
{"id": "tips_000887", "topic": "tips", "subtopic": "tips_service", "prompt": "Bill is $41.32; service fee 0% and tip 18%. About how much do you pay in total?", "exact_value": 48.76, "model": "Dream-org/Dream-v0-Instruct-7B", "provider": "transformers", "response": "Final answer: 50", "numeric_answer": 50.0, "relative_error": 0.02543068088597215, "thinking_text": null, "has_tool_call": false, "tool_call": null, "usage": {"prompt_tokens": 171, "completion_tokens": 121, "total_tokens": 292, "token_count_source": "tokenizer"}, "decoding": {"temperature": 0.2, "top_p": null, "top_k": null, "max_tokens": 120, "seed": 42}, "prompt_tokens": 171, "completion_tokens": 121, "total_tokens": 292, "token_count_source": "tokenizer", "diffusion_steps": null, "flops_estimate": null, "flops_arch": null, "flops_model_params": null, "flops_active_params": null, "tokens_non_final": 3, "tokens_reasoning": 0, "tokens_response": 3, "elapsed_seconds": 50.2566077709198, "judgement": "Good approximation"}
{"id": "tips_000907", "topic": "tips", "subtopic": "tips_service", "prompt": "Bill is $65.03; service fee 3% and tip 22%. About how much do you pay in total?", "exact_value": 81.72, "model": "Dream-org/Dream-v0-Instruct-7B", "provider": "transformers", "response": "Final answer: 90", "numeric_answer": 90.0, "relative_error": 0.10132158590308371, "thinking_text": null, "has_tool_call": false, "tool_call": null, "usage": {"prompt_tokens": 171, "completion_tokens": 120, "total_tokens": 291, "token_count_source": "tokenizer"}, "decoding": {"temperature": 0.2, "top_p": null, "top_k": null, "max_tokens": 120, "seed": 42}, "prompt_tokens": 171, "completion_tokens": 120, "total_tokens": 291, "token_count_source": "tokenizer", "diffusion_steps": null, "flops_estimate": null, "flops_arch": null, "flops_model_params": null, "flops_active_params": null, "tokens_non_final": 3, "tokens_reasoning": 0, "tokens_response": 3, "elapsed_seconds": 49.620485067367554, "judgement": "Good approximation"}
{"id": "tips_000927", "topic": "tips", "subtopic": "tips_service", "prompt": "Bill is $78.22; service fee 5% and tip 15%. About how much do you pay in total?", "exact_value": 94.45, "model": "Dream-org/Dream-v0-Instruct-7B", "provider": "transformers", "response": "Final answer: 100", "numeric_answer": 100.0, "relative_error": 0.05876124933827419, "thinking_text": null, "has_tool_call": false, "tool_call": null, "usage": {"prompt_tokens": 171, "completion_tokens": 120, "total_tokens": 291, "token_count_source": "tokenizer"}, "decoding": {"temperature": 0.2, "top_p": null, "top_k": null, "max_tokens": 120, "seed": 42}, "prompt_tokens": 171, "completion_tokens": 120, "total_tokens": 291, "token_count_source": "tokenizer", "diffusion_steps": null, "flops_estimate": null, "flops_arch": null, "flops_model_params": null, "flops_active_params": null, "tokens_non_final": 3, "tokens_reasoning": 0, "tokens_response": 3, "elapsed_seconds": 49.620485067367554, "judgement": "Good approximation"}
{"id": "tips_000947", "topic": "tips", "subtopic": "tips_service", "prompt": "Bill is $97.36; service fee 3% and tip 15%. About how much do you pay in total?", "exact_value": 115.32, "model": "Dream-org/Dream-v0-Instruct-7B", "provider": "transformers", "response": "Final answer: 115", "numeric_answer": 115.0, "relative_error": 0.002774887270204589, "thinking_text": null, "has_tool_call": false, "tool_call": null, "usage": {"prompt_tokens": 171, "completion_tokens": 120, "total_tokens": 291, "token_count_source": "tokenizer"}, "decoding": {"temperature": 0.2, "top_p": null, "top_k": null, "max_tokens": 120, "seed": 42}, "prompt_tokens": 171, "completion_tokens": 120, "total_tokens": 291, "token_count_source": "tokenizer", "diffusion_steps": null, "flops_estimate": null, "flops_arch": null, "flops_model_params": null, "flops_active_params": null, "tokens_non_final": 3, "tokens_reasoning": 0, "tokens_response": 3, "elapsed_seconds": 49.620485067367554, "judgement": "Good approximation"}
{"id": "tips_000967", "topic": "tips", "subtopic": "tips_service", "prompt": "Bill is $13.97; service fee 3% and tip 15%. About how much do you pay in total?", "exact_value": 16.55, "model": "Dream-org/Dream-v0-Instruct-7B", "provider": "transformers", "response": "Final answer: 16", "numeric_answer": 16.0, "relative_error": 0.03323262839879158, "thinking_text": null, "has_tool_call": false, "tool_call": null, "usage": {"prompt_tokens": 171, "completion_tokens": 120, "total_tokens": 291, "token_count_source": "tokenizer"}, "decoding": {"temperature": 0.2, "top_p": null, "top_k": null, "max_tokens": 120, "seed": 42}, "prompt_tokens": 171, "completion_tokens": 120, "total_tokens": 291, "token_count_source": "tokenizer", "diffusion_steps": null, "flops_estimate": null, "flops_arch": null, "flops_model_params": null, "flops_active_params": null, "tokens_non_final": 3, "tokens_reasoning": 0, "tokens_response": 3, "elapsed_seconds": 49.620485067367554, "judgement": "Good approximation"}
{"id": "tips_000987", "topic": "tips", "subtopic": "tips_service", "prompt": "Bill is $60.94; service fee 5% and tip 18%. About how much do you pay in total?", "exact_value": 75.5, "model": "Dream-org/Dream-v0-Instruct-7B", "provider": "transformers", "response": "Final answer: 75", "numeric_answer": 75.0, "relative_error": 0.006622516556291391, "thinking_text": null, "has_tool_call": false, "tool_call": null, "usage": {"prompt_tokens": 171, "completion_tokens": 121, "total_tokens": 292, "token_count_source": "tokenizer"}, "decoding": {"temperature": 0.2, "top_p": null, "top_k": null, "max_tokens": 120, "seed": 42}, "prompt_tokens": 171, "completion_tokens": 121, "total_tokens": 292, "token_count_source": "tokenizer", "diffusion_steps": null, "flops_estimate": null, "flops_arch": null, "flops_model_params": null, "flops_active_params": null, "tokens_non_final": 3, "tokens_reasoning": 0, "tokens_response": 3, "elapsed_seconds": 50.23646831512451, "judgement": "Good approximation"}
{"id": "tips_001007", "topic": "tips", "subtopic": "tips_service", "prompt": "Bill is $101.70; service fee 3% and tip 18%. About how much do you pay in total?", "exact_value": 123.61, "model": "Dream-org/Dream-v0-Instruct-7B", "provider": "transformers", "response": "Final answer: 12", "numeric_answer": 12.0, "relative_error": 0.9029204756896692, "thinking_text": null, "has_tool_call": false, "tool_call": null, "usage": {"prompt_tokens": 172, "completion_tokens": 120, "total_tokens": 292, "token_count_source": "tokenizer"}, "decoding": {"temperature": 0.2, "top_p": null, "top_k": null, "max_tokens": 120, "seed": 42}, "prompt_tokens": 172, "completion_tokens": 120, "total_tokens": 292, "token_count_source": "tokenizer", "diffusion_steps": null, "flops_estimate": null, "flops_arch": null, "flops_model_params": null, "flops_active_params": null, "tokens_non_final": 3, "tokens_reasoning": 0, "tokens_response": 3, "elapsed_seconds": 50.23646831512451, "judgement": "Way off"}
{"id": "tips_001027", "topic": "tips", "subtopic": "tips_service", "prompt": "Bill is $71.23; service fee 0% and tip 20%. About how much do you pay in total?", "exact_value": 85.48, "model": "Dream-org/Dream-v0-Instruct-7B", "provider": "transformers", "response": "Final answer: $85", "numeric_answer": 85.0, "relative_error": 0.0056153486195601775, "thinking_text": null, "has_tool_call": false, "tool_call": null, "usage": {"prompt_tokens": 171, "completion_tokens": 121, "total_tokens": 292, "token_count_source": "tokenizer"}, "decoding": {"temperature": 0.2, "top_p": null, "top_k": null, "max_tokens": 120, "seed": 42}, "prompt_tokens": 171, "completion_tokens": 121, "total_tokens": 292, "token_count_source": "tokenizer", "diffusion_steps": null, "flops_estimate": null, "flops_arch": null, "flops_model_params": null, "flops_active_params": null, "tokens_non_final": 3, "tokens_reasoning": 0, "tokens_response": 3, "elapsed_seconds": 50.23646831512451, "judgement": "Good approximation"}
{"id": "tips_001047", "topic": "tips", "subtopic": "tips_service", "prompt": "Bill is $56.40; service fee 5% and tip 15%. About how much do you pay in total?", "exact_value": 68.1, "model": "Dream-org/Dream-v0-Instruct-7B", "provider": "transformers", "response": "Final answer: 68", "numeric_answer": 68.0, "relative_error": 0.0014684287812040283, "thinking_text": null, "has_tool_call": false, "tool_call": null, "usage": {"prompt_tokens": 171, "completion_tokens": 121, "total_tokens": 292, "token_count_source": "tokenizer"}, "decoding": {"temperature": 0.2, "top_p": null, "top_k": null, "max_tokens": 120, "seed": 42}, "prompt_tokens": 171, "completion_tokens": 121, "total_tokens": 292, "token_count_source": "tokenizer", "diffusion_steps": null, "flops_estimate": null, "flops_arch": null, "flops_model_params": null, "flops_active_params": null, "tokens_non_final": 3, "tokens_reasoning": 0, "tokens_response": 3, "elapsed_seconds": 50.23646831512451, "judgement": "Good approximation"}
{"id": "tips_001067", "topic": "tips", "subtopic": "tips_service", "prompt": "Bill is $110.45; service fee 5% and tip 20%. About how much do you pay in total?", "exact_value": 139.17, "model": "Dream-org/Dream-v0-Instruct-7B", "provider": "transformers", "response": "Final answer: 14", "numeric_answer": 14.0, "relative_error": 0.8994036070992312, "thinking_text": null, "has_tool_call": false, "tool_call": null, "usage": {"prompt_tokens": 172, "completion_tokens": 120, "total_tokens": 292, "token_count_source": "tokenizer"}, "decoding": {"temperature": 0.2, "top_p": null, "top_k": null, "max_tokens": 120, "seed": 42}, "prompt_tokens": 172, "completion_tokens": 120, "total_tokens": 292, "token_count_source": "tokenizer", "diffusion_steps": null, "flops_estimate": null, "flops_arch": null, "flops_model_params": null, "flops_active_params": null, "tokens_non_final": 3, "tokens_reasoning": 0, "tokens_response": 3, "elapsed_seconds": 50.19412970542908, "judgement": "Way off"}
{"id": "tips_001087", "topic": "tips", "subtopic": "tips_service", "prompt": "Bill is $32.83; service fee 0% and tip 15%. About how much do you pay in total?", "exact_value": 37.75, "model": "Dream-org/Dream-v0-Instruct-7B", "provider": "transformers", "response": "Final answer: 37", "numeric_answer": 37.0, "relative_error": 0.019867549668874173, "thinking_text": null, "has_tool_call": false, "tool_call": null, "usage": {"prompt_tokens": 171, "completion_tokens": 121, "total_tokens": 292, "token_count_source": "tokenizer"}, "decoding": {"temperature": 0.2, "top_p": null, "top_k": null, "max_tokens": 120, "seed": 42}, "prompt_tokens": 171, "completion_tokens": 121, "total_tokens": 292, "token_count_source": "tokenizer", "diffusion_steps": null, "flops_estimate": null, "flops_arch": null, "flops_model_params": null, "flops_active_params": null, "tokens_non_final": 3, "tokens_reasoning": 0, "tokens_response": 3, "elapsed_seconds": 50.19412970542908, "judgement": "Good approximation"}
{"id": "tips_001107", "topic": "tips", "subtopic": "tips_service", "prompt": "Bill is $52.28; service fee 3% and tip 15%. About how much do you pay in total?", "exact_value": 61.93, "model": "Dream-org/Dream-v0-Instruct-7B", "provider": "transformers", "response": "Final answer: 60", "numeric_answer": 60.0, "relative_error": 0.03116421766510576, "thinking_text": null, "has_tool_call": false, "tool_call": null, "usage": {"prompt_tokens": 171, "completion_tokens": 121, "total_tokens": 292, "token_count_source": "tokenizer"}, "decoding": {"temperature": 0.2, "top_p": null, "top_k": null, "max_tokens": 120, "seed": 42}, "prompt_tokens": 171, "completion_tokens": 121, "total_tokens": 292, "token_count_source": "tokenizer", "diffusion_steps": null, "flops_estimate": null, "flops_arch": null, "flops_model_params": null, "flops_active_params": null, "tokens_non_final": 3, "tokens_reasoning": 0, "tokens_response": 3, "elapsed_seconds": 50.19412970542908, "judgement": "Good approximation"}
{"id": "tips_001127", "topic": "tips", "subtopic": "tips_service", "prompt": "Bill is $24.64; service fee 0% and tip 20%. About how much do you pay in total?", "exact_value": 29.57, "model": "Dream-org/Dream-v0-Instruct-7B", "provider": "transformers", "response": "Final answer: 30", "numeric_answer": 30.0, "relative_error": 0.014541765302671617, "thinking_text": null, "has_tool_call": false, "tool_call": null, "usage": {"prompt_tokens": 171, "completion_tokens": 121, "total_tokens": 292, "token_count_source": "tokenizer"}, "decoding": {"temperature": 0.2, "top_p": null, "top_k": null, "max_tokens": 120, "seed": 42}, "prompt_tokens": 171, "completion_tokens": 121, "total_tokens": 292, "token_count_source": "tokenizer", "diffusion_steps": null, "flops_estimate": null, "flops_arch": null, "flops_model_params": null, "flops_active_params": null, "tokens_non_final": 3, "tokens_reasoning": 0, "tokens_response": 3, "elapsed_seconds": 50.19412970542908, "judgement": "Good approximation"}
{"id": "tips_001147", "topic": "tips", "subtopic": "tips_service", "prompt": "Bill is $56.58; service fee 0% and tip 22%. About how much do you pay in total?", "exact_value": 69.03, "model": "Dream-org/Dream-v0-Instruct-7B", "provider": "transformers", "response": "Final answer: 68", "numeric_answer": 68.0, "relative_error": 0.01492104881935392, "thinking_text": null, "has_tool_call": false, "tool_call": null, "usage": {"prompt_tokens": 171, "completion_tokens": 120, "total_tokens": 291, "token_count_source": "tokenizer"}, "decoding": {"temperature": 0.2, "top_p": null, "top_k": null, "max_tokens": 120, "seed": 42}, "prompt_tokens": 171, "completion_tokens": 120, "total_tokens": 291, "token_count_source": "tokenizer", "diffusion_steps": null, "flops_estimate": null, "flops_arch": null, "flops_model_params": null, "flops_active_params": null, "tokens_non_final": 3, "tokens_reasoning": 0, "tokens_response": 3, "elapsed_seconds": 49.54327368736267, "judgement": "Good approximation"}
{"id": "tips_001167", "topic": "tips", "subtopic": "tips_service", "prompt": "Bill is $37.99; service fee 5% and tip 18%. About how much do you pay in total?", "exact_value": 47.07, "model": "Dream-org/Dream-v0-Instruct-7B", "provider": "transformers", "response": "Final answer: 46", "numeric_answer": 46.0, "relative_error": 0.022732101125982587, "thinking_text": null, "has_tool_call": false, "tool_call": null, "usage": {"prompt_tokens": 171, "completion_tokens": 120, "total_tokens": 291, "token_count_source": "tokenizer"}, "decoding": {"temperature": 0.2, "top_p": null, "top_k": null, "max_tokens": 120, "seed": 42}, "prompt_tokens": 171, "completion_tokens": 120, "total_tokens": 291, "token_count_source": "tokenizer", "diffusion_steps": null, "flops_estimate": null, "flops_arch": null, "flops_model_params": null, "flops_active_params": null, "tokens_non_final": 3, "tokens_reasoning": 0, "tokens_response": 3, "elapsed_seconds": 49.54327368736267, "judgement": "Good approximation"}
{"id": "tips_001187", "topic": "tips", "subtopic": "tips_service", "prompt": "Bill is $68.55; service fee 0% and tip 22%. About how much do you pay in total?", "exact_value": 83.63, "model": "Dream-org/Dream-v0-Instruct-7B", "provider": "transformers", "response": "Final answer: 85", "numeric_answer": 85.0, "relative_error": 0.0163816812148751, "thinking_text": null, "has_tool_call": false, "tool_call": null, "usage": {"prompt_tokens": 171, "completion_tokens": 120, "total_tokens": 291, "token_count_source": "tokenizer"}, "decoding": {"temperature": 0.2, "top_p": null, "top_k": null, "max_tokens": 120, "seed": 42}, "prompt_tokens": 171, "completion_tokens": 120, "total_tokens": 291, "token_count_source": "tokenizer", "diffusion_steps": null, "flops_estimate": null, "flops_arch": null, "flops_model_params": null, "flops_active_params": null, "tokens_non_final": 3, "tokens_reasoning": 0, "tokens_response": 3, "elapsed_seconds": 49.54327368736267, "judgement": "Good approximation"}
{"id": "tips_001207", "topic": "tips", "subtopic": "tips_service", "prompt": "Bill is $73.94; service fee 5% and tip 20%. About how much do you pay in total?", "exact_value": 93.16, "model": "Dream-org/Dream-v0-Instruct-7B", "provider": "transformers", "response": "Final answer: 90", "numeric_answer": 90.0, "relative_error": 0.033920137398024866, "thinking_text": null, "has_tool_call": false, "tool_call": null, "usage": {"prompt_tokens": 171, "completion_tokens": 120, "total_tokens": 291, "token_count_source": "tokenizer"}, "decoding": {"temperature": 0.2, "top_p": null, "top_k": null, "max_tokens": 120, "seed": 42}, "prompt_tokens": 171, "completion_tokens": 120, "total_tokens": 291, "token_count_source": "tokenizer", "diffusion_steps": null, "flops_estimate": null, "flops_arch": null, "flops_model_params": null, "flops_active_params": null, "tokens_non_final": 3, "tokens_reasoning": 0, "tokens_response": 3, "elapsed_seconds": 49.54327368736267, "judgement": "Good approximation"}
{"id": "tips_001227", "topic": "tips", "subtopic": "tips_service", "prompt": "Bill is $89.16; service fee 0% and tip 20%. About how much do you pay in total?", "exact_value": 106.99, "model": "Dream-org/Dream-v0-Instruct-7B", "provider": "transformers", "response": "Final answer: 100", "numeric_answer": 100.0, "relative_error": 0.06533320871109445, "thinking_text": null, "has_tool_call": false, "tool_call": null, "usage": {"prompt_tokens": 171, "completion_tokens": 121, "total_tokens": 292, "token_count_source": "tokenizer"}, "decoding": {"temperature": 0.2, "top_p": null, "top_k": null, "max_tokens": 120, "seed": 42}, "prompt_tokens": 171, "completion_tokens": 121, "total_tokens": 292, "token_count_source": "tokenizer", "diffusion_steps": null, "flops_estimate": null, "flops_arch": null, "flops_model_params": null, "flops_active_params": null, "tokens_non_final": 3, "tokens_reasoning": 0, "tokens_response": 3, "elapsed_seconds": 50.18098282814026, "judgement": "Good approximation"}
{"id": "tips_001247", "topic": "tips", "subtopic": "tips_service", "prompt": "Bill is $77.57; service fee 0% and tip 22%. About how much do you pay in total?", "exact_value": 94.64, "model": "Dream-org/Dream-v0-Instruct-7B", "provider": "transformers", "response": "Final answer: $100", "numeric_answer": 100.0, "relative_error": 0.0566356720202874, "thinking_text": null, "has_tool_call": false, "tool_call": null, "usage": {"prompt_tokens": 171, "completion_tokens": 121, "total_tokens": 292, "token_count_source": "tokenizer"}, "decoding": {"temperature": 0.2, "top_p": null, "top_k": null, "max_tokens": 120, "seed": 42}, "prompt_tokens": 171, "completion_tokens": 121, "total_tokens": 292, "token_count_source": "tokenizer", "diffusion_steps": null, "flops_estimate": null, "flops_arch": null, "flops_model_params": null, "flops_active_params": null, "tokens_non_final": 3, "tokens_reasoning": 0, "tokens_response": 3, "elapsed_seconds": 50.18098282814026, "judgement": "Good approximation"}
{"id": "tips_001267", "topic": "tips", "subtopic": "tips_service", "prompt": "Bill is $17.65; service fee 0% and tip 15%. About how much do you pay in total?", "exact_value": 20.3, "model": "Dream-org/Dream-v0-Instruct-7B", "provider": "transformers", "response": "Final answer: 20.00", "numeric_answer": 20.0, "relative_error": 0.014778325123152743, "thinking_text": null, "has_tool_call": false, "tool_call": null, "usage": {"prompt_tokens": 171, "completion_tokens": 121, "total_tokens": 292, "token_count_source": "tokenizer"}, "decoding": {"temperature": 0.2, "top_p": null, "top_k": null, "max_tokens": 120, "seed": 42}, "prompt_tokens": 171, "completion_tokens": 121, "total_tokens": 292, "token_count_source": "tokenizer", "diffusion_steps": null, "flops_estimate": null, "flops_arch": null, "flops_model_params": null, "flops_active_params": null, "tokens_non_final": 3, "tokens_reasoning": 0, "tokens_response": 3, "elapsed_seconds": 50.18098282814026, "judgement": "Good approximation"}
{"id": "tips_001287", "topic": "tips", "subtopic": "tips_service", "prompt": "Bill is $107.76; service fee 5% and tip 15%. About how much do you pay in total?", "exact_value": 130.12, "model": "Dream-org/Dream-v0-Instruct-7B", "provider": "transformers", "response": "Final answer: $130", "numeric_answer": 130.0, "relative_error": 0.0009222256378727678, "thinking_text": null, "has_tool_call": false, "tool_call": null, "usage": {"prompt_tokens": 172, "completion_tokens": 120, "total_tokens": 292, "token_count_source": "tokenizer"}, "decoding": {"temperature": 0.2, "top_p": null, "top_k": null, "max_tokens": 120, "seed": 42}, "prompt_tokens": 172, "completion_tokens": 120, "total_tokens": 292, "token_count_source": "tokenizer", "diffusion_steps": null, "flops_estimate": null, "flops_arch": null, "flops_model_params": null, "flops_active_params": null, "tokens_non_final": 3, "tokens_reasoning": 0, "tokens_response": 3, "elapsed_seconds": 50.18098282814026, "judgement": "Good approximation"}
{"id": "tips_001307", "topic": "tips", "subtopic": "tips_service", "prompt": "Bill is $49.18; service fee 0% and tip 20%. About how much do you pay in total?", "exact_value": 59.02, "model": "Dream-org/Dream-v0-Instruct-7B", "provider": "transformers", "response": "Final answer: 59", "numeric_answer": 59.0, "relative_error": 0.00033886818027792484, "thinking_text": null, "has_tool_call": false, "tool_call": null, "usage": {"prompt_tokens": 171, "completion_tokens": 121, "total_tokens": 292, "token_count_source": "tokenizer"}, "decoding": {"temperature": 0.2, "top_p": null, "top_k": null, "max_tokens": 120, "seed": 42}, "prompt_tokens": 171, "completion_tokens": 121, "total_tokens": 292, "token_count_source": "tokenizer", "diffusion_steps": null, "flops_estimate": null, "flops_arch": null, "flops_model_params": null, "flops_active_params": null, "tokens_non_final": 3, "tokens_reasoning": 0, "tokens_response": 3, "elapsed_seconds": 50.32665753364563, "judgement": "Good approximation"}
{"id": "tips_001327", "topic": "tips", "subtopic": "tips_service", "prompt": "Bill is $43.49; service fee 5% and tip 18%. About how much do you pay in total?", "exact_value": 53.88, "model": "Dream-org/Dream-v0-Instruct-7B", "provider": "transformers", "response": "Final answer:", "numeric_answer": null, "relative_error": null, "thinking_text": null, "has_tool_call": false, "tool_call": null, "usage": {"prompt_tokens": 171, "completion_tokens": 121, "total_tokens": 292, "token_count_source": "tokenizer"}, "decoding": {"temperature": 0.2, "top_p": null, "top_k": null, "max_tokens": 120, "seed": 42}, "prompt_tokens": 171, "completion_tokens": 121, "total_tokens": 292, "token_count_source": "tokenizer", "diffusion_steps": null, "flops_estimate": null, "flops_arch": null, "flops_model_params": null, "flops_active_params": null, "tokens_non_final": 2, "tokens_reasoning": 0, "tokens_response": 2, "elapsed_seconds": 50.32665753364563, "judgement": "Uncategorized"}
{"id": "fermi_000103", "topic": "fermi", "subtopic": "crowd_density", "prompt": "A plaza is about 70 m by 20 m, with roughly 4 people per square meter. About how many people are there?", "exact_value": 5600, "model": "Dream-org/Dream-v0-Instruct-7B", "provider": "transformers", "response": "Final answer: 2800", "numeric_answer": 2800.0, "relative_error": 0.5, "thinking_text": null, "has_tool_call": false, "tool_call": null, "usage": {"prompt_tokens": 172, "completion_tokens": 120, "total_tokens": 292, "token_count_source": "tokenizer"}, "decoding": {"temperature": 0.2, "top_p": null, "top_k": null, "max_tokens": 120, "seed": 42}, "prompt_tokens": 172, "completion_tokens": 120, "total_tokens": 292, "token_count_source": "tokenizer", "diffusion_steps": null, "flops_estimate": null, "flops_arch": null, "flops_model_params": null, "flops_active_params": null, "tokens_non_final": 3, "tokens_reasoning": 0, "tokens_response": 3, "elapsed_seconds": 50.32665753364563, "judgement": "Mildly off"}
{"id": "fermi_000123", "topic": "fermi", "subtopic": "crowd_density", "prompt": "A plaza is about 70 m by 35 m, with roughly 4 people per square meter. About how many people are there?", "exact_value": 9800, "model": "Dream-org/Dream-v0-Instruct-7B", "provider": "transformers", "response": "Final answer: 980", "numeric_answer": 980.0, "relative_error": 0.9, "thinking_text": null, "has_tool_call": false, "tool_call": null, "usage": {"prompt_tokens": 172, "completion_tokens": 120, "total_tokens": 292, "token_count_source": "tokenizer"}, "decoding": {"temperature": 0.2, "top_p": null, "top_k": null, "max_tokens": 120, "seed": 42}, "prompt_tokens": 172, "completion_tokens": 120, "total_tokens": 292, "token_count_source": "tokenizer", "diffusion_steps": null, "flops_estimate": null, "flops_arch": null, "flops_model_params": null, "flops_active_params": null, "tokens_non_final": 3, "tokens_reasoning": 0, "tokens_response": 3, "elapsed_seconds": 50.32665753364563, "judgement": "Way off"}
{"id": "fermi_000143", "topic": "fermi", "subtopic": "crowd_density", "prompt": "A plaza is about 30 m by 20 m, with roughly 1 people per square meter. About how many people are there?", "exact_value": 600, "model": "Dream-org/Dream-v0-Instruct-7B", "provider": "transformers", "response": "Final answer: 600", "numeric_answer": 600.0, "relative_error": 0.0, "thinking_text": null, "has_tool_call": false, "tool_call": null, "usage": {"prompt_tokens": 172, "completion_tokens": 120, "total_tokens": 292, "token_count_source": "tokenizer"}, "decoding": {"temperature": 0.2, "top_p": null, "top_k": null, "max_tokens": 120, "seed": 42}, "prompt_tokens": 172, "completion_tokens": 120, "total_tokens": 292, "token_count_source": "tokenizer", "diffusion_steps": null, "flops_estimate": null, "flops_arch": null, "flops_model_params": null, "flops_active_params": null, "tokens_non_final": 3, "tokens_reasoning": 0, "tokens_response": 3, "elapsed_seconds": 50.05375051498413, "judgement": "Exact math"}
{"id": "fermi_000163", "topic": "fermi", "subtopic": "crowd_density", "prompt": "A plaza is about 70 m by 35 m, with roughly 3 people per square meter. About how many people are there?", "exact_value": 7350, "model": "Dream-org/Dream-v0-Instruct-7B", "provider": "transformers", "response": "Final answer: 7800", "numeric_answer": 7800.0, "relative_error": 0.061224489795918366, "thinking_text": null, "has_tool_call": false, "tool_call": null, "usage": {"prompt_tokens": 172, "completion_tokens": 120, "total_tokens": 292, "token_count_source": "tokenizer"}, "decoding": {"temperature": 0.2, "top_p": null, "top_k": null, "max_tokens": 120, "seed": 42}, "prompt_tokens": 172, "completion_tokens": 120, "total_tokens": 292, "token_count_source": "tokenizer", "diffusion_steps": null, "flops_estimate": null, "flops_arch": null, "flops_model_params": null, "flops_active_params": null, "tokens_non_final": 3, "tokens_reasoning": 0, "tokens_response": 3, "elapsed_seconds": 50.05375051498413, "judgement": "Good approximation"}
{"id": "fermi_000183", "topic": "fermi", "subtopic": "crowd_density", "prompt": "A plaza is about 40 m by 35 m, with roughly 3 people per square meter. About how many people are there?", "exact_value": 4200, "model": "Dream-org/Dream-v0-Instruct-7B", "provider": "transformers", "response": "Final answer: 420", "numeric_answer": 420.0, "relative_error": 0.9, "thinking_text": null, "has_tool_call": false, "tool_call": null, "usage": {"prompt_tokens": 172, "completion_tokens": 120, "total_tokens": 292, "token_count_source": "tokenizer"}, "decoding": {"temperature": 0.2, "top_p": null, "top_k": null, "max_tokens": 120, "seed": 42}, "prompt_tokens": 172, "completion_tokens": 120, "total_tokens": 292, "token_count_source": "tokenizer", "diffusion_steps": null, "flops_estimate": null, "flops_arch": null, "flops_model_params": null, "flops_active_params": null, "tokens_non_final": 3, "tokens_reasoning": 0, "tokens_response": 3, "elapsed_seconds": 50.05375051498413, "judgement": "Way off"}
{"id": "fermi_000203", "topic": "fermi", "subtopic": "crowd_density", "prompt": "A plaza is about 50 m by 20 m, with roughly 4 people per square meter. About how many people are there?", "exact_value": 4000, "model": "Dream-org/Dream-v0-Instruct-7B", "provider": "transformers", "response": "Final answer: 400", "numeric_answer": 400.0, "relative_error": 0.9, "thinking_text": null, "has_tool_call": false, "tool_call": null, "usage": {"prompt_tokens": 172, "completion_tokens": 120, "total_tokens": 292, "token_count_source": "tokenizer"}, "decoding": {"temperature": 0.2, "top_p": null, "top_k": null, "max_tokens": 120, "seed": 42}, "prompt_tokens": 172, "completion_tokens": 120, "total_tokens": 292, "token_count_source": "tokenizer", "diffusion_steps": null, "flops_estimate": null, "flops_arch": null, "flops_model_params": null, "flops_active_params": null, "tokens_non_final": 3, "tokens_reasoning": 0, "tokens_response": 3, "elapsed_seconds": 50.05375051498413, "judgement": "Way off"}
{"id": "fermi_000223", "topic": "fermi", "subtopic": "crowd_density", "prompt": "A plaza is about 40 m by 20 m, with roughly 1 people per square meter. About how many people are there?", "exact_value": 800, "model": "Dream-org/Dream-v0-Instruct-7B", "provider": "transformers", "response": "Final answer: 800", "numeric_answer": 800.0, "relative_error": 0.0, "thinking_text": null, "has_tool_call": false, "tool_call": null, "usage": {"prompt_tokens": 172, "completion_tokens": 120, "total_tokens": 292, "token_count_source": "tokenizer"}, "decoding": {"temperature": 0.2, "top_p": null, "top_k": null, "max_tokens": 120, "seed": 42}, "prompt_tokens": 172, "completion_tokens": 120, "total_tokens": 292, "token_count_source": "tokenizer", "diffusion_steps": null, "flops_estimate": null, "flops_arch": null, "flops_model_params": null, "flops_active_params": null, "tokens_non_final": 3, "tokens_reasoning": 0, "tokens_response": 3, "elapsed_seconds": 50.04804873466492, "judgement": "Exact math"}
{"id": "fermi_000243", "topic": "fermi", "subtopic": "crowd_density", "prompt": "A plaza is about 50 m by 35 m, with roughly 1 people per square meter. About how many people are there?", "exact_value": 1750, "model": "Dream-org/Dream-v0-Instruct-7B", "provider": "transformers", "response": "Final answer: 1750", "numeric_answer": 1750.0, "relative_error": 0.0, "thinking_text": null, "has_tool_call": false, "tool_call": null, "usage": {"prompt_tokens": 172, "completion_tokens": 120, "total_tokens": 292, "token_count_source": "tokenizer"}, "decoding": {"temperature": 0.2, "top_p": null, "top_k": null, "max_tokens": 120, "seed": 42}, "prompt_tokens": 172, "completion_tokens": 120, "total_tokens": 292, "token_count_source": "tokenizer", "diffusion_steps": null, "flops_estimate": null, "flops_arch": null, "flops_model_params": null, "flops_active_params": null, "tokens_non_final": 3, "tokens_reasoning": 0, "tokens_response": 3, "elapsed_seconds": 50.04804873466492, "judgement": "Exact math"}
{"id": "fermi_000263", "topic": "fermi", "subtopic": "crowd_density", "prompt": "A plaza is about 40 m by 30 m, with roughly 1 people per square meter. About how many people are there?", "exact_value": 1200, "model": "Dream-org/Dream-v0-Instruct-7B", "provider": "transformers", "response": "Final answer: 1200", "numeric_answer": 1200.0, "relative_error": 0.0, "thinking_text": null, "has_tool_call": false, "tool_call": null, "usage": {"prompt_tokens": 172, "completion_tokens": 120, "total_tokens": 292, "token_count_source": "tokenizer"}, "decoding": {"temperature": 0.2, "top_p": null, "top_k": null, "max_tokens": 120, "seed": 42}, "prompt_tokens": 172, "completion_tokens": 120, "total_tokens": 292, "token_count_source": "tokenizer", "diffusion_steps": null, "flops_estimate": null, "flops_arch": null, "flops_model_params": null, "flops_active_params": null, "tokens_non_final": 3, "tokens_reasoning": 0, "tokens_response": 3, "elapsed_seconds": 50.04804873466492, "judgement": "Exact math"}
{"id": "fermi_000283", "topic": "fermi", "subtopic": "crowd_density", "prompt": "A plaza is about 40 m by 20 m, with roughly 1 people per square meter. About how many people are there?", "exact_value": 800, "model": "Dream-org/Dream-v0-Instruct-7B", "provider": "transformers", "response": "Final answer: 800", "numeric_answer": 800.0, "relative_error": 0.0, "thinking_text": null, "has_tool_call": false, "tool_call": null, "usage": {"prompt_tokens": 172, "completion_tokens": 120, "total_tokens": 292, "token_count_source": "tokenizer"}, "decoding": {"temperature": 0.2, "top_p": null, "top_k": null, "max_tokens": 120, "seed": 42}, "prompt_tokens": 172, "completion_tokens": 120, "total_tokens": 292, "token_count_source": "tokenizer", "diffusion_steps": null, "flops_estimate": null, "flops_arch": null, "flops_model_params": null, "flops_active_params": null, "tokens_non_final": 3, "tokens_reasoning": 0, "tokens_response": 3, "elapsed_seconds": 50.04804873466492, "judgement": "Exact math"}
{"id": "fermi_000303", "topic": "fermi", "subtopic": "crowd_density", "prompt": "A plaza is about 70 m by 25 m, with roughly 3 people per square meter. About how many people are there?", "exact_value": 5250, "model": "Dream-org/Dream-v0-Instruct-7B", "provider": "transformers", "response": "Final answer: 1500", "numeric_answer": 1500.0, "relative_error": 0.7142857142857143, "thinking_text": null, "has_tool_call": false, "tool_call": null, "usage": {"prompt_tokens": 172, "completion_tokens": 120, "total_tokens": 292, "token_count_source": "tokenizer"}, "decoding": {"temperature": 0.2, "top_p": null, "top_k": null, "max_tokens": 120, "seed": 42}, "prompt_tokens": 172, "completion_tokens": 120, "total_tokens": 292, "token_count_source": "tokenizer", "diffusion_steps": null, "flops_estimate": null, "flops_arch": null, "flops_model_params": null, "flops_active_params": null, "tokens_non_final": 3, "tokens_reasoning": 0, "tokens_response": 3, "elapsed_seconds": 50.067068576812744, "judgement": "Way off"}
{"id": "fermi_000323", "topic": "fermi", "subtopic": "crowd_density", "prompt": "A plaza is about 70 m by 20 m, with roughly 3 people per square meter. About how many people are there?", "exact_value": 4200, "model": "Dream-org/Dream-v0-Instruct-7B", "provider": "transformers", "response": "Final answer: 420", "numeric_answer": 420.0, "relative_error": 0.9, "thinking_text": null, "has_tool_call": false, "tool_call": null, "usage": {"prompt_tokens": 172, "completion_tokens": 120, "total_tokens": 292, "token_count_source": "tokenizer"}, "decoding": {"temperature": 0.2, "top_p": null, "top_k": null, "max_tokens": 120, "seed": 42}, "prompt_tokens": 172, "completion_tokens": 120, "total_tokens": 292, "token_count_source": "tokenizer", "diffusion_steps": null, "flops_estimate": null, "flops_arch": null, "flops_model_params": null, "flops_active_params": null, "tokens_non_final": 3, "tokens_reasoning": 0, "tokens_response": 3, "elapsed_seconds": 50.067068576812744, "judgement": "Way off"}
{"id": "fermi_000343", "topic": "fermi", "subtopic": "crowd_density", "prompt": "A plaza is about 60 m by 30 m, with roughly 4 people per square meter. About how many people are there?", "exact_value": 7200, "model": "Dream-org/Dream-v0-Instruct-7B", "provider": "transformers", "response": "Final answer: 7200", "numeric_answer": 7200.0, "relative_error": 0.0, "thinking_text": null, "has_tool_call": false, "tool_call": null, "usage": {"prompt_tokens": 172, "completion_tokens": 120, "total_tokens": 292, "token_count_source": "tokenizer"}, "decoding": {"temperature": 0.2, "top_p": null, "top_k": null, "max_tokens": 120, "seed": 42}, "prompt_tokens": 172, "completion_tokens": 120, "total_tokens": 292, "token_count_source": "tokenizer", "diffusion_steps": null, "flops_estimate": null, "flops_arch": null, "flops_model_params": null, "flops_active_params": null, "tokens_non_final": 3, "tokens_reasoning": 0, "tokens_response": 3, "elapsed_seconds": 50.067068576812744, "judgement": "Exact math"}
{"id": "fermi_000363", "topic": "fermi", "subtopic": "crowd_density", "prompt": "A plaza is about 70 m by 20 m, with roughly 1 people per square meter. About how many people are there?", "exact_value": 1400, "model": "Dream-org/Dream-v0-Instruct-7B", "provider": "transformers", "response": "Final answer: 1400", "numeric_answer": 1400.0, "relative_error": 0.0, "thinking_text": null, "has_tool_call": false, "tool_call": null, "usage": {"prompt_tokens": 172, "completion_tokens": 120, "total_tokens": 292, "token_count_source": "tokenizer"}, "decoding": {"temperature": 0.2, "top_p": null, "top_k": null, "max_tokens": 120, "seed": 42}, "prompt_tokens": 172, "completion_tokens": 120, "total_tokens": 292, "token_count_source": "tokenizer", "diffusion_steps": null, "flops_estimate": null, "flops_arch": null, "flops_model_params": null, "flops_active_params": null, "tokens_non_final": 3, "tokens_reasoning": 0, "tokens_response": 3, "elapsed_seconds": 50.067068576812744, "judgement": "Exact math"}
{"id": "fermi_000383", "topic": "fermi", "subtopic": "crowd_density", "prompt": "A plaza is about 30 m by 30 m, with roughly 1 people per square meter. About how many people are there?", "exact_value": 900, "model": "Dream-org/Dream-v0-Instruct-7B", "provider": "transformers", "response": "Final answer: 900", "numeric_answer": 900.0, "relative_error": 0.0, "thinking_text": null, "has_tool_call": false, "tool_call": null, "usage": {"prompt_tokens": 172, "completion_tokens": 120, "total_tokens": 292, "token_count_source": "tokenizer"}, "decoding": {"temperature": 0.2, "top_p": null, "top_k": null, "max_tokens": 120, "seed": 42}, "prompt_tokens": 172, "completion_tokens": 120, "total_tokens": 292, "token_count_source": "tokenizer", "diffusion_steps": null, "flops_estimate": null, "flops_arch": null, "flops_model_params": null, "flops_active_params": null, "tokens_non_final": 3, "tokens_reasoning": 0, "tokens_response": 3, "elapsed_seconds": 50.05699181556702, "judgement": "Exact math"}
{"id": "fermi_000403", "topic": "fermi", "subtopic": "crowd_density", "prompt": "A plaza is about 40 m by 30 m, with roughly 2 people per square meter. About how many people are there?", "exact_value": 2400, "model": "Dream-org/Dream-v0-Instruct-7B", "provider": "transformers", "response": "Final answer: 240", "numeric_answer": 240.0, "relative_error": 0.9, "thinking_text": null, "has_tool_call": false, "tool_call": null, "usage": {"prompt_tokens": 172, "completion_tokens": 120, "total_tokens": 292, "token_count_source": "tokenizer"}, "decoding": {"temperature": 0.2, "top_p": null, "top_k": null, "max_tokens": 120, "seed": 42}, "prompt_tokens": 172, "completion_tokens": 120, "total_tokens": 292, "token_count_source": "tokenizer", "diffusion_steps": null, "flops_estimate": null, "flops_arch": null, "flops_model_params": null, "flops_active_params": null, "tokens_non_final": 3, "tokens_reasoning": 0, "tokens_response": 3, "elapsed_seconds": 50.05699181556702, "judgement": "Way off"}
{"id": "fermi_000423", "topic": "fermi", "subtopic": "crowd_density", "prompt": "A plaza is about 70 m by 20 m, with roughly 1 people per square meter. About how many people are there?", "exact_value": 1400, "model": "Dream-org/Dream-v0-Instruct-7B", "provider": "transformers", "response": "Final answer: 1400", "numeric_answer": 1400.0, "relative_error": 0.0, "thinking_text": null, "has_tool_call": false, "tool_call": null, "usage": {"prompt_tokens": 172, "completion_tokens": 120, "total_tokens": 292, "token_count_source": "tokenizer"}, "decoding": {"temperature": 0.2, "top_p": null, "top_k": null, "max_tokens": 120, "seed": 42}, "prompt_tokens": 172, "completion_tokens": 120, "total_tokens": 292, "token_count_source": "tokenizer", "diffusion_steps": null, "flops_estimate": null, "flops_arch": null, "flops_model_params": null, "flops_active_params": null, "tokens_non_final": 3, "tokens_reasoning": 0, "tokens_response": 3, "elapsed_seconds": 50.05699181556702, "judgement": "Exact math"}
{"id": "fermi_000443", "topic": "fermi", "subtopic": "crowd_density", "prompt": "A plaza is about 30 m by 30 m, with roughly 4 people per square meter. About how many people are there?", "exact_value": 3600, "model": "Dream-org/Dream-v0-Instruct-7B", "provider": "transformers", "response": "Final answer: 360", "numeric_answer": 360.0, "relative_error": 0.9, "thinking_text": null, "has_tool_call": false, "tool_call": null, "usage": {"prompt_tokens": 172, "completion_tokens": 120, "total_tokens": 292, "token_count_source": "tokenizer"}, "decoding": {"temperature": 0.2, "top_p": null, "top_k": null, "max_tokens": 120, "seed": 42}, "prompt_tokens": 172, "completion_tokens": 120, "total_tokens": 292, "token_count_source": "tokenizer", "diffusion_steps": null, "flops_estimate": null, "flops_arch": null, "flops_model_params": null, "flops_active_params": null, "tokens_non_final": 3, "tokens_reasoning": 0, "tokens_response": 3, "elapsed_seconds": 50.05699181556702, "judgement": "Way off"}
{"id": "fermi_000463", "topic": "fermi", "subtopic": "crowd_density", "prompt": "A plaza is about 60 m by 25 m, with roughly 3 people per square meter. About how many people are there?", "exact_value": 4500, "model": "Dream-org/Dream-v0-Instruct-7B", "provider": "transformers", "response": "Final answer: 4500", "numeric_answer": 4500.0, "relative_error": 0.0, "thinking_text": null, "has_tool_call": false, "tool_call": null, "usage": {"prompt_tokens": 172, "completion_tokens": 120, "total_tokens": 292, "token_count_source": "tokenizer"}, "decoding": {"temperature": 0.2, "top_p": null, "top_k": null, "max_tokens": 120, "seed": 42}, "prompt_tokens": 172, "completion_tokens": 120, "total_tokens": 292, "token_count_source": "tokenizer", "diffusion_steps": null, "flops_estimate": null, "flops_arch": null, "flops_model_params": null, "flops_active_params": null, "tokens_non_final": 3, "tokens_reasoning": 0, "tokens_response": 3, "elapsed_seconds": 49.92669200897217, "judgement": "Exact math"}
{"id": "fermi_000483", "topic": "fermi", "subtopic": "crowd_density", "prompt": "A plaza is about 70 m by 30 m, with roughly 2 people per square meter. About how many people are there?", "exact_value": 4200, "model": "Dream-org/Dream-v0-Instruct-7B", "provider": "transformers", "response": "Final answer: 4200", "numeric_answer": 4200.0, "relative_error": 0.0, "thinking_text": null, "has_tool_call": false, "tool_call": null, "usage": {"prompt_tokens": 172, "completion_tokens": 120, "total_tokens": 292, "token_count_source": "tokenizer"}, "decoding": {"temperature": 0.2, "top_p": null, "top_k": null, "max_tokens": 120, "seed": 42}, "prompt_tokens": 172, "completion_tokens": 120, "total_tokens": 292, "token_count_source": "tokenizer", "diffusion_steps": null, "flops_estimate": null, "flops_arch": null, "flops_model_params": null, "flops_active_params": null, "tokens_non_final": 3, "tokens_reasoning": 0, "tokens_response": 3, "elapsed_seconds": 49.92669200897217, "judgement": "Exact math"}
{"id": "fermi_000503", "topic": "fermi", "subtopic": "crowd_density", "prompt": "A plaza is about 40 m by 25 m, with roughly 4 people per square meter. About how many people are there?", "exact_value": 4000, "model": "Dream-org/Dream-v0-Instruct-7B", "provider": "transformers", "response": "Final answer: 4000", "numeric_answer": 4000.0, "relative_error": 0.0, "thinking_text": null, "has_tool_call": false, "tool_call": null, "usage": {"prompt_tokens": 172, "completion_tokens": 120, "total_tokens": 292, "token_count_source": "tokenizer"}, "decoding": {"temperature": 0.2, "top_p": null, "top_k": null, "max_tokens": 120, "seed": 42}, "prompt_tokens": 172, "completion_tokens": 120, "total_tokens": 292, "token_count_source": "tokenizer", "diffusion_steps": null, "flops_estimate": null, "flops_arch": null, "flops_model_params": null, "flops_active_params": null, "tokens_non_final": 3, "tokens_reasoning": 0, "tokens_response": 3, "elapsed_seconds": 49.92669200897217, "judgement": "Exact math"}
{"id": "fermi_000523", "topic": "fermi", "subtopic": "crowd_density", "prompt": "A plaza is about 50 m by 35 m, with roughly 4 people per square meter. About how many people are there?", "exact_value": 7000, "model": "Dream-org/Dream-v0-Instruct-7B", "provider": "transformers", "response": "Final answer: 1400", "numeric_answer": 1400.0, "relative_error": 0.8, "thinking_text": null, "has_tool_call": false, "tool_call": null, "usage": {"prompt_tokens": 172, "completion_tokens": 120, "total_tokens": 292, "token_count_source": "tokenizer"}, "decoding": {"temperature": 0.2, "top_p": null, "top_k": null, "max_tokens": 120, "seed": 42}, "prompt_tokens": 172, "completion_tokens": 120, "total_tokens": 292, "token_count_source": "tokenizer", "diffusion_steps": null, "flops_estimate": null, "flops_arch": null, "flops_model_params": null, "flops_active_params": null, "tokens_non_final": 3, "tokens_reasoning": 0, "tokens_response": 3, "elapsed_seconds": 49.92669200897217, "judgement": "Way off"}
{"id": "fermi_000543", "topic": "fermi", "subtopic": "crowd_density", "prompt": "A plaza is about 40 m by 35 m, with roughly 2 people per square meter. About how many people are there?", "exact_value": 2800, "model": "Dream-org/Dream-v0-Instruct-7B", "provider": "transformers", "response": "Final answer: 280", "numeric_answer": 280.0, "relative_error": 0.9, "thinking_text": null, "has_tool_call": false, "tool_call": null, "usage": {"prompt_tokens": 172, "completion_tokens": 120, "total_tokens": 292, "token_count_source": "tokenizer"}, "decoding": {"temperature": 0.2, "top_p": null, "top_k": null, "max_tokens": 120, "seed": 42}, "prompt_tokens": 172, "completion_tokens": 120, "total_tokens": 292, "token_count_source": "tokenizer", "diffusion_steps": null, "flops_estimate": null, "flops_arch": null, "flops_model_params": null, "flops_active_params": null, "tokens_non_final": 3, "tokens_reasoning": 0, "tokens_response": 3, "elapsed_seconds": 49.70106625556946, "judgement": "Way off"}
{"id": "fermi_000563", "topic": "fermi", "subtopic": "crowd_density", "prompt": "A plaza is about 30 m by 30 m, with roughly 3 people per square meter. About how many people are there?", "exact_value": 2700, "model": "Dream-org/Dream-v0-Instruct-7B", "provider": "transformers", "response": "Final answer: 800", "numeric_answer": 800.0, "relative_error": 0.7037037037037037, "thinking_text": null, "has_tool_call": false, "tool_call": null, "usage": {"prompt_tokens": 172, "completion_tokens": 120, "total_tokens": 292, "token_count_source": "tokenizer"}, "decoding": {"temperature": 0.2, "top_p": null, "top_k": null, "max_tokens": 120, "seed": 42}, "prompt_tokens": 172, "completion_tokens": 120, "total_tokens": 292, "token_count_source": "tokenizer", "diffusion_steps": null, "flops_estimate": null, "flops_arch": null, "flops_model_params": null, "flops_active_params": null, "tokens_non_final": 3, "tokens_reasoning": 0, "tokens_response": 3, "elapsed_seconds": 49.70106625556946, "judgement": "Way off"}
{"id": "fermi_000583", "topic": "fermi", "subtopic": "crowd_density", "prompt": "A plaza is about 60 m by 25 m, with roughly 4 people per square meter. About how many people are there?", "exact_value": 6000, "model": "Dream-org/Dream-v0-Instruct-7B", "provider": "transformers", "response": "Final answer: 600", "numeric_answer": 600.0, "relative_error": 0.9, "thinking_text": null, "has_tool_call": false, "tool_call": null, "usage": {"prompt_tokens": 172, "completion_tokens": 120, "total_tokens": 292, "token_count_source": "tokenizer"}, "decoding": {"temperature": 0.2, "top_p": null, "top_k": null, "max_tokens": 120, "seed": 42}, "prompt_tokens": 172, "completion_tokens": 120, "total_tokens": 292, "token_count_source": "tokenizer", "diffusion_steps": null, "flops_estimate": null, "flops_arch": null, "flops_model_params": null, "flops_active_params": null, "tokens_non_final": 3, "tokens_reasoning": 0, "tokens_response": 3, "elapsed_seconds": 49.70106625556946, "judgement": "Way off"}
{"id": "fermi_000603", "topic": "fermi", "subtopic": "crowd_density", "prompt": "A plaza is about 70 m by 25 m, with roughly 3 people per square meter. About how many people are there?", "exact_value": 5250, "model": "Dream-org/Dream-v0-Instruct-7B", "provider": "transformers", "response": "Final answer: 525", "numeric_answer": 525.0, "relative_error": 0.9, "thinking_text": null, "has_tool_call": false, "tool_call": null, "usage": {"prompt_tokens": 172, "completion_tokens": 120, "total_tokens": 292, "token_count_source": "tokenizer"}, "decoding": {"temperature": 0.2, "top_p": null, "top_k": null, "max_tokens": 120, "seed": 42}, "prompt_tokens": 172, "completion_tokens": 120, "total_tokens": 292, "token_count_source": "tokenizer", "diffusion_steps": null, "flops_estimate": null, "flops_arch": null, "flops_model_params": null, "flops_active_params": null, "tokens_non_final": 3, "tokens_reasoning": 0, "tokens_response": 3, "elapsed_seconds": 49.70106625556946, "judgement": "Way off"}
{"id": "fermi_000623", "topic": "fermi", "subtopic": "crowd_density", "prompt": "A plaza is about 70 m by 35 m, with roughly 3 people per square meter. About how many people are there?", "exact_value": 7350, "model": "Dream-org/Dream-v0-Instruct-7B", "provider": "transformers", "response": "Final answer: 715", "numeric_answer": 715.0, "relative_error": 0.9027210884353741, "thinking_text": null, "has_tool_call": false, "tool_call": null, "usage": {"prompt_tokens": 172, "completion_tokens": 120, "total_tokens": 292, "token_count_source": "tokenizer"}, "decoding": {"temperature": 0.2, "top_p": null, "top_k": null, "max_tokens": 120, "seed": 42}, "prompt_tokens": 172, "completion_tokens": 120, "total_tokens": 292, "token_count_source": "tokenizer", "diffusion_steps": null, "flops_estimate": null, "flops_arch": null, "flops_model_params": null, "flops_active_params": null, "tokens_non_final": 3, "tokens_reasoning": 0, "tokens_response": 3, "elapsed_seconds": 49.66058135032654, "judgement": "Way off"}
{"id": "fermi_000643", "topic": "fermi", "subtopic": "crowd_density", "prompt": "A plaza is about 30 m by 25 m, with roughly 4 people per square meter. About how many people are there?", "exact_value": 3000, "model": "Dream-org/Dream-v0-Instruct-7B", "provider": "transformers", "response": "Final answer: 300", "numeric_answer": 300.0, "relative_error": 0.9, "thinking_text": null, "has_tool_call": false, "tool_call": null, "usage": {"prompt_tokens": 172, "completion_tokens": 120, "total_tokens": 292, "token_count_source": "tokenizer"}, "decoding": {"temperature": 0.2, "top_p": null, "top_k": null, "max_tokens": 120, "seed": 42}, "prompt_tokens": 172, "completion_tokens": 120, "total_tokens": 292, "token_count_source": "tokenizer", "diffusion_steps": null, "flops_estimate": null, "flops_arch": null, "flops_model_params": null, "flops_active_params": null, "tokens_non_final": 3, "tokens_reasoning": 0, "tokens_response": 3, "elapsed_seconds": 49.66058135032654, "judgement": "Way off"}
{"id": "fermi_000663", "topic": "fermi", "subtopic": "crowd_density", "prompt": "A plaza is about 30 m by 25 m, with roughly 2 people per square meter. About how many people are there?", "exact_value": 1500, "model": "Dream-org/Dream-v0-Instruct-7B", "provider": "transformers", "response": "Final answer: 750", "numeric_answer": 750.0, "relative_error": 0.5, "thinking_text": null, "has_tool_call": false, "tool_call": null, "usage": {"prompt_tokens": 172, "completion_tokens": 120, "total_tokens": 292, "token_count_source": "tokenizer"}, "decoding": {"temperature": 0.2, "top_p": null, "top_k": null, "max_tokens": 120, "seed": 42}, "prompt_tokens": 172, "completion_tokens": 120, "total_tokens": 292, "token_count_source": "tokenizer", "diffusion_steps": null, "flops_estimate": null, "flops_arch": null, "flops_model_params": null, "flops_active_params": null, "tokens_non_final": 3, "tokens_reasoning": 0, "tokens_response": 3, "elapsed_seconds": 49.66058135032654, "judgement": "Mildly off"}
{"id": "fermi_000683", "topic": "fermi", "subtopic": "crowd_density", "prompt": "A plaza is about 70 m by 35 m, with roughly 1 people per square meter. About how many people are there?", "exact_value": 2450, "model": "Dream-org/Dream-v0-Instruct-7B", "provider": "transformers", "response": "Final answer: 2500", "numeric_answer": 2500.0, "relative_error": 0.02040816326530612, "thinking_text": null, "has_tool_call": false, "tool_call": null, "usage": {"prompt_tokens": 172, "completion_tokens": 120, "total_tokens": 292, "token_count_source": "tokenizer"}, "decoding": {"temperature": 0.2, "top_p": null, "top_k": null, "max_tokens": 120, "seed": 42}, "prompt_tokens": 172, "completion_tokens": 120, "total_tokens": 292, "token_count_source": "tokenizer", "diffusion_steps": null, "flops_estimate": null, "flops_arch": null, "flops_model_params": null, "flops_active_params": null, "tokens_non_final": 3, "tokens_reasoning": 0, "tokens_response": 3, "elapsed_seconds": 49.66058135032654, "judgement": "Good approximation"}
{"id": "fermi_000703", "topic": "fermi", "subtopic": "crowd_density", "prompt": "A plaza is about 40 m by 25 m, with roughly 1 people per square meter. About how many people are there?", "exact_value": 1000, "model": "Dream-org/Dream-v0-Instruct-7B", "provider": "transformers", "response": "Final answer: 1000", "numeric_answer": 1000.0, "relative_error": 0.0, "thinking_text": null, "has_tool_call": false, "tool_call": null, "usage": {"prompt_tokens": 172, "completion_tokens": 120, "total_tokens": 292, "token_count_source": "tokenizer"}, "decoding": {"temperature": 0.2, "top_p": null, "top_k": null, "max_tokens": 120, "seed": 42}, "prompt_tokens": 172, "completion_tokens": 120, "total_tokens": 292, "token_count_source": "tokenizer", "diffusion_steps": null, "flops_estimate": null, "flops_arch": null, "flops_model_params": null, "flops_active_params": null, "tokens_non_final": 3, "tokens_reasoning": 0, "tokens_response": 3, "elapsed_seconds": 49.61274790763855, "judgement": "Exact math"}
{"id": "fermi_000723", "topic": "fermi", "subtopic": "crowd_density", "prompt": "A plaza is about 50 m by 30 m, with roughly 4 people per square meter. About how many people are there?", "exact_value": 6000, "model": "Dream-org/Dream-v0-Instruct-7B", "provider": "transformers", "response": "Final answer: 600", "numeric_answer": 600.0, "relative_error": 0.9, "thinking_text": null, "has_tool_call": false, "tool_call": null, "usage": {"prompt_tokens": 172, "completion_tokens": 120, "total_tokens": 292, "token_count_source": "tokenizer"}, "decoding": {"temperature": 0.2, "top_p": null, "top_k": null, "max_tokens": 120, "seed": 42}, "prompt_tokens": 172, "completion_tokens": 120, "total_tokens": 292, "token_count_source": "tokenizer", "diffusion_steps": null, "flops_estimate": null, "flops_arch": null, "flops_model_params": null, "flops_active_params": null, "tokens_non_final": 3, "tokens_reasoning": 0, "tokens_response": 3, "elapsed_seconds": 49.61274790763855, "judgement": "Way off"}
{"id": "fermi_000743", "topic": "fermi", "subtopic": "crowd_density", "prompt": "A plaza is about 50 m by 25 m, with roughly 4 people per square meter. About how many people are there?", "exact_value": 5000, "model": "Dream-org/Dream-v0-Instruct-7B", "provider": "transformers", "response": "Final answer: 5000", "numeric_answer": 5000.0, "relative_error": 0.0, "thinking_text": null, "has_tool_call": false, "tool_call": null, "usage": {"prompt_tokens": 172, "completion_tokens": 120, "total_tokens": 292, "token_count_source": "tokenizer"}, "decoding": {"temperature": 0.2, "top_p": null, "top_k": null, "max_tokens": 120, "seed": 42}, "prompt_tokens": 172, "completion_tokens": 120, "total_tokens": 292, "token_count_source": "tokenizer", "diffusion_steps": null, "flops_estimate": null, "flops_arch": null, "flops_model_params": null, "flops_active_params": null, "tokens_non_final": 3, "tokens_reasoning": 0, "tokens_response": 3, "elapsed_seconds": 49.61274790763855, "judgement": "Exact math"}
{"id": "fermi_000763", "topic": "fermi", "subtopic": "crowd_density", "prompt": "A plaza is about 60 m by 35 m, with roughly 4 people per square meter. About how many people are there?", "exact_value": 8400, "model": "Dream-org/Dream-v0-Instruct-7B", "provider": "transformers", "response": "Final answer: 8400", "numeric_answer": 8400.0, "relative_error": 0.0, "thinking_text": null, "has_tool_call": false, "tool_call": null, "usage": {"prompt_tokens": 172, "completion_tokens": 120, "total_tokens": 292, "token_count_source": "tokenizer"}, "decoding": {"temperature": 0.2, "top_p": null, "top_k": null, "max_tokens": 120, "seed": 42}, "prompt_tokens": 172, "completion_tokens": 120, "total_tokens": 292, "token_count_source": "tokenizer", "diffusion_steps": null, "flops_estimate": null, "flops_arch": null, "flops_model_params": null, "flops_active_params": null, "tokens_non_final": 3, "tokens_reasoning": 0, "tokens_response": 3, "elapsed_seconds": 49.61274790763855, "judgement": "Exact math"}
{"id": "fermi_000783", "topic": "fermi", "subtopic": "crowd_density", "prompt": "A plaza is about 50 m by 25 m, with roughly 4 people per square meter. About how many people are there?", "exact_value": 5000, "model": "Dream-org/Dream-v0-Instruct-7B", "provider": "transformers", "response": "Final answer: 500", "numeric_answer": 500.0, "relative_error": 0.9, "thinking_text": null, "has_tool_call": false, "tool_call": null, "usage": {"prompt_tokens": 172, "completion_tokens": 120, "total_tokens": 292, "token_count_source": "tokenizer"}, "decoding": {"temperature": 0.2, "top_p": null, "top_k": null, "max_tokens": 120, "seed": 42}, "prompt_tokens": 172, "completion_tokens": 120, "total_tokens": 292, "token_count_source": "tokenizer", "diffusion_steps": null, "flops_estimate": null, "flops_arch": null, "flops_model_params": null, "flops_active_params": null, "tokens_non_final": 3, "tokens_reasoning": 0, "tokens_response": 3, "elapsed_seconds": 49.58279013633728, "judgement": "Way off"}
{"id": "fermi_000803", "topic": "fermi", "subtopic": "crowd_density", "prompt": "A plaza is about 30 m by 20 m, with roughly 2 people per square meter. About how many people are there?", "exact_value": 1200, "model": "Dream-org/Dream-v0-Instruct-7B", "provider": "transformers", "response": "Final answer: 120", "numeric_answer": 120.0, "relative_error": 0.9, "thinking_text": null, "has_tool_call": false, "tool_call": null, "usage": {"prompt_tokens": 172, "completion_tokens": 120, "total_tokens": 292, "token_count_source": "tokenizer"}, "decoding": {"temperature": 0.2, "top_p": null, "top_k": null, "max_tokens": 120, "seed": 42}, "prompt_tokens": 172, "completion_tokens": 120, "total_tokens": 292, "token_count_source": "tokenizer", "diffusion_steps": null, "flops_estimate": null, "flops_arch": null, "flops_model_params": null, "flops_active_params": null, "tokens_non_final": 3, "tokens_reasoning": 0, "tokens_response": 3, "elapsed_seconds": 49.58279013633728, "judgement": "Way off"}
{"id": "fermi_000823", "topic": "fermi", "subtopic": "crowd_density", "prompt": "A plaza is about 50 m by 20 m, with roughly 3 people per square meter. About how many people are there?", "exact_value": 3000, "model": "Dream-org/Dream-v0-Instruct-7B", "provider": "transformers", "response": "Final answer: 300", "numeric_answer": 300.0, "relative_error": 0.9, "thinking_text": null, "has_tool_call": false, "tool_call": null, "usage": {"prompt_tokens": 172, "completion_tokens": 120, "total_tokens": 292, "token_count_source": "tokenizer"}, "decoding": {"temperature": 0.2, "top_p": null, "top_k": null, "max_tokens": 120, "seed": 42}, "prompt_tokens": 172, "completion_tokens": 120, "total_tokens": 292, "token_count_source": "tokenizer", "diffusion_steps": null, "flops_estimate": null, "flops_arch": null, "flops_model_params": null, "flops_active_params": null, "tokens_non_final": 3, "tokens_reasoning": 0, "tokens_response": 3, "elapsed_seconds": 49.58279013633728, "judgement": "Way off"}
{"id": "fermi_000843", "topic": "fermi", "subtopic": "crowd_density", "prompt": "A plaza is about 40 m by 30 m, with roughly 2 people per square meter. About how many people are there?", "exact_value": 2400, "model": "Dream-org/Dream-v0-Instruct-7B", "provider": "transformers", "response": "Final answer: 240", "numeric_answer": 240.0, "relative_error": 0.9, "thinking_text": null, "has_tool_call": false, "tool_call": null, "usage": {"prompt_tokens": 172, "completion_tokens": 120, "total_tokens": 292, "token_count_source": "tokenizer"}, "decoding": {"temperature": 0.2, "top_p": null, "top_k": null, "max_tokens": 120, "seed": 42}, "prompt_tokens": 172, "completion_tokens": 120, "total_tokens": 292, "token_count_source": "tokenizer", "diffusion_steps": null, "flops_estimate": null, "flops_arch": null, "flops_model_params": null, "flops_active_params": null, "tokens_non_final": 3, "tokens_reasoning": 0, "tokens_response": 3, "elapsed_seconds": 49.58279013633728, "judgement": "Way off"}
{"id": "fermi_000863", "topic": "fermi", "subtopic": "crowd_density", "prompt": "A plaza is about 50 m by 35 m, with roughly 4 people per square meter. About how many people are there?", "exact_value": 7000, "model": "Dream-org/Dream-v0-Instruct-7B", "provider": "transformers", "response": "Final answer: 700", "numeric_answer": 700.0, "relative_error": 0.9, "thinking_text": null, "has_tool_call": false, "tool_call": null, "usage": {"prompt_tokens": 172, "completion_tokens": 120, "total_tokens": 292, "token_count_source": "tokenizer"}, "decoding": {"temperature": 0.2, "top_p": null, "top_k": null, "max_tokens": 120, "seed": 42}, "prompt_tokens": 172, "completion_tokens": 120, "total_tokens": 292, "token_count_source": "tokenizer", "diffusion_steps": null, "flops_estimate": null, "flops_arch": null, "flops_model_params": null, "flops_active_params": null, "tokens_non_final": 3, "tokens_reasoning": 0, "tokens_response": 3, "elapsed_seconds": 49.60264849662781, "judgement": "Way off"}
{"id": "fermi_000883", "topic": "fermi", "subtopic": "crowd_density", "prompt": "A plaza is about 60 m by 20 m, with roughly 4 people per square meter. About how many people are there?", "exact_value": 4800, "model": "Dream-org/Dream-v0-Instruct-7B", "provider": "transformers", "response": "Final answer: 4800", "numeric_answer": 4800.0, "relative_error": 0.0, "thinking_text": null, "has_tool_call": false, "tool_call": null, "usage": {"prompt_tokens": 172, "completion_tokens": 120, "total_tokens": 292, "token_count_source": "tokenizer"}, "decoding": {"temperature": 0.2, "top_p": null, "top_k": null, "max_tokens": 120, "seed": 42}, "prompt_tokens": 172, "completion_tokens": 120, "total_tokens": 292, "token_count_source": "tokenizer", "diffusion_steps": null, "flops_estimate": null, "flops_arch": null, "flops_model_params": null, "flops_active_params": null, "tokens_non_final": 3, "tokens_reasoning": 0, "tokens_response": 3, "elapsed_seconds": 49.60264849662781, "judgement": "Exact math"}
{"id": "fermi_000903", "topic": "fermi", "subtopic": "crowd_density", "prompt": "A plaza is about 60 m by 20 m, with roughly 1 people per square meter. About how many people are there?", "exact_value": 1200, "model": "Dream-org/Dream-v0-Instruct-7B", "provider": "transformers", "response": "Final answer: 1200", "numeric_answer": 1200.0, "relative_error": 0.0, "thinking_text": null, "has_tool_call": false, "tool_call": null, "usage": {"prompt_tokens": 172, "completion_tokens": 120, "total_tokens": 292, "token_count_source": "tokenizer"}, "decoding": {"temperature": 0.2, "top_p": null, "top_k": null, "max_tokens": 120, "seed": 42}, "prompt_tokens": 172, "completion_tokens": 120, "total_tokens": 292, "token_count_source": "tokenizer", "diffusion_steps": null, "flops_estimate": null, "flops_arch": null, "flops_model_params": null, "flops_active_params": null, "tokens_non_final": 3, "tokens_reasoning": 0, "tokens_response": 3, "elapsed_seconds": 49.60264849662781, "judgement": "Exact math"}
{"id": "fermi_000923", "topic": "fermi", "subtopic": "crowd_density", "prompt": "A plaza is about 30 m by 20 m, with roughly 3 people per square meter. About how many people are there?", "exact_value": 1800, "model": "Dream-org/Dream-v0-Instruct-7B", "provider": "transformers", "response": "Final answer: 1800", "numeric_answer": 1800.0, "relative_error": 0.0, "thinking_text": null, "has_tool_call": false, "tool_call": null, "usage": {"prompt_tokens": 172, "completion_tokens": 120, "total_tokens": 292, "token_count_source": "tokenizer"}, "decoding": {"temperature": 0.2, "top_p": null, "top_k": null, "max_tokens": 120, "seed": 42}, "prompt_tokens": 172, "completion_tokens": 120, "total_tokens": 292, "token_count_source": "tokenizer", "diffusion_steps": null, "flops_estimate": null, "flops_arch": null, "flops_model_params": null, "flops_active_params": null, "tokens_non_final": 3, "tokens_reasoning": 0, "tokens_response": 3, "elapsed_seconds": 49.60264849662781, "judgement": "Exact math"}
{"id": "fermi_000943", "topic": "fermi", "subtopic": "crowd_density", "prompt": "A plaza is about 50 m by 25 m, with roughly 1 people per square meter. About how many people are there?", "exact_value": 1250, "model": "Dream-org/Dream-v0-Instruct-7B", "provider": "transformers", "response": "Final answer: 1250", "numeric_answer": 1250.0, "relative_error": 0.0, "thinking_text": null, "has_tool_call": false, "tool_call": null, "usage": {"prompt_tokens": 172, "completion_tokens": 120, "total_tokens": 292, "token_count_source": "tokenizer"}, "decoding": {"temperature": 0.2, "top_p": null, "top_k": null, "max_tokens": 120, "seed": 42}, "prompt_tokens": 172, "completion_tokens": 120, "total_tokens": 292, "token_count_source": "tokenizer", "diffusion_steps": null, "flops_estimate": null, "flops_arch": null, "flops_model_params": null, "flops_active_params": null, "tokens_non_final": 3, "tokens_reasoning": 0, "tokens_response": 3, "elapsed_seconds": 49.63094925880432, "judgement": "Exact math"}
{"id": "fermi_000963", "topic": "fermi", "subtopic": "crowd_density", "prompt": "A plaza is about 70 m by 35 m, with roughly 4 people per square meter. About how many people are there?", "exact_value": 9800, "model": "Dream-org/Dream-v0-Instruct-7B", "provider": "transformers", "response": "Final answer: 980", "numeric_answer": 980.0, "relative_error": 0.9, "thinking_text": null, "has_tool_call": false, "tool_call": null, "usage": {"prompt_tokens": 172, "completion_tokens": 120, "total_tokens": 292, "token_count_source": "tokenizer"}, "decoding": {"temperature": 0.2, "top_p": null, "top_k": null, "max_tokens": 120, "seed": 42}, "prompt_tokens": 172, "completion_tokens": 120, "total_tokens": 292, "token_count_source": "tokenizer", "diffusion_steps": null, "flops_estimate": null, "flops_arch": null, "flops_model_params": null, "flops_active_params": null, "tokens_non_final": 3, "tokens_reasoning": 0, "tokens_response": 3, "elapsed_seconds": 49.63094925880432, "judgement": "Way off"}
{"id": "fermi_000983", "topic": "fermi", "subtopic": "crowd_density", "prompt": "A plaza is about 50 m by 25 m, with roughly 3 people per square meter. About how many people are there?", "exact_value": 3750, "model": "Dream-org/Dream-v0-Instruct-7B", "provider": "transformers", "response": "Final answer: 375", "numeric_answer": 375.0, "relative_error": 0.9, "thinking_text": null, "has_tool_call": false, "tool_call": null, "usage": {"prompt_tokens": 172, "completion_tokens": 120, "total_tokens": 292, "token_count_source": "tokenizer"}, "decoding": {"temperature": 0.2, "top_p": null, "top_k": null, "max_tokens": 120, "seed": 42}, "prompt_tokens": 172, "completion_tokens": 120, "total_tokens": 292, "token_count_source": "tokenizer", "diffusion_steps": null, "flops_estimate": null, "flops_arch": null, "flops_model_params": null, "flops_active_params": null, "tokens_non_final": 3, "tokens_reasoning": 0, "tokens_response": 3, "elapsed_seconds": 49.63094925880432, "judgement": "Way off"}
{"id": "fermi_001003", "topic": "fermi", "subtopic": "crowd_density", "prompt": "A plaza is about 30 m by 25 m, with roughly 3 people per square meter. About how many people are there?", "exact_value": 2250, "model": "Dream-org/Dream-v0-Instruct-7B", "provider": "transformers", "response": "Final answer: 225", "numeric_answer": 225.0, "relative_error": 0.9, "thinking_text": null, "has_tool_call": false, "tool_call": null, "usage": {"prompt_tokens": 172, "completion_tokens": 120, "total_tokens": 292, "token_count_source": "tokenizer"}, "decoding": {"temperature": 0.2, "top_p": null, "top_k": null, "max_tokens": 120, "seed": 42}, "prompt_tokens": 172, "completion_tokens": 120, "total_tokens": 292, "token_count_source": "tokenizer", "diffusion_steps": null, "flops_estimate": null, "flops_arch": null, "flops_model_params": null, "flops_active_params": null, "tokens_non_final": 3, "tokens_reasoning": 0, "tokens_response": 3, "elapsed_seconds": 49.63094925880432, "judgement": "Way off"}
{"id": "fermi_001023", "topic": "fermi", "subtopic": "crowd_density", "prompt": "A plaza is about 30 m by 25 m, with roughly 2 people per square meter. About how many people are there?", "exact_value": 1500, "model": "Dream-org/Dream-v0-Instruct-7B", "provider": "transformers", "response": "Final answer: 1500", "numeric_answer": 1500.0, "relative_error": 0.0, "thinking_text": null, "has_tool_call": false, "tool_call": null, "usage": {"prompt_tokens": 172, "completion_tokens": 120, "total_tokens": 292, "token_count_source": "tokenizer"}, "decoding": {"temperature": 0.2, "top_p": null, "top_k": null, "max_tokens": 120, "seed": 42}, "prompt_tokens": 172, "completion_tokens": 120, "total_tokens": 292, "token_count_source": "tokenizer", "diffusion_steps": null, "flops_estimate": null, "flops_arch": null, "flops_model_params": null, "flops_active_params": null, "tokens_non_final": 3, "tokens_reasoning": 0, "tokens_response": 3, "elapsed_seconds": 50.213804721832275, "judgement": "Exact math"}
{"id": "fermi_001043", "topic": "fermi", "subtopic": "crowd_density", "prompt": "A plaza is about 60 m by 20 m, with roughly 3 people per square meter. About how many people are there?", "exact_value": 3600, "model": "Dream-org/Dream-v0-Instruct-7B", "provider": "transformers", "response": "Final answer: 360", "numeric_answer": 360.0, "relative_error": 0.9, "thinking_text": null, "has_tool_call": false, "tool_call": null, "usage": {"prompt_tokens": 172, "completion_tokens": 120, "total_tokens": 292, "token_count_source": "tokenizer"}, "decoding": {"temperature": 0.2, "top_p": null, "top_k": null, "max_tokens": 120, "seed": 42}, "prompt_tokens": 172, "completion_tokens": 120, "total_tokens": 292, "token_count_source": "tokenizer", "diffusion_steps": null, "flops_estimate": null, "flops_arch": null, "flops_model_params": null, "flops_active_params": null, "tokens_non_final": 3, "tokens_reasoning": 0, "tokens_response": 3, "elapsed_seconds": 50.213804721832275, "judgement": "Way off"}
{"id": "fermi_001063", "topic": "fermi", "subtopic": "crowd_density", "prompt": "A plaza is about 40 m by 20 m, with roughly 1 people per square meter. About how many people are there?", "exact_value": 800, "model": "Dream-org/Dream-v0-Instruct-7B", "provider": "transformers", "response": "Final answer: 800", "numeric_answer": 800.0, "relative_error": 0.0, "thinking_text": null, "has_tool_call": false, "tool_call": null, "usage": {"prompt_tokens": 172, "completion_tokens": 120, "total_tokens": 292, "token_count_source": "tokenizer"}, "decoding": {"temperature": 0.2, "top_p": null, "top_k": null, "max_tokens": 120, "seed": 42}, "prompt_tokens": 172, "completion_tokens": 120, "total_tokens": 292, "token_count_source": "tokenizer", "diffusion_steps": null, "flops_estimate": null, "flops_arch": null, "flops_model_params": null, "flops_active_params": null, "tokens_non_final": 3, "tokens_reasoning": 0, "tokens_response": 3, "elapsed_seconds": 50.213804721832275, "judgement": "Exact math"}
{"id": "travel_time_000108", "topic": "travel_time", "subtopic": "drive_time", "prompt": "You need to travel about 161 miles at around 55 mph. About how many hours will it take?", "exact_value": 2.92, "model": "Dream-org/Dream-v0-Instruct-7B", "provider": "transformers", "response": "<|im_end|>\n<|im_start|>assistant\nFinal answer: 3 hours", "numeric_answer": 3.0, "relative_error": 0.02739726027397263, "thinking_text": null, "has_tool_call": false, "tool_call": null, "usage": {"prompt_tokens": 167, "completion_tokens": 125, "total_tokens": 292, "token_count_source": "tokenizer"}, "decoding": {"temperature": 0.2, "top_p": null, "top_k": null, "max_tokens": 120, "seed": 42}, "prompt_tokens": 167, "completion_tokens": 125, "total_tokens": 292, "token_count_source": "tokenizer", "diffusion_steps": null, "flops_estimate": null, "flops_arch": null, "flops_model_params": null, "flops_active_params": null, "tokens_non_final": 6, "tokens_reasoning": 0, "tokens_response": 6, "elapsed_seconds": 50.213804721832275, "judgement": "Good approximation"}
{"id": "travel_time_000128", "topic": "travel_time", "subtopic": "drive_time", "prompt": "You need to travel about 11 miles at around 45 mph. About how many hours will it take?", "exact_value": 0.2511111111111111, "model": "Dream-org/Dream-v0-Instruct-7B", "provider": "transformers", "response": "Final answer: 0.2", "numeric_answer": 0.2, "relative_error": 0.20353982300884954, "thinking_text": null, "has_tool_call": false, "tool_call": null, "usage": {"prompt_tokens": 166, "completion_tokens": 121, "total_tokens": 287, "token_count_source": "tokenizer"}, "decoding": {"temperature": 0.2, "top_p": null, "top_k": null, "max_tokens": 120, "seed": 42}, "prompt_tokens": 166, "completion_tokens": 121, "total_tokens": 287, "token_count_source": "tokenizer", "diffusion_steps": null, "flops_estimate": null, "flops_arch": null, "flops_model_params": null, "flops_active_params": null, "tokens_non_final": 3, "tokens_reasoning": 0, "tokens_response": 3, "elapsed_seconds": 49.01721215248108, "judgement": "Mildly off"}
{"id": "travel_time_000148", "topic": "travel_time", "subtopic": "drive_time", "prompt": "You need to travel about 189 miles at around 45 mph. About how many hours will it take?", "exact_value": 4.202222222222222, "model": "Dream-org/Dream-v0-Instruct-7B", "provider": "transformers", "response": "Final answer: 4", "numeric_answer": 4.0, "relative_error": 0.04812268640930716, "thinking_text": null, "has_tool_call": false, "tool_call": null, "usage": {"prompt_tokens": 167, "completion_tokens": 120, "total_tokens": 287, "token_count_source": "tokenizer"}, "decoding": {"temperature": 0.2, "top_p": null, "top_k": null, "max_tokens": 120, "seed": 42}, "prompt_tokens": 167, "completion_tokens": 120, "total_tokens": 287, "token_count_source": "tokenizer", "diffusion_steps": null, "flops_estimate": null, "flops_arch": null, "flops_model_params": null, "flops_active_params": null, "tokens_non_final": 3, "tokens_reasoning": 0, "tokens_response": 3, "elapsed_seconds": 49.01721215248108, "judgement": "Good approximation"}
{"id": "travel_time_000168", "topic": "travel_time", "subtopic": "drive_time", "prompt": "You need to travel about 239 miles at around 45 mph. About how many hours will it take?", "exact_value": 5.304444444444444, "model": "Dream-org/Dream-v0-Instruct-7B", "provider": "transformers", "response": "Final answer: 5", "numeric_answer": 5.0, "relative_error": 0.0573942186845412, "thinking_text": null, "has_tool_call": false, "tool_call": null, "usage": {"prompt_tokens": 167, "completion_tokens": 120, "total_tokens": 287, "token_count_source": "tokenizer"}, "decoding": {"temperature": 0.2, "top_p": null, "top_k": null, "max_tokens": 120, "seed": 42}, "prompt_tokens": 167, "completion_tokens": 120, "total_tokens": 287, "token_count_source": "tokenizer", "diffusion_steps": null, "flops_estimate": null, "flops_arch": null, "flops_model_params": null, "flops_active_params": null, "tokens_non_final": 3, "tokens_reasoning": 0, "tokens_response": 3, "elapsed_seconds": 49.01721215248108, "judgement": "Good approximation"}
{"id": "travel_time_000188", "topic": "travel_time", "subtopic": "drive_time", "prompt": "You need to travel about 118 miles at around 45 mph. About how many hours will it take?", "exact_value": 2.6133333333333333, "model": "Dream-org/Dream-v0-Instruct-7B", "provider": "transformers", "response": "Final answer: 2.6", "numeric_answer": 2.6, "relative_error": 0.005102040816326478, "thinking_text": null, "has_tool_call": false, "tool_call": null, "usage": {"prompt_tokens": 167, "completion_tokens": 120, "total_tokens": 287, "token_count_source": "tokenizer"}, "decoding": {"temperature": 0.2, "top_p": null, "top_k": null, "max_tokens": 120, "seed": 42}, "prompt_tokens": 167, "completion_tokens": 120, "total_tokens": 287, "token_count_source": "tokenizer", "diffusion_steps": null, "flops_estimate": null, "flops_arch": null, "flops_model_params": null, "flops_active_params": null, "tokens_non_final": 3, "tokens_reasoning": 0, "tokens_response": 3, "elapsed_seconds": 49.01721215248108, "judgement": "Good approximation"}
{"id": "travel_time_000208", "topic": "travel_time", "subtopic": "drive_time", "prompt": "You need to travel about 224 miles at around 55 mph. About how many hours will it take?", "exact_value": 4.067272727272727, "model": "Dream-org/Dream-v0-Instruct-7B", "provider": "transformers", "response": "Final answer: 4", "numeric_answer": 4.0, "relative_error": 0.016540008940545397, "thinking_text": null, "has_tool_call": false, "tool_call": null, "usage": {"prompt_tokens": 167, "completion_tokens": 120, "total_tokens": 287, "token_count_source": "tokenizer"}, "decoding": {"temperature": 0.2, "top_p": null, "top_k": null, "max_tokens": 120, "seed": 42}, "prompt_tokens": 167, "completion_tokens": 120, "total_tokens": 287, "token_count_source": "tokenizer", "diffusion_steps": null, "flops_estimate": null, "flops_arch": null, "flops_model_params": null, "flops_active_params": null, "tokens_non_final": 3, "tokens_reasoning": 0, "tokens_response": 3, "elapsed_seconds": 49.01216244697571, "judgement": "Good approximation"}
{"id": "travel_time_000228", "topic": "travel_time", "subtopic": "drive_time", "prompt": "You need to travel about 37 miles at around 45 mph. About how many hours will it take?", "exact_value": 0.8222222222222222, "model": "Dream-org/Dream-v0-Instruct-7B", "provider": "transformers", "response": "Final answer: 0.8", "numeric_answer": 0.8, "relative_error": 0.02702702702702693, "thinking_text": null, "has_tool_call": false, "tool_call": null, "usage": {"prompt_tokens": 166, "completion_tokens": 121, "total_tokens": 287, "token_count_source": "tokenizer"}, "decoding": {"temperature": 0.2, "top_p": null, "top_k": null, "max_tokens": 120, "seed": 42}, "prompt_tokens": 166, "completion_tokens": 121, "total_tokens": 287, "token_count_source": "tokenizer", "diffusion_steps": null, "flops_estimate": null, "flops_arch": null, "flops_model_params": null, "flops_active_params": null, "tokens_non_final": 3, "tokens_reasoning": 0, "tokens_response": 3, "elapsed_seconds": 49.01216244697571, "judgement": "Good approximation"}
{"id": "travel_time_000248", "topic": "travel_time", "subtopic": "drive_time", "prompt": "You need to travel about 213 miles at around 35 mph. About how many hours will it take?", "exact_value": 6.082857142857143, "model": "Dream-org/Dream-v0-Instruct-7B", "provider": "transformers", "response": "Final answer: 6", "numeric_answer": 6.0, "relative_error": 0.013621418506340986, "thinking_text": null, "has_tool_call": false, "tool_call": null, "usage": {"prompt_tokens": 167, "completion_tokens": 120, "total_tokens": 287, "token_count_source": "tokenizer"}, "decoding": {"temperature": 0.2, "top_p": null, "top_k": null, "max_tokens": 120, "seed": 42}, "prompt_tokens": 167, "completion_tokens": 120, "total_tokens": 287, "token_count_source": "tokenizer", "diffusion_steps": null, "flops_estimate": null, "flops_arch": null, "flops_model_params": null, "flops_active_params": null, "tokens_non_final": 3, "tokens_reasoning": 0, "tokens_response": 3, "elapsed_seconds": 49.01216244697571, "judgement": "Good approximation"}
{"id": "travel_time_000268", "topic": "travel_time", "subtopic": "drive_time", "prompt": "You need to travel about 130 miles at around 35 mph. About how many hours will it take?", "exact_value": 3.7228571428571433, "model": "Dream-org/Dream-v0-Instruct-7B", "provider": "transformers", "response": "Final answer: 4", "numeric_answer": 4.0, "relative_error": 0.07444359171143503, "thinking_text": null, "has_tool_call": false, "tool_call": null, "usage": {"prompt_tokens": 167, "completion_tokens": 120, "total_tokens": 287, "token_count_source": "tokenizer"}, "decoding": {"temperature": 0.2, "top_p": null, "top_k": null, "max_tokens": 120, "seed": 42}, "prompt_tokens": 167, "completion_tokens": 120, "total_tokens": 287, "token_count_source": "tokenizer", "diffusion_steps": null, "flops_estimate": null, "flops_arch": null, "flops_model_params": null, "flops_active_params": null, "tokens_non_final": 3, "tokens_reasoning": 0, "tokens_response": 3, "elapsed_seconds": 49.01216244697571, "judgement": "Good approximation"}
{"id": "travel_time_000288", "topic": "travel_time", "subtopic": "drive_time", "prompt": "You need to travel about 182 miles at around 45 mph. About how many hours will it take?", "exact_value": 4.04, "model": "Dream-org/Dream-v0-Instruct-7B", "provider": "transformers", "response": "Final answer: 4", "numeric_answer": 4.0, "relative_error": 0.00990099009900991, "thinking_text": null, "has_tool_call": false, "tool_call": null, "usage": {"prompt_tokens": 167, "completion_tokens": 120, "total_tokens": 287, "token_count_source": "tokenizer"}, "decoding": {"temperature": 0.2, "top_p": null, "top_k": null, "max_tokens": 120, "seed": 42}, "prompt_tokens": 167, "completion_tokens": 120, "total_tokens": 287, "token_count_source": "tokenizer", "diffusion_steps": null, "flops_estimate": null, "flops_arch": null, "flops_model_params": null, "flops_active_params": null, "tokens_non_final": 3, "tokens_reasoning": 0, "tokens_response": 3, "elapsed_seconds": 48.4724338054657, "judgement": "Good approximation"}
{"id": "travel_time_000308", "topic": "travel_time", "subtopic": "drive_time", "prompt": "You need to travel about 220 miles at around 55 mph. About how many hours will it take?", "exact_value": 4.009090909090909, "model": "Dream-org/Dream-v0-Instruct-7B", "provider": "transformers", "response": "Final answer: 4", "numeric_answer": 4.0, "relative_error": 0.0022675736961450563, "thinking_text": null, "has_tool_call": false, "tool_call": null, "usage": {"prompt_tokens": 167, "completion_tokens": 120, "total_tokens": 287, "token_count_source": "tokenizer"}, "decoding": {"temperature": 0.2, "top_p": null, "top_k": null, "max_tokens": 120, "seed": 42}, "prompt_tokens": 167, "completion_tokens": 120, "total_tokens": 287, "token_count_source": "tokenizer", "diffusion_steps": null, "flops_estimate": null, "flops_arch": null, "flops_model_params": null, "flops_active_params": null, "tokens_non_final": 3, "tokens_reasoning": 0, "tokens_response": 3, "elapsed_seconds": 48.4724338054657, "judgement": "Good approximation"}
{"id": "travel_time_000328", "topic": "travel_time", "subtopic": "drive_time", "prompt": "You need to travel about 144 miles at around 65 mph. About how many hours will it take?", "exact_value": 2.2184615384615385, "model": "Dream-org/Dream-v0-Instruct-7B", "provider": "transformers", "response": "Final answer: 2.2", "numeric_answer": 2.2, "relative_error": 0.008321775312066505, "thinking_text": null, "has_tool_call": false, "tool_call": null, "usage": {"prompt_tokens": 167, "completion_tokens": 120, "total_tokens": 287, "token_count_source": "tokenizer"}, "decoding": {"temperature": 0.2, "top_p": null, "top_k": null, "max_tokens": 120, "seed": 42}, "prompt_tokens": 167, "completion_tokens": 120, "total_tokens": 287, "token_count_source": "tokenizer", "diffusion_steps": null, "flops_estimate": null, "flops_arch": null, "flops_model_params": null, "flops_active_params": null, "tokens_non_final": 3, "tokens_reasoning": 0, "tokens_response": 3, "elapsed_seconds": 48.4724338054657, "judgement": "Good approximation"}
{"id": "travel_time_000348", "topic": "travel_time", "subtopic": "drive_time", "prompt": "You need to travel about 215 miles at around 25 mph. About how many hours will it take?", "exact_value": 8.612, "model": "Dream-org/Dream-v0-Instruct-7B", "provider": "transformers", "response": "Final answer: 8", "numeric_answer": 8.0, "relative_error": 0.07106363214119833, "thinking_text": null, "has_tool_call": false, "tool_call": null, "usage": {"prompt_tokens": 167, "completion_tokens": 120, "total_tokens": 287, "token_count_source": "tokenizer"}, "decoding": {"temperature": 0.2, "top_p": null, "top_k": null, "max_tokens": 120, "seed": 42}, "prompt_tokens": 167, "completion_tokens": 120, "total_tokens": 287, "token_count_source": "tokenizer", "diffusion_steps": null, "flops_estimate": null, "flops_arch": null, "flops_model_params": null, "flops_active_params": null, "tokens_non_final": 3, "tokens_reasoning": 0, "tokens_response": 3, "elapsed_seconds": 48.4724338054657, "judgement": "Good approximation"}
{"id": "travel_time_000368", "topic": "travel_time", "subtopic": "drive_time", "prompt": "You need to travel about 173 miles at around 55 mph. About how many hours will it take?", "exact_value": 3.152727272727273, "model": "Dream-org/Dream-v0-Instruct-7B", "provider": "transformers", "response": "Final answer: 3", "numeric_answer": 3.0, "relative_error": 0.04844290657439449, "thinking_text": null, "has_tool_call": false, "tool_call": null, "usage": {"prompt_tokens": 167, "completion_tokens": 120, "total_tokens": 287, "token_count_source": "tokenizer"}, "decoding": {"temperature": 0.2, "top_p": null, "top_k": null, "max_tokens": 120, "seed": 42}, "prompt_tokens": 167, "completion_tokens": 120, "total_tokens": 287, "token_count_source": "tokenizer", "diffusion_steps": null, "flops_estimate": null, "flops_arch": null, "flops_model_params": null, "flops_active_params": null, "tokens_non_final": 3, "tokens_reasoning": 0, "tokens_response": 3, "elapsed_seconds": 49.04881429672241, "judgement": "Good approximation"}
{"id": "travel_time_000388", "topic": "travel_time", "subtopic": "drive_time", "prompt": "You need to travel about 73 miles at around 25 mph. About how many hours will it take?", "exact_value": 2.92, "model": "Dream-org/Dream-v0-Instruct-7B", "provider": "transformers", "response": "Final answer: 3", "numeric_answer": 3.0, "relative_error": 0.02739726027397263, "thinking_text": null, "has_tool_call": false, "tool_call": null, "usage": {"prompt_tokens": 166, "completion_tokens": 121, "total_tokens": 287, "token_count_source": "tokenizer"}, "decoding": {"temperature": 0.2, "top_p": null, "top_k": null, "max_tokens": 120, "seed": 42}, "prompt_tokens": 166, "completion_tokens": 121, "total_tokens": 287, "token_count_source": "tokenizer", "diffusion_steps": null, "flops_estimate": null, "flops_arch": null, "flops_model_params": null, "flops_active_params": null, "tokens_non_final": 3, "tokens_reasoning": 0, "tokens_response": 3, "elapsed_seconds": 49.04881429672241, "judgement": "Good approximation"}
{"id": "travel_time_000408", "topic": "travel_time", "subtopic": "drive_time", "prompt": "You need to travel about 66 miles at around 65 mph. About how many hours will it take?", "exact_value": 1.0215384615384617, "model": "Dream-org/Dream-v0-Instruct-7B", "provider": "transformers", "response": "Final answer: 1", "numeric_answer": 1.0, "relative_error": 0.021084337349397773, "thinking_text": null, "has_tool_call": false, "tool_call": null, "usage": {"prompt_tokens": 166, "completion_tokens": 121, "total_tokens": 287, "token_count_source": "tokenizer"}, "decoding": {"temperature": 0.2, "top_p": null, "top_k": null, "max_tokens": 120, "seed": 42}, "prompt_tokens": 166, "completion_tokens": 121, "total_tokens": 287, "token_count_source": "tokenizer", "diffusion_steps": null, "flops_estimate": null, "flops_arch": null, "flops_model_params": null, "flops_active_params": null, "tokens_non_final": 3, "tokens_reasoning": 0, "tokens_response": 3, "elapsed_seconds": 49.04881429672241, "judgement": "Good approximation"}
{"id": "travel_time_000428", "topic": "travel_time", "subtopic": "drive_time", "prompt": "You need to travel about 18 miles at around 65 mph. About how many hours will it take?", "exact_value": 0.27999999999999997, "model": "Dream-org/Dream-v0-Instruct-7B", "provider": "transformers", "response": "Final answer: 0.3", "numeric_answer": 0.3, "relative_error": 0.0714285714285715, "thinking_text": null, "has_tool_call": false, "tool_call": null, "usage": {"prompt_tokens": 166, "completion_tokens": 121, "total_tokens": 287, "token_count_source": "tokenizer"}, "decoding": {"temperature": 0.2, "top_p": null, "top_k": null, "max_tokens": 120, "seed": 42}, "prompt_tokens": 166, "completion_tokens": 121, "total_tokens": 287, "token_count_source": "tokenizer", "diffusion_steps": null, "flops_estimate": null, "flops_arch": null, "flops_model_params": null, "flops_active_params": null, "tokens_non_final": 3, "tokens_reasoning": 0, "tokens_response": 3, "elapsed_seconds": 49.04881429672241, "judgement": "Good approximation"}
{"id": "travel_time_000448", "topic": "travel_time", "subtopic": "drive_time", "prompt": "You need to travel about 208 miles at around 35 mph. About how many hours will it take?", "exact_value": 5.951428571428572, "model": "Dream-org/Dream-v0-Instruct-7B", "provider": "transformers", "response": "Final answer: 6", "numeric_answer": 6.0, "relative_error": 0.008161305808929339, "thinking_text": null, "has_tool_call": false, "tool_call": null, "usage": {"prompt_tokens": 167, "completion_tokens": 120, "total_tokens": 287, "token_count_source": "tokenizer"}, "decoding": {"temperature": 0.2, "top_p": null, "top_k": null, "max_tokens": 120, "seed": 42}, "prompt_tokens": 167, "completion_tokens": 120, "total_tokens": 287, "token_count_source": "tokenizer", "diffusion_steps": null, "flops_estimate": null, "flops_arch": null, "flops_model_params": null, "flops_active_params": null, "tokens_non_final": 3, "tokens_reasoning": 0, "tokens_response": 3, "elapsed_seconds": 49.05523490905762, "judgement": "Good approximation"}
{"id": "travel_time_000468", "topic": "travel_time", "subtopic": "drive_time", "prompt": "You need to travel about 49 miles at around 35 mph. About how many hours will it take?", "exact_value": 1.3885714285714286, "model": "Dream-org/Dream-v0-Instruct-7B", "provider": "transformers", "response": "Final answer: 1", "numeric_answer": 1.0, "relative_error": 0.27983539094650206, "thinking_text": null, "has_tool_call": false, "tool_call": null, "usage": {"prompt_tokens": 166, "completion_tokens": 121, "total_tokens": 287, "token_count_source": "tokenizer"}, "decoding": {"temperature": 0.2, "top_p": null, "top_k": null, "max_tokens": 120, "seed": 42}, "prompt_tokens": 166, "completion_tokens": 121, "total_tokens": 287, "token_count_source": "tokenizer", "diffusion_steps": null, "flops_estimate": null, "flops_arch": null, "flops_model_params": null, "flops_active_params": null, "tokens_non_final": 3, "tokens_reasoning": 0, "tokens_response": 3, "elapsed_seconds": 49.05523490905762, "judgement": "Mildly off"}
{"id": "travel_time_000488", "topic": "travel_time", "subtopic": "drive_time", "prompt": "You need to travel about 85 miles at around 55 mph. About how many hours will it take?", "exact_value": 1.5454545454545454, "model": "Dream-org/Dream-v0-Instruct-7B", "provider": "transformers", "response": "Final answer: 1.", "numeric_answer": 1.0, "relative_error": 0.3529411764705882, "thinking_text": null, "has_tool_call": false, "tool_call": null, "usage": {"prompt_tokens": 166, "completion_tokens": 121, "total_tokens": 287, "token_count_source": "tokenizer"}, "decoding": {"temperature": 0.2, "top_p": null, "top_k": null, "max_tokens": 120, "seed": 42}, "prompt_tokens": 166, "completion_tokens": 121, "total_tokens": 287, "token_count_source": "tokenizer", "diffusion_steps": null, "flops_estimate": null, "flops_arch": null, "flops_model_params": null, "flops_active_params": null, "tokens_non_final": 3, "tokens_reasoning": 0, "tokens_response": 3, "elapsed_seconds": 49.05523490905762, "judgement": "Mildly off"}
{"id": "travel_time_000508", "topic": "travel_time", "subtopic": "drive_time", "prompt": "You need to travel about 139 miles at around 35 mph. About how many hours will it take?", "exact_value": 3.9800000000000004, "model": "Dream-org/Dream-v0-Instruct-7B", "provider": "transformers", "response": "Final answer: 4", "numeric_answer": 4.0, "relative_error": 0.005025125628140596, "thinking_text": null, "has_tool_call": false, "tool_call": null, "usage": {"prompt_tokens": 167, "completion_tokens": 120, "total_tokens": 287, "token_count_source": "tokenizer"}, "decoding": {"temperature": 0.2, "top_p": null, "top_k": null, "max_tokens": 120, "seed": 42}, "prompt_tokens": 167, "completion_tokens": 120, "total_tokens": 287, "token_count_source": "tokenizer", "diffusion_steps": null, "flops_estimate": null, "flops_arch": null, "flops_model_params": null, "flops_active_params": null, "tokens_non_final": 3, "tokens_reasoning": 0, "tokens_response": 3, "elapsed_seconds": 49.05523490905762, "judgement": "Good approximation"}
{"id": "travel_time_000528", "topic": "travel_time", "subtopic": "drive_time", "prompt": "You need to travel about 203 miles at around 45 mph. About how many hours will it take?", "exact_value": 4.511111111111111, "model": "Dream-org/Dream-v0-Instruct-7B", "provider": "transformers", "response": "Final answer: 4", "numeric_answer": 4.0, "relative_error": 0.11330049261083742, "thinking_text": null, "has_tool_call": false, "tool_call": null, "usage": {"prompt_tokens": 167, "completion_tokens": 120, "total_tokens": 287, "token_count_source": "tokenizer"}, "decoding": {"temperature": 0.2, "top_p": null, "top_k": null, "max_tokens": 120, "seed": 42}, "prompt_tokens": 167, "completion_tokens": 120, "total_tokens": 287, "token_count_source": "tokenizer", "diffusion_steps": null, "flops_estimate": null, "flops_arch": null, "flops_model_params": null, "flops_active_params": null, "tokens_non_final": 3, "tokens_reasoning": 0, "tokens_response": 3, "elapsed_seconds": 49.03848481178284, "judgement": "Good approximation"}
{"id": "travel_time_000548", "topic": "travel_time", "subtopic": "drive_time", "prompt": "You need to travel about 71 miles at around 65 mph. About how many hours will it take?", "exact_value": 1.0953846153846154, "model": "Dream-org/Dream-v0-Instruct-7B", "provider": "transformers", "response": "Final answer: 1", "numeric_answer": 1.0, "relative_error": 0.08707865168539328, "thinking_text": null, "has_tool_call": false, "tool_call": null, "usage": {"prompt_tokens": 166, "completion_tokens": 121, "total_tokens": 287, "token_count_source": "tokenizer"}, "decoding": {"temperature": 0.2, "top_p": null, "top_k": null, "max_tokens": 120, "seed": 42}, "prompt_tokens": 166, "completion_tokens": 121, "total_tokens": 287, "token_count_source": "tokenizer", "diffusion_steps": null, "flops_estimate": null, "flops_arch": null, "flops_model_params": null, "flops_active_params": null, "tokens_non_final": 3, "tokens_reasoning": 0, "tokens_response": 3, "elapsed_seconds": 49.03848481178284, "judgement": "Good approximation"}
{"id": "travel_time_000568", "topic": "travel_time", "subtopic": "drive_time", "prompt": "You need to travel about 167 miles at around 45 mph. About how many hours will it take?", "exact_value": 3.7022222222222223, "model": "Dream-org/Dream-v0-Instruct-7B", "provider": "transformers", "response": "Final answer: 3.", "numeric_answer": 3.0, "relative_error": 0.18967587034813926, "thinking_text": null, "has_tool_call": false, "tool_call": null, "usage": {"prompt_tokens": 167, "completion_tokens": 120, "total_tokens": 287, "token_count_source": "tokenizer"}, "decoding": {"temperature": 0.2, "top_p": null, "top_k": null, "max_tokens": 120, "seed": 42}, "prompt_tokens": 167, "completion_tokens": 120, "total_tokens": 287, "token_count_source": "tokenizer", "diffusion_steps": null, "flops_estimate": null, "flops_arch": null, "flops_model_params": null, "flops_active_params": null, "tokens_non_final": 3, "tokens_reasoning": 0, "tokens_response": 3, "elapsed_seconds": 49.03848481178284, "judgement": "Good approximation"}
{"id": "travel_time_000588", "topic": "travel_time", "subtopic": "drive_time", "prompt": "You need to travel about 59 miles at around 25 mph. About how many hours will it take?", "exact_value": 2.344, "model": "Dream-org/Dream-v0-Instruct-7B", "provider": "transformers", "response": "Final answer: 2", "numeric_answer": 2.0, "relative_error": 0.14675767918088733, "thinking_text": null, "has_tool_call": false, "tool_call": null, "usage": {"prompt_tokens": 166, "completion_tokens": 121, "total_tokens": 287, "token_count_source": "tokenizer"}, "decoding": {"temperature": 0.2, "top_p": null, "top_k": null, "max_tokens": 120, "seed": 42}, "prompt_tokens": 166, "completion_tokens": 121, "total_tokens": 287, "token_count_source": "tokenizer", "diffusion_steps": null, "flops_estimate": null, "flops_arch": null, "flops_model_params": null, "flops_active_params": null, "tokens_non_final": 3, "tokens_reasoning": 0, "tokens_response": 3, "elapsed_seconds": 49.03848481178284, "judgement": "Good approximation"}
{"id": "travel_time_000608", "topic": "travel_time", "subtopic": "drive_time", "prompt": "You need to travel about 87 miles at around 25 mph. About how many hours will it take?", "exact_value": 3.468, "model": "Dream-org/Dream-v0-Instruct-7B", "provider": "transformers", "response": "Final answer: 4", "numeric_answer": 4.0, "relative_error": 0.15340253748558247, "thinking_text": null, "has_tool_call": false, "tool_call": null, "usage": {"prompt_tokens": 166, "completion_tokens": 121, "total_tokens": 287, "token_count_source": "tokenizer"}, "decoding": {"temperature": 0.2, "top_p": null, "top_k": null, "max_tokens": 120, "seed": 42}, "prompt_tokens": 166, "completion_tokens": 121, "total_tokens": 287, "token_count_source": "tokenizer", "diffusion_steps": null, "flops_estimate": null, "flops_arch": null, "flops_model_params": null, "flops_active_params": null, "tokens_non_final": 3, "tokens_reasoning": 0, "tokens_response": 3, "elapsed_seconds": 49.05222487449646, "judgement": "Good approximation"}
{"id": "travel_time_000628", "topic": "travel_time", "subtopic": "drive_time", "prompt": "You need to travel about 236 miles at around 45 mph. About how many hours will it take?", "exact_value": 5.2444444444444445, "model": "Dream-org/Dream-v0-Instruct-7B", "provider": "transformers", "response": "Final answer: 5", "numeric_answer": 5.0, "relative_error": 0.046610169491525424, "thinking_text": null, "has_tool_call": false, "tool_call": null, "usage": {"prompt_tokens": 167, "completion_tokens": 120, "total_tokens": 287, "token_count_source": "tokenizer"}, "decoding": {"temperature": 0.2, "top_p": null, "top_k": null, "max_tokens": 120, "seed": 42}, "prompt_tokens": 167, "completion_tokens": 120, "total_tokens": 287, "token_count_source": "tokenizer", "diffusion_steps": null, "flops_estimate": null, "flops_arch": null, "flops_model_params": null, "flops_active_params": null, "tokens_non_final": 3, "tokens_reasoning": 0, "tokens_response": 3, "elapsed_seconds": 49.05222487449646, "judgement": "Good approximation"}
{"id": "travel_time_000648", "topic": "travel_time", "subtopic": "drive_time", "prompt": "You need to travel about 202 miles at around 45 mph. About how many hours will it take?", "exact_value": 4.497777777777778, "model": "Dream-org/Dream-v0-Instruct-7B", "provider": "transformers", "response": "Final answer: 4", "numeric_answer": 4.0, "relative_error": 0.11067193675889339, "thinking_text": null, "has_tool_call": false, "tool_call": null, "usage": {"prompt_tokens": 167, "completion_tokens": 120, "total_tokens": 287, "token_count_source": "tokenizer"}, "decoding": {"temperature": 0.2, "top_p": null, "top_k": null, "max_tokens": 120, "seed": 42}, "prompt_tokens": 167, "completion_tokens": 120, "total_tokens": 287, "token_count_source": "tokenizer", "diffusion_steps": null, "flops_estimate": null, "flops_arch": null, "flops_model_params": null, "flops_active_params": null, "tokens_non_final": 3, "tokens_reasoning": 0, "tokens_response": 3, "elapsed_seconds": 49.05222487449646, "judgement": "Good approximation"}
{"id": "travel_time_000668", "topic": "travel_time", "subtopic": "drive_time", "prompt": "You need to travel about 140 miles at around 25 mph. About how many hours will it take?", "exact_value": 5.6160000000000005, "model": "Dream-org/Dream-v0-Instruct-7B", "provider": "transformers", "response": "Final answer: 5", "numeric_answer": 5.0, "relative_error": 0.10968660968660977, "thinking_text": null, "has_tool_call": false, "tool_call": null, "usage": {"prompt_tokens": 167, "completion_tokens": 120, "total_tokens": 287, "token_count_source": "tokenizer"}, "decoding": {"temperature": 0.2, "top_p": null, "top_k": null, "max_tokens": 120, "seed": 42}, "prompt_tokens": 167, "completion_tokens": 120, "total_tokens": 287, "token_count_source": "tokenizer", "diffusion_steps": null, "flops_estimate": null, "flops_arch": null, "flops_model_params": null, "flops_active_params": null, "tokens_non_final": 3, "tokens_reasoning": 0, "tokens_response": 3, "elapsed_seconds": 49.05222487449646, "judgement": "Good approximation"}
{"id": "travel_time_000688", "topic": "travel_time", "subtopic": "drive_time", "prompt": "You need to travel about 10 miles at around 65 mph. About how many hours will it take?", "exact_value": 0.1523076923076923, "model": "Dream-org/Dream-v0-Instruct-7B", "provider": "transformers", "response": "Final answer: 0.15", "numeric_answer": 0.15, "relative_error": 0.015151515151515207, "thinking_text": null, "has_tool_call": false, "tool_call": null, "usage": {"prompt_tokens": 166, "completion_tokens": 121, "total_tokens": 287, "token_count_source": "tokenizer"}, "decoding": {"temperature": 0.2, "top_p": null, "top_k": null, "max_tokens": 120, "seed": 42}, "prompt_tokens": 166, "completion_tokens": 121, "total_tokens": 287, "token_count_source": "tokenizer", "diffusion_steps": null, "flops_estimate": null, "flops_arch": null, "flops_model_params": null, "flops_active_params": null, "tokens_non_final": 3, "tokens_reasoning": 0, "tokens_response": 3, "elapsed_seconds": 48.9801971912384, "judgement": "Good approximation"}
{"id": "travel_time_000708", "topic": "travel_time", "subtopic": "drive_time", "prompt": "You need to travel about 187 miles at around 35 mph. About how many hours will it take?", "exact_value": 5.345714285714285, "model": "Dream-org/Dream-v0-Instruct-7B", "provider": "transformers", "response": "Final answer: 5", "numeric_answer": 5.0, "relative_error": 0.06467129877071076, "thinking_text": null, "has_tool_call": false, "tool_call": null, "usage": {"prompt_tokens": 167, "completion_tokens": 120, "total_tokens": 287, "token_count_source": "tokenizer"}, "decoding": {"temperature": 0.2, "top_p": null, "top_k": null, "max_tokens": 120, "seed": 42}, "prompt_tokens": 167, "completion_tokens": 120, "total_tokens": 287, "token_count_source": "tokenizer", "diffusion_steps": null, "flops_estimate": null, "flops_arch": null, "flops_model_params": null, "flops_active_params": null, "tokens_non_final": 3, "tokens_reasoning": 0, "tokens_response": 3, "elapsed_seconds": 48.9801971912384, "judgement": "Good approximation"}
{"id": "travel_time_000728", "topic": "travel_time", "subtopic": "drive_time", "prompt": "You need to travel about 85 miles at around 35 mph. About how many hours will it take?", "exact_value": 2.42, "model": "Dream-org/Dream-v0-Instruct-7B", "provider": "transformers", "response": "Final answer: 2", "numeric_answer": 2.0, "relative_error": 0.17355371900826444, "thinking_text": null, "has_tool_call": false, "tool_call": null, "usage": {"prompt_tokens": 166, "completion_tokens": 121, "total_tokens": 287, "token_count_source": "tokenizer"}, "decoding": {"temperature": 0.2, "top_p": null, "top_k": null, "max_tokens": 120, "seed": 42}, "prompt_tokens": 166, "completion_tokens": 121, "total_tokens": 287, "token_count_source": "tokenizer", "diffusion_steps": null, "flops_estimate": null, "flops_arch": null, "flops_model_params": null, "flops_active_params": null, "tokens_non_final": 3, "tokens_reasoning": 0, "tokens_response": 3, "elapsed_seconds": 48.9801971912384, "judgement": "Good approximation"}
{"id": "travel_time_000748", "topic": "travel_time", "subtopic": "drive_time", "prompt": "You need to travel about 45 miles at around 55 mph. About how many hours will it take?", "exact_value": 0.8200000000000001, "model": "Dream-org/Dream-v0-Instruct-7B", "provider": "transformers", "response": "Final answer: 8", "numeric_answer": 8.0, "relative_error": 8.75609756097561, "thinking_text": null, "has_tool_call": false, "tool_call": null, "usage": {"prompt_tokens": 166, "completion_tokens": 121, "total_tokens": 287, "token_count_source": "tokenizer"}, "decoding": {"temperature": 0.2, "top_p": null, "top_k": null, "max_tokens": 120, "seed": 42}, "prompt_tokens": 166, "completion_tokens": 121, "total_tokens": 287, "token_count_source": "tokenizer", "diffusion_steps": null, "flops_estimate": null, "flops_arch": null, "flops_model_params": null, "flops_active_params": null, "tokens_non_final": 3, "tokens_reasoning": 0, "tokens_response": 3, "elapsed_seconds": 48.9801971912384, "judgement": "Way off"}
{"id": "travel_time_000768", "topic": "travel_time", "subtopic": "drive_time", "prompt": "You need to travel about 174 miles at around 55 mph. About how many hours will it take?", "exact_value": 3.1563636363636363, "model": "Dream-org/Dream-v0-Instruct-7B", "provider": "transformers", "response": "Final answer: 3", "numeric_answer": 3.0, "relative_error": 0.04953917050691241, "thinking_text": null, "has_tool_call": false, "tool_call": null, "usage": {"prompt_tokens": 167, "completion_tokens": 120, "total_tokens": 287, "token_count_source": "tokenizer"}, "decoding": {"temperature": 0.2, "top_p": null, "top_k": null, "max_tokens": 120, "seed": 42}, "prompt_tokens": 167, "completion_tokens": 120, "total_tokens": 287, "token_count_source": "tokenizer", "diffusion_steps": null, "flops_estimate": null, "flops_arch": null, "flops_model_params": null, "flops_active_params": null, "tokens_non_final": 3, "tokens_reasoning": 0, "tokens_response": 3, "elapsed_seconds": 48.97473669052124, "judgement": "Good approximation"}
{"id": "travel_time_000788", "topic": "travel_time", "subtopic": "drive_time", "prompt": "You need to travel about 88 miles at around 65 mph. About how many hours will it take?", "exact_value": 1.3507692307692307, "model": "Dream-org/Dream-v0-Instruct-7B", "provider": "transformers", "response": "Final answer: 1", "numeric_answer": 1.0, "relative_error": 0.2596810933940774, "thinking_text": null, "has_tool_call": false, "tool_call": null, "usage": {"prompt_tokens": 166, "completion_tokens": 121, "total_tokens": 287, "token_count_source": "tokenizer"}, "decoding": {"temperature": 0.2, "top_p": null, "top_k": null, "max_tokens": 120, "seed": 42}, "prompt_tokens": 166, "completion_tokens": 121, "total_tokens": 287, "token_count_source": "tokenizer", "diffusion_steps": null, "flops_estimate": null, "flops_arch": null, "flops_model_params": null, "flops_active_params": null, "tokens_non_final": 3, "tokens_reasoning": 0, "tokens_response": 3, "elapsed_seconds": 48.97473669052124, "judgement": "Mildly off"}
{"id": "travel_time_000808", "topic": "travel_time", "subtopic": "drive_time", "prompt": "You need to travel about 224 miles at around 35 mph. About how many hours will it take?", "exact_value": 6.402857142857143, "model": "Dream-org/Dream-v0-Instruct-7B", "provider": "transformers", "response": "Final answer: 6", "numeric_answer": 6.0, "relative_error": 0.06291834002677378, "thinking_text": null, "has_tool_call": false, "tool_call": null, "usage": {"prompt_tokens": 167, "completion_tokens": 120, "total_tokens": 287, "token_count_source": "tokenizer"}, "decoding": {"temperature": 0.2, "top_p": null, "top_k": null, "max_tokens": 120, "seed": 42}, "prompt_tokens": 167, "completion_tokens": 120, "total_tokens": 287, "token_count_source": "tokenizer", "diffusion_steps": null, "flops_estimate": null, "flops_arch": null, "flops_model_params": null, "flops_active_params": null, "tokens_non_final": 3, "tokens_reasoning": 0, "tokens_response": 3, "elapsed_seconds": 48.97473669052124, "judgement": "Good approximation"}
{"id": "travel_time_000828", "topic": "travel_time", "subtopic": "drive_time", "prompt": "You need to travel about 153 miles at around 45 mph. About how many hours will it take?", "exact_value": 3.391111111111111, "model": "Dream-org/Dream-v0-Instruct-7B", "provider": "transformers", "response": "Final answer: 3", "numeric_answer": 3.0, "relative_error": 0.1153342070773263, "thinking_text": null, "has_tool_call": false, "tool_call": null, "usage": {"prompt_tokens": 167, "completion_tokens": 120, "total_tokens": 287, "token_count_source": "tokenizer"}, "decoding": {"temperature": 0.2, "top_p": null, "top_k": null, "max_tokens": 120, "seed": 42}, "prompt_tokens": 167, "completion_tokens": 120, "total_tokens": 287, "token_count_source": "tokenizer", "diffusion_steps": null, "flops_estimate": null, "flops_arch": null, "flops_model_params": null, "flops_active_params": null, "tokens_non_final": 3, "tokens_reasoning": 0, "tokens_response": 3, "elapsed_seconds": 48.97473669052124, "judgement": "Good approximation"}
{"id": "travel_time_000848", "topic": "travel_time", "subtopic": "drive_time", "prompt": "You need to travel about 192 miles at around 25 mph. About how many hours will it take?", "exact_value": 7.7, "model": "Dream-org/Dream-v0-Instruct-7B", "provider": "transformers", "response": "Final answer: 7.", "numeric_answer": 7.0, "relative_error": 0.09090909090909093, "thinking_text": null, "has_tool_call": false, "tool_call": null, "usage": {"prompt_tokens": 167, "completion_tokens": 120, "total_tokens": 287, "token_count_source": "tokenizer"}, "decoding": {"temperature": 0.2, "top_p": null, "top_k": null, "max_tokens": 120, "seed": 42}, "prompt_tokens": 167, "completion_tokens": 120, "total_tokens": 287, "token_count_source": "tokenizer", "diffusion_steps": null, "flops_estimate": null, "flops_arch": null, "flops_model_params": null, "flops_active_params": null, "tokens_non_final": 3, "tokens_reasoning": 0, "tokens_response": 3, "elapsed_seconds": 48.38315725326538, "judgement": "Good approximation"}
{"id": "travel_time_000868", "topic": "travel_time", "subtopic": "drive_time", "prompt": "You need to travel about 145 miles at around 25 mph. About how many hours will it take?", "exact_value": 5.792000000000001, "model": "Dream-org/Dream-v0-Instruct-7B", "provider": "transformers", "response": "Final answer: 6", "numeric_answer": 6.0, "relative_error": 0.035911602209944625, "thinking_text": null, "has_tool_call": false, "tool_call": null, "usage": {"prompt_tokens": 167, "completion_tokens": 120, "total_tokens": 287, "token_count_source": "tokenizer"}, "decoding": {"temperature": 0.2, "top_p": null, "top_k": null, "max_tokens": 120, "seed": 42}, "prompt_tokens": 167, "completion_tokens": 120, "total_tokens": 287, "token_count_source": "tokenizer", "diffusion_steps": null, "flops_estimate": null, "flops_arch": null, "flops_model_params": null, "flops_active_params": null, "tokens_non_final": 3, "tokens_reasoning": 0, "tokens_response": 3, "elapsed_seconds": 48.38315725326538, "judgement": "Good approximation"}
{"id": "travel_time_000888", "topic": "travel_time", "subtopic": "drive_time", "prompt": "You need to travel about 231 miles at around 45 mph. About how many hours will it take?", "exact_value": 5.1288888888888895, "model": "Dream-org/Dream-v0-Instruct-7B", "provider": "transformers", "response": "Final answer: 5", "numeric_answer": 5.0, "relative_error": 0.025129982668977584, "thinking_text": null, "has_tool_call": false, "tool_call": null, "usage": {"prompt_tokens": 167, "completion_tokens": 120, "total_tokens": 287, "token_count_source": "tokenizer"}, "decoding": {"temperature": 0.2, "top_p": null, "top_k": null, "max_tokens": 120, "seed": 42}, "prompt_tokens": 167, "completion_tokens": 120, "total_tokens": 287, "token_count_source": "tokenizer", "diffusion_steps": null, "flops_estimate": null, "flops_arch": null, "flops_model_params": null, "flops_active_params": null, "tokens_non_final": 3, "tokens_reasoning": 0, "tokens_response": 3, "elapsed_seconds": 48.38315725326538, "judgement": "Good approximation"}
{"id": "travel_time_000908", "topic": "travel_time", "subtopic": "drive_time", "prompt": "You need to travel about 116 miles at around 55 mph. About how many hours will it take?", "exact_value": 2.1163636363636367, "model": "Dream-org/Dream-v0-Instruct-7B", "provider": "transformers", "response": "Final answer: 2", "numeric_answer": 2.0, "relative_error": 0.054982817869415945, "thinking_text": null, "has_tool_call": false, "tool_call": null, "usage": {"prompt_tokens": 167, "completion_tokens": 120, "total_tokens": 287, "token_count_source": "tokenizer"}, "decoding": {"temperature": 0.2, "top_p": null, "top_k": null, "max_tokens": 120, "seed": 42}, "prompt_tokens": 167, "completion_tokens": 120, "total_tokens": 287, "token_count_source": "tokenizer", "diffusion_steps": null, "flops_estimate": null, "flops_arch": null, "flops_model_params": null, "flops_active_params": null, "tokens_non_final": 3, "tokens_reasoning": 0, "tokens_response": 3, "elapsed_seconds": 48.38315725326538, "judgement": "Good approximation"}
{"id": "travel_time_000928", "topic": "travel_time", "subtopic": "drive_time", "prompt": "You need to travel about 63 miles at around 55 mph. About how many hours will it take?", "exact_value": 1.1454545454545455, "model": "Dream-org/Dream-v0-Instruct-7B", "provider": "transformers", "response": "Final answer: 1", "numeric_answer": 1.0, "relative_error": 0.12698412698412703, "thinking_text": null, "has_tool_call": false, "tool_call": null, "usage": {"prompt_tokens": 166, "completion_tokens": 121, "total_tokens": 287, "token_count_source": "tokenizer"}, "decoding": {"temperature": 0.2, "top_p": null, "top_k": null, "max_tokens": 120, "seed": 42}, "prompt_tokens": 166, "completion_tokens": 121, "total_tokens": 287, "token_count_source": "tokenizer", "diffusion_steps": null, "flops_estimate": null, "flops_arch": null, "flops_model_params": null, "flops_active_params": null, "tokens_non_final": 3, "tokens_reasoning": 0, "tokens_response": 3, "elapsed_seconds": 49.02579641342163, "judgement": "Good approximation"}
{"id": "travel_time_000948", "topic": "travel_time", "subtopic": "drive_time", "prompt": "You need to travel about 186 miles at around 65 mph. About how many hours will it take?", "exact_value": 2.8584615384615386, "model": "Dream-org/Dream-v0-Instruct-7B", "provider": "transformers", "response": "Final answer: 3", "numeric_answer": 3.0, "relative_error": 0.04951560818083956, "thinking_text": null, "has_tool_call": false, "tool_call": null, "usage": {"prompt_tokens": 167, "completion_tokens": 120, "total_tokens": 287, "token_count_source": "tokenizer"}, "decoding": {"temperature": 0.2, "top_p": null, "top_k": null, "max_tokens": 120, "seed": 42}, "prompt_tokens": 167, "completion_tokens": 120, "total_tokens": 287, "token_count_source": "tokenizer", "diffusion_steps": null, "flops_estimate": null, "flops_arch": null, "flops_model_params": null, "flops_active_params": null, "tokens_non_final": 3, "tokens_reasoning": 0, "tokens_response": 3, "elapsed_seconds": 49.02579641342163, "judgement": "Good approximation"}
{"id": "travel_time_000968", "topic": "travel_time", "subtopic": "drive_time", "prompt": "You need to travel about 108 miles at around 55 mph. About how many hours will it take?", "exact_value": 1.9672727272727273, "model": "Dream-org/Dream-v0-Instruct-7B", "provider": "transformers", "response": "Final answer: 2", "numeric_answer": 2.0, "relative_error": 0.016635859519408498, "thinking_text": null, "has_tool_call": false, "tool_call": null, "usage": {"prompt_tokens": 167, "completion_tokens": 120, "total_tokens": 287, "token_count_source": "tokenizer"}, "decoding": {"temperature": 0.2, "top_p": null, "top_k": null, "max_tokens": 120, "seed": 42}, "prompt_tokens": 167, "completion_tokens": 120, "total_tokens": 287, "token_count_source": "tokenizer", "diffusion_steps": null, "flops_estimate": null, "flops_arch": null, "flops_model_params": null, "flops_active_params": null, "tokens_non_final": 3, "tokens_reasoning": 0, "tokens_response": 3, "elapsed_seconds": 49.02579641342163, "judgement": "Good approximation"}
{"id": "travel_time_000988", "topic": "travel_time", "subtopic": "drive_time", "prompt": "You need to travel about 156 miles at around 55 mph. About how many hours will it take?", "exact_value": 2.838181818181818, "model": "Dream-org/Dream-v0-Instruct-7B", "provider": "transformers", "response": "Final answer: 3", "numeric_answer": 3.0, "relative_error": 0.05701473414477909, "thinking_text": null, "has_tool_call": false, "tool_call": null, "usage": {"prompt_tokens": 167, "completion_tokens": 120, "total_tokens": 287, "token_count_source": "tokenizer"}, "decoding": {"temperature": 0.2, "top_p": null, "top_k": null, "max_tokens": 120, "seed": 42}, "prompt_tokens": 167, "completion_tokens": 120, "total_tokens": 287, "token_count_source": "tokenizer", "diffusion_steps": null, "flops_estimate": null, "flops_arch": null, "flops_model_params": null, "flops_active_params": null, "tokens_non_final": 3, "tokens_reasoning": 0, "tokens_response": 3, "elapsed_seconds": 49.02579641342163, "judgement": "Good approximation"}
{"id": "travel_time_001008", "topic": "travel_time", "subtopic": "drive_time", "prompt": "You need to travel about 74 miles at around 25 mph. About how many hours will it take?", "exact_value": 2.948, "model": "Dream-org/Dream-v0-Instruct-7B", "provider": "transformers", "response": "Final answer: 3", "numeric_answer": 3.0, "relative_error": 0.017639077340569895, "thinking_text": null, "has_tool_call": false, "tool_call": null, "usage": {"prompt_tokens": 166, "completion_tokens": 121, "total_tokens": 287, "token_count_source": "tokenizer"}, "decoding": {"temperature": 0.2, "top_p": null, "top_k": null, "max_tokens": 120, "seed": 42}, "prompt_tokens": 166, "completion_tokens": 121, "total_tokens": 287, "token_count_source": "tokenizer", "diffusion_steps": null, "flops_estimate": null, "flops_arch": null, "flops_model_params": null, "flops_active_params": null, "tokens_non_final": 3, "tokens_reasoning": 0, "tokens_response": 3, "elapsed_seconds": 49.36936020851135, "judgement": "Good approximation"}
{"id": "travel_time_001028", "topic": "travel_time", "subtopic": "drive_time", "prompt": "You need to travel about 51 miles at around 55 mph. About how many hours will it take?", "exact_value": 0.9309090909090909, "model": "Dream-org/Dream-v0-Instruct-7B", "provider": "transformers", "response": "Final answer: 9", "numeric_answer": 9.0, "relative_error": 8.66796875, "thinking_text": null, "has_tool_call": false, "tool_call": null, "usage": {"prompt_tokens": 166, "completion_tokens": 121, "total_tokens": 287, "token_count_source": "tokenizer"}, "decoding": {"temperature": 0.2, "top_p": null, "top_k": null, "max_tokens": 120, "seed": 42}, "prompt_tokens": 166, "completion_tokens": 121, "total_tokens": 287, "token_count_source": "tokenizer", "diffusion_steps": null, "flops_estimate": null, "flops_arch": null, "flops_model_params": null, "flops_active_params": null, "tokens_non_final": 3, "tokens_reasoning": 0, "tokens_response": 3, "elapsed_seconds": 49.36936020851135, "judgement": "Way off"}
{"id": "travel_time_001048", "topic": "travel_time", "subtopic": "drive_time", "prompt": "You need to travel about 216 miles at around 35 mph. About how many hours will it take?", "exact_value": 6.180000000000001, "model": "Dream-org/Dream-v0-Instruct-7B", "provider": "transformers", "response": "Final answer: 6", "numeric_answer": 6.0, "relative_error": 0.029126213592233104, "thinking_text": null, "has_tool_call": false, "tool_call": null, "usage": {"prompt_tokens": 167, "completion_tokens": 120, "total_tokens": 287, "token_count_source": "tokenizer"}, "decoding": {"temperature": 0.2, "top_p": null, "top_k": null, "max_tokens": 120, "seed": 42}, "prompt_tokens": 167, "completion_tokens": 120, "total_tokens": 287, "token_count_source": "tokenizer", "diffusion_steps": null, "flops_estimate": null, "flops_arch": null, "flops_model_params": null, "flops_active_params": null, "tokens_non_final": 3, "tokens_reasoning": 0, "tokens_response": 3, "elapsed_seconds": 49.36936020851135, "judgement": "Good approximation"}
{"id": "travel_time_001068", "topic": "travel_time", "subtopic": "drive_time", "prompt": "You need to travel about 183 miles at around 25 mph. About how many hours will it take?", "exact_value": 7.308, "model": "Dream-org/Dream-v0-Instruct-7B", "provider": "transformers", "response": "Final answer: 7.", "numeric_answer": 7.0, "relative_error": 0.04214559386973178, "thinking_text": null, "has_tool_call": false, "tool_call": null, "usage": {"prompt_tokens": 167, "completion_tokens": 120, "total_tokens": 287, "token_count_source": "tokenizer"}, "decoding": {"temperature": 0.2, "top_p": null, "top_k": null, "max_tokens": 120, "seed": 42}, "prompt_tokens": 167, "completion_tokens": 120, "total_tokens": 287, "token_count_source": "tokenizer", "diffusion_steps": null, "flops_estimate": null, "flops_arch": null, "flops_model_params": null, "flops_active_params": null, "tokens_non_final": 3, "tokens_reasoning": 0, "tokens_response": 3, "elapsed_seconds": 49.36936020851135, "judgement": "Good approximation"}
{"id": "physics_estimate_000112", "topic": "physics_estimate", "subtopic": "fill_rate", "prompt": "A faucet fills 40 liters at about 6 liters per minute. About how many minutes does it take?", "exact_value": 6.666666666666667, "model": "Dream-org/Dream-v0-Instruct-7B", "provider": "transformers", "response": "Final answer: 6", "numeric_answer": 6.0, "relative_error": 0.10000000000000003, "thinking_text": null, "has_tool_call": false, "tool_call": null, "usage": {"prompt_tokens": 165, "completion_tokens": 120, "total_tokens": 285, "token_count_source": "tokenizer"}, "decoding": {"temperature": 0.2, "top_p": null, "top_k": null, "max_tokens": 120, "seed": 42}, "prompt_tokens": 165, "completion_tokens": 120, "total_tokens": 285, "token_count_source": "tokenizer", "diffusion_steps": null, "flops_estimate": null, "flops_arch": null, "flops_model_params": null, "flops_active_params": null, "tokens_non_final": 3, "tokens_reasoning": 0, "tokens_response": 3, "elapsed_seconds": 48.6939857006073, "judgement": "Good approximation"}
{"id": "physics_estimate_000132", "topic": "physics_estimate", "subtopic": "fill_rate", "prompt": "A faucet fills 10 liters at about 6 liters per minute. About how many minutes does it take?", "exact_value": 1.6666666666666667, "model": "Dream-org/Dream-v0-Instruct-7B", "provider": "transformers", "response": "Final answer: 2", "numeric_answer": 2.0, "relative_error": 0.19999999999999996, "thinking_text": null, "has_tool_call": false, "tool_call": null, "usage": {"prompt_tokens": 165, "completion_tokens": 120, "total_tokens": 285, "token_count_source": "tokenizer"}, "decoding": {"temperature": 0.2, "top_p": null, "top_k": null, "max_tokens": 120, "seed": 42}, "prompt_tokens": 165, "completion_tokens": 120, "total_tokens": 285, "token_count_source": "tokenizer", "diffusion_steps": null, "flops_estimate": null, "flops_arch": null, "flops_model_params": null, "flops_active_params": null, "tokens_non_final": 3, "tokens_reasoning": 0, "tokens_response": 3, "elapsed_seconds": 48.6939857006073, "judgement": "Good approximation"}
{"id": "physics_estimate_000152", "topic": "physics_estimate", "subtopic": "fill_rate", "prompt": "A faucet fills 10 liters at about 7 liters per minute. About how many minutes does it take?", "exact_value": 1.4285714285714286, "model": "Dream-org/Dream-v0-Instruct-7B", "provider": "transformers", "response": "Final answer: 1", "numeric_answer": 1.0, "relative_error": 0.3, "thinking_text": null, "has_tool_call": false, "tool_call": null, "usage": {"prompt_tokens": 165, "completion_tokens": 120, "total_tokens": 285, "token_count_source": "tokenizer"}, "decoding": {"temperature": 0.2, "top_p": null, "top_k": null, "max_tokens": 120, "seed": 42}, "prompt_tokens": 165, "completion_tokens": 120, "total_tokens": 285, "token_count_source": "tokenizer", "diffusion_steps": null, "flops_estimate": null, "flops_arch": null, "flops_model_params": null, "flops_active_params": null, "tokens_non_final": 3, "tokens_reasoning": 0, "tokens_response": 3, "elapsed_seconds": 48.6939857006073, "judgement": "Mildly off"}
{"id": "physics_estimate_000172", "topic": "physics_estimate", "subtopic": "fill_rate", "prompt": "A faucet fills 15 liters at about 6 liters per minute. About how many minutes does it take?", "exact_value": 2.5, "model": "Dream-org/Dream-v0-Instruct-7B", "provider": "transformers", "response": "Final answer: 3", "numeric_answer": 3.0, "relative_error": 0.2, "thinking_text": null, "has_tool_call": false, "tool_call": null, "usage": {"prompt_tokens": 165, "completion_tokens": 120, "total_tokens": 285, "token_count_source": "tokenizer"}, "decoding": {"temperature": 0.2, "top_p": null, "top_k": null, "max_tokens": 120, "seed": 42}, "prompt_tokens": 165, "completion_tokens": 120, "total_tokens": 285, "token_count_source": "tokenizer", "diffusion_steps": null, "flops_estimate": null, "flops_arch": null, "flops_model_params": null, "flops_active_params": null, "tokens_non_final": 3, "tokens_reasoning": 0, "tokens_response": 3, "elapsed_seconds": 48.6939857006073, "judgement": "Good approximation"}
{"id": "physics_estimate_000192", "topic": "physics_estimate", "subtopic": "fill_rate", "prompt": "A faucet fills 15 liters at about 8 liters per minute. About how many minutes does it take?", "exact_value": 1.875, "model": "Dream-org/Dream-v0-Instruct-7B", "provider": "transformers", "response": "Final answer: 2", "numeric_answer": 2.0, "relative_error": 0.06666666666666667, "thinking_text": null, "has_tool_call": false, "tool_call": null, "usage": {"prompt_tokens": 165, "completion_tokens": 120, "total_tokens": 285, "token_count_source": "tokenizer"}, "decoding": {"temperature": 0.2, "top_p": null, "top_k": null, "max_tokens": 120, "seed": 42}, "prompt_tokens": 165, "completion_tokens": 120, "total_tokens": 285, "token_count_source": "tokenizer", "diffusion_steps": null, "flops_estimate": null, "flops_arch": null, "flops_model_params": null, "flops_active_params": null, "tokens_non_final": 3, "tokens_reasoning": 0, "tokens_response": 3, "elapsed_seconds": 48.779953956604004, "judgement": "Good approximation"}
{"id": "physics_estimate_000212", "topic": "physics_estimate", "subtopic": "fill_rate", "prompt": "A faucet fills 50 liters at about 6 liters per minute. About how many minutes does it take?", "exact_value": 8.333333333333334, "model": "Dream-org/Dream-v0-Instruct-7B", "provider": "transformers", "response": "Final answer: 8", "numeric_answer": 8.0, "relative_error": 0.04000000000000007, "thinking_text": null, "has_tool_call": false, "tool_call": null, "usage": {"prompt_tokens": 165, "completion_tokens": 120, "total_tokens": 285, "token_count_source": "tokenizer"}, "decoding": {"temperature": 0.2, "top_p": null, "top_k": null, "max_tokens": 120, "seed": 42}, "prompt_tokens": 165, "completion_tokens": 120, "total_tokens": 285, "token_count_source": "tokenizer", "diffusion_steps": null, "flops_estimate": null, "flops_arch": null, "flops_model_params": null, "flops_active_params": null, "tokens_non_final": 3, "tokens_reasoning": 0, "tokens_response": 3, "elapsed_seconds": 48.779953956604004, "judgement": "Good approximation"}
{"id": "physics_estimate_000232", "topic": "physics_estimate", "subtopic": "fill_rate", "prompt": "A faucet fills 20 liters at about 4 liters per minute. About how many minutes does it take?", "exact_value": 5.0, "model": "Dream-org/Dream-v0-Instruct-7B", "provider": "transformers", "response": "Final answer: 5", "numeric_answer": 5.0, "relative_error": 0.0, "thinking_text": null, "has_tool_call": false, "tool_call": null, "usage": {"prompt_tokens": 165, "completion_tokens": 120, "total_tokens": 285, "token_count_source": "tokenizer"}, "decoding": {"temperature": 0.2, "top_p": null, "top_k": null, "max_tokens": 120, "seed": 42}, "prompt_tokens": 165, "completion_tokens": 120, "total_tokens": 285, "token_count_source": "tokenizer", "diffusion_steps": null, "flops_estimate": null, "flops_arch": null, "flops_model_params": null, "flops_active_params": null, "tokens_non_final": 3, "tokens_reasoning": 0, "tokens_response": 3, "elapsed_seconds": 48.779953956604004, "judgement": "Exact math"}
{"id": "physics_estimate_000252", "topic": "physics_estimate", "subtopic": "fill_rate", "prompt": "A faucet fills 30 liters at about 5 liters per minute. About how many minutes does it take?", "exact_value": 6.0, "model": "Dream-org/Dream-v0-Instruct-7B", "provider": "transformers", "response": "Final answer: 6", "numeric_answer": 6.0, "relative_error": 0.0, "thinking_text": null, "has_tool_call": false, "tool_call": null, "usage": {"prompt_tokens": 165, "completion_tokens": 120, "total_tokens": 285, "token_count_source": "tokenizer"}, "decoding": {"temperature": 0.2, "top_p": null, "top_k": null, "max_tokens": 120, "seed": 42}, "prompt_tokens": 165, "completion_tokens": 120, "total_tokens": 285, "token_count_source": "tokenizer", "diffusion_steps": null, "flops_estimate": null, "flops_arch": null, "flops_model_params": null, "flops_active_params": null, "tokens_non_final": 3, "tokens_reasoning": 0, "tokens_response": 3, "elapsed_seconds": 48.779953956604004, "judgement": "Exact math"}
{"id": "physics_estimate_000272", "topic": "physics_estimate", "subtopic": "fill_rate", "prompt": "A faucet fills 50 liters at about 6 liters per minute. About how many minutes does it take?", "exact_value": 8.333333333333334, "model": "Dream-org/Dream-v0-Instruct-7B", "provider": "transformers", "response": "Final answer: 8", "numeric_answer": 8.0, "relative_error": 0.04000000000000007, "thinking_text": null, "has_tool_call": false, "tool_call": null, "usage": {"prompt_tokens": 165, "completion_tokens": 120, "total_tokens": 285, "token_count_source": "tokenizer"}, "decoding": {"temperature": 0.2, "top_p": null, "top_k": null, "max_tokens": 120, "seed": 42}, "prompt_tokens": 165, "completion_tokens": 120, "total_tokens": 285, "token_count_source": "tokenizer", "diffusion_steps": null, "flops_estimate": null, "flops_arch": null, "flops_model_params": null, "flops_active_params": null, "tokens_non_final": 3, "tokens_reasoning": 0, "tokens_response": 3, "elapsed_seconds": 48.75038504600525, "judgement": "Good approximation"}
{"id": "physics_estimate_000292", "topic": "physics_estimate", "subtopic": "fill_rate", "prompt": "A faucet fills 20 liters at about 4 liters per minute. About how many minutes does it take?", "exact_value": 5.0, "model": "Dream-org/Dream-v0-Instruct-7B", "provider": "transformers", "response": "Final answer: 5", "numeric_answer": 5.0, "relative_error": 0.0, "thinking_text": null, "has_tool_call": false, "tool_call": null, "usage": {"prompt_tokens": 165, "completion_tokens": 120, "total_tokens": 285, "token_count_source": "tokenizer"}, "decoding": {"temperature": 0.2, "top_p": null, "top_k": null, "max_tokens": 120, "seed": 42}, "prompt_tokens": 165, "completion_tokens": 120, "total_tokens": 285, "token_count_source": "tokenizer", "diffusion_steps": null, "flops_estimate": null, "flops_arch": null, "flops_model_params": null, "flops_active_params": null, "tokens_non_final": 3, "tokens_reasoning": 0, "tokens_response": 3, "elapsed_seconds": 48.75038504600525, "judgement": "Exact math"}
{"id": "physics_estimate_000312", "topic": "physics_estimate", "subtopic": "fill_rate", "prompt": "A faucet fills 15 liters at about 4 liters per minute. About how many minutes does it take?", "exact_value": 3.75, "model": "Dream-org/Dream-v0-Instruct-7B", "provider": "transformers", "response": "Final answer: 4", "numeric_answer": 4.0, "relative_error": 0.06666666666666667, "thinking_text": null, "has_tool_call": false, "tool_call": null, "usage": {"prompt_tokens": 165, "completion_tokens": 120, "total_tokens": 285, "token_count_source": "tokenizer"}, "decoding": {"temperature": 0.2, "top_p": null, "top_k": null, "max_tokens": 120, "seed": 42}, "prompt_tokens": 165, "completion_tokens": 120, "total_tokens": 285, "token_count_source": "tokenizer", "diffusion_steps": null, "flops_estimate": null, "flops_arch": null, "flops_model_params": null, "flops_active_params": null, "tokens_non_final": 3, "tokens_reasoning": 0, "tokens_response": 3, "elapsed_seconds": 48.75038504600525, "judgement": "Good approximation"}
{"id": "physics_estimate_000332", "topic": "physics_estimate", "subtopic": "fill_rate", "prompt": "A faucet fills 15 liters at about 5 liters per minute. About how many minutes does it take?", "exact_value": 3.0, "model": "Dream-org/Dream-v0-Instruct-7B", "provider": "transformers", "response": "Final answer: 3", "numeric_answer": 3.0, "relative_error": 0.0, "thinking_text": null, "has_tool_call": false, "tool_call": null, "usage": {"prompt_tokens": 165, "completion_tokens": 120, "total_tokens": 285, "token_count_source": "tokenizer"}, "decoding": {"temperature": 0.2, "top_p": null, "top_k": null, "max_tokens": 120, "seed": 42}, "prompt_tokens": 165, "completion_tokens": 120, "total_tokens": 285, "token_count_source": "tokenizer", "diffusion_steps": null, "flops_estimate": null, "flops_arch": null, "flops_model_params": null, "flops_active_params": null, "tokens_non_final": 3, "tokens_reasoning": 0, "tokens_response": 3, "elapsed_seconds": 48.75038504600525, "judgement": "Exact math"}
{"id": "physics_estimate_000352", "topic": "physics_estimate", "subtopic": "fill_rate", "prompt": "A faucet fills 15 liters at about 6 liters per minute. About how many minutes does it take?", "exact_value": 2.5, "model": "Dream-org/Dream-v0-Instruct-7B", "provider": "transformers", "response": "Final answer: 3", "numeric_answer": 3.0, "relative_error": 0.2, "thinking_text": null, "has_tool_call": false, "tool_call": null, "usage": {"prompt_tokens": 165, "completion_tokens": 120, "total_tokens": 285, "token_count_source": "tokenizer"}, "decoding": {"temperature": 0.2, "top_p": null, "top_k": null, "max_tokens": 120, "seed": 42}, "prompt_tokens": 165, "completion_tokens": 120, "total_tokens": 285, "token_count_source": "tokenizer", "diffusion_steps": null, "flops_estimate": null, "flops_arch": null, "flops_model_params": null, "flops_active_params": null, "tokens_non_final": 3, "tokens_reasoning": 0, "tokens_response": 3, "elapsed_seconds": 48.70865845680237, "judgement": "Good approximation"}
{"id": "physics_estimate_000372", "topic": "physics_estimate", "subtopic": "fill_rate", "prompt": "A faucet fills 50 liters at about 6 liters per minute. About how many minutes does it take?", "exact_value": 8.333333333333334, "model": "Dream-org/Dream-v0-Instruct-7B", "provider": "transformers", "response": "Final answer: 8", "numeric_answer": 8.0, "relative_error": 0.04000000000000007, "thinking_text": null, "has_tool_call": false, "tool_call": null, "usage": {"prompt_tokens": 165, "completion_tokens": 120, "total_tokens": 285, "token_count_source": "tokenizer"}, "decoding": {"temperature": 0.2, "top_p": null, "top_k": null, "max_tokens": 120, "seed": 42}, "prompt_tokens": 165, "completion_tokens": 120, "total_tokens": 285, "token_count_source": "tokenizer", "diffusion_steps": null, "flops_estimate": null, "flops_arch": null, "flops_model_params": null, "flops_active_params": null, "tokens_non_final": 3, "tokens_reasoning": 0, "tokens_response": 3, "elapsed_seconds": 48.70865845680237, "judgement": "Good approximation"}
{"id": "physics_estimate_000392", "topic": "physics_estimate", "subtopic": "fill_rate", "prompt": "A faucet fills 40 liters at about 7 liters per minute. About how many minutes does it take?", "exact_value": 5.714285714285714, "model": "Dream-org/Dream-v0-Instruct-7B", "provider": "transformers", "response": "Final answer: 5", "numeric_answer": 5.0, "relative_error": 0.12500000000000003, "thinking_text": null, "has_tool_call": false, "tool_call": null, "usage": {"prompt_tokens": 165, "completion_tokens": 120, "total_tokens": 285, "token_count_source": "tokenizer"}, "decoding": {"temperature": 0.2, "top_p": null, "top_k": null, "max_tokens": 120, "seed": 42}, "prompt_tokens": 165, "completion_tokens": 120, "total_tokens": 285, "token_count_source": "tokenizer", "diffusion_steps": null, "flops_estimate": null, "flops_arch": null, "flops_model_params": null, "flops_active_params": null, "tokens_non_final": 3, "tokens_reasoning": 0, "tokens_response": 3, "elapsed_seconds": 48.70865845680237, "judgement": "Good approximation"}
{"id": "physics_estimate_000412", "topic": "physics_estimate", "subtopic": "fill_rate", "prompt": "A faucet fills 10 liters at about 7 liters per minute. About how many minutes does it take?", "exact_value": 1.4285714285714286, "model": "Dream-org/Dream-v0-Instruct-7B", "provider": "transformers", "response": "Final answer: 1", "numeric_answer": 1.0, "relative_error": 0.3, "thinking_text": null, "has_tool_call": false, "tool_call": null, "usage": {"prompt_tokens": 165, "completion_tokens": 120, "total_tokens": 285, "token_count_source": "tokenizer"}, "decoding": {"temperature": 0.2, "top_p": null, "top_k": null, "max_tokens": 120, "seed": 42}, "prompt_tokens": 165, "completion_tokens": 120, "total_tokens": 285, "token_count_source": "tokenizer", "diffusion_steps": null, "flops_estimate": null, "flops_arch": null, "flops_model_params": null, "flops_active_params": null, "tokens_non_final": 3, "tokens_reasoning": 0, "tokens_response": 3, "elapsed_seconds": 48.70865845680237, "judgement": "Mildly off"}
{"id": "physics_estimate_000432", "topic": "physics_estimate", "subtopic": "fill_rate", "prompt": "A faucet fills 30 liters at about 6 liters per minute. About how many minutes does it take?", "exact_value": 5.0, "model": "Dream-org/Dream-v0-Instruct-7B", "provider": "transformers", "response": "Final answer: 5", "numeric_answer": 5.0, "relative_error": 0.0, "thinking_text": null, "has_tool_call": false, "tool_call": null, "usage": {"prompt_tokens": 165, "completion_tokens": 120, "total_tokens": 285, "token_count_source": "tokenizer"}, "decoding": {"temperature": 0.2, "top_p": null, "top_k": null, "max_tokens": 120, "seed": 42}, "prompt_tokens": 165, "completion_tokens": 120, "total_tokens": 285, "token_count_source": "tokenizer", "diffusion_steps": null, "flops_estimate": null, "flops_arch": null, "flops_model_params": null, "flops_active_params": null, "tokens_non_final": 3, "tokens_reasoning": 0, "tokens_response": 3, "elapsed_seconds": 48.466530561447144, "judgement": "Exact math"}
{"id": "physics_estimate_000452", "topic": "physics_estimate", "subtopic": "fill_rate", "prompt": "A faucet fills 10 liters at about 5 liters per minute. About how many minutes does it take?", "exact_value": 2.0, "model": "Dream-org/Dream-v0-Instruct-7B", "provider": "transformers", "response": "Final answer: 2", "numeric_answer": 2.0, "relative_error": 0.0, "thinking_text": null, "has_tool_call": false, "tool_call": null, "usage": {"prompt_tokens": 165, "completion_tokens": 120, "total_tokens": 285, "token_count_source": "tokenizer"}, "decoding": {"temperature": 0.2, "top_p": null, "top_k": null, "max_tokens": 120, "seed": 42}, "prompt_tokens": 165, "completion_tokens": 120, "total_tokens": 285, "token_count_source": "tokenizer", "diffusion_steps": null, "flops_estimate": null, "flops_arch": null, "flops_model_params": null, "flops_active_params": null, "tokens_non_final": 3, "tokens_reasoning": 0, "tokens_response": 3, "elapsed_seconds": 48.466530561447144, "judgement": "Exact math"}
{"id": "physics_estimate_000472", "topic": "physics_estimate", "subtopic": "fill_rate", "prompt": "A faucet fills 30 liters at about 6 liters per minute. About how many minutes does it take?", "exact_value": 5.0, "model": "Dream-org/Dream-v0-Instruct-7B", "provider": "transformers", "response": "Final answer: 5", "numeric_answer": 5.0, "relative_error": 0.0, "thinking_text": null, "has_tool_call": false, "tool_call": null, "usage": {"prompt_tokens": 165, "completion_tokens": 120, "total_tokens": 285, "token_count_source": "tokenizer"}, "decoding": {"temperature": 0.2, "top_p": null, "top_k": null, "max_tokens": 120, "seed": 42}, "prompt_tokens": 165, "completion_tokens": 120, "total_tokens": 285, "token_count_source": "tokenizer", "diffusion_steps": null, "flops_estimate": null, "flops_arch": null, "flops_model_params": null, "flops_active_params": null, "tokens_non_final": 3, "tokens_reasoning": 0, "tokens_response": 3, "elapsed_seconds": 48.466530561447144, "judgement": "Exact math"}
{"id": "physics_estimate_000492", "topic": "physics_estimate", "subtopic": "fill_rate", "prompt": "A faucet fills 30 liters at about 7 liters per minute. About how many minutes does it take?", "exact_value": 4.285714285714286, "model": "Dream-org/Dream-v0-Instruct-7B", "provider": "transformers", "response": "Final answer: 4", "numeric_answer": 4.0, "relative_error": 0.06666666666666664, "thinking_text": null, "has_tool_call": false, "tool_call": null, "usage": {"prompt_tokens": 165, "completion_tokens": 120, "total_tokens": 285, "token_count_source": "tokenizer"}, "decoding": {"temperature": 0.2, "top_p": null, "top_k": null, "max_tokens": 120, "seed": 42}, "prompt_tokens": 165, "completion_tokens": 120, "total_tokens": 285, "token_count_source": "tokenizer", "diffusion_steps": null, "flops_estimate": null, "flops_arch": null, "flops_model_params": null, "flops_active_params": null, "tokens_non_final": 3, "tokens_reasoning": 0, "tokens_response": 3, "elapsed_seconds": 48.466530561447144, "judgement": "Good approximation"}
{"id": "physics_estimate_000512", "topic": "physics_estimate", "subtopic": "fill_rate", "prompt": "A faucet fills 20 liters at about 8 liters per minute. About how many minutes does it take?", "exact_value": 2.5, "model": "Dream-org/Dream-v0-Instruct-7B", "provider": "transformers", "response": "Final answer: 3", "numeric_answer": 3.0, "relative_error": 0.2, "thinking_text": null, "has_tool_call": false, "tool_call": null, "usage": {"prompt_tokens": 165, "completion_tokens": 120, "total_tokens": 285, "token_count_source": "tokenizer"}, "decoding": {"temperature": 0.2, "top_p": null, "top_k": null, "max_tokens": 120, "seed": 42}, "prompt_tokens": 165, "completion_tokens": 120, "total_tokens": 285, "token_count_source": "tokenizer", "diffusion_steps": null, "flops_estimate": null, "flops_arch": null, "flops_model_params": null, "flops_active_params": null, "tokens_non_final": 3, "tokens_reasoning": 0, "tokens_response": 3, "elapsed_seconds": 48.43494200706482, "judgement": "Good approximation"}
{"id": "physics_estimate_000532", "topic": "physics_estimate", "subtopic": "fill_rate", "prompt": "A faucet fills 50 liters at about 6 liters per minute. About how many minutes does it take?", "exact_value": 8.333333333333334, "model": "Dream-org/Dream-v0-Instruct-7B", "provider": "transformers", "response": "Final answer: 8", "numeric_answer": 8.0, "relative_error": 0.04000000000000007, "thinking_text": null, "has_tool_call": false, "tool_call": null, "usage": {"prompt_tokens": 165, "completion_tokens": 120, "total_tokens": 285, "token_count_source": "tokenizer"}, "decoding": {"temperature": 0.2, "top_p": null, "top_k": null, "max_tokens": 120, "seed": 42}, "prompt_tokens": 165, "completion_tokens": 120, "total_tokens": 285, "token_count_source": "tokenizer", "diffusion_steps": null, "flops_estimate": null, "flops_arch": null, "flops_model_params": null, "flops_active_params": null, "tokens_non_final": 3, "tokens_reasoning": 0, "tokens_response": 3, "elapsed_seconds": 48.43494200706482, "judgement": "Good approximation"}
{"id": "physics_estimate_000552", "topic": "physics_estimate", "subtopic": "fill_rate", "prompt": "A faucet fills 40 liters at about 8 liters per minute. About how many minutes does it take?", "exact_value": 5.0, "model": "Dream-org/Dream-v0-Instruct-7B", "provider": "transformers", "response": "Final answer: 5", "numeric_answer": 5.0, "relative_error": 0.0, "thinking_text": null, "has_tool_call": false, "tool_call": null, "usage": {"prompt_tokens": 165, "completion_tokens": 120, "total_tokens": 285, "token_count_source": "tokenizer"}, "decoding": {"temperature": 0.2, "top_p": null, "top_k": null, "max_tokens": 120, "seed": 42}, "prompt_tokens": 165, "completion_tokens": 120, "total_tokens": 285, "token_count_source": "tokenizer", "diffusion_steps": null, "flops_estimate": null, "flops_arch": null, "flops_model_params": null, "flops_active_params": null, "tokens_non_final": 3, "tokens_reasoning": 0, "tokens_response": 3, "elapsed_seconds": 48.43494200706482, "judgement": "Exact math"}
{"id": "physics_estimate_000572", "topic": "physics_estimate", "subtopic": "fill_rate", "prompt": "A faucet fills 30 liters at about 8 liters per minute. About how many minutes does it take?", "exact_value": 3.75, "model": "Dream-org/Dream-v0-Instruct-7B", "provider": "transformers", "response": "Final answer: 4", "numeric_answer": 4.0, "relative_error": 0.06666666666666667, "thinking_text": null, "has_tool_call": false, "tool_call": null, "usage": {"prompt_tokens": 165, "completion_tokens": 120, "total_tokens": 285, "token_count_source": "tokenizer"}, "decoding": {"temperature": 0.2, "top_p": null, "top_k": null, "max_tokens": 120, "seed": 42}, "prompt_tokens": 165, "completion_tokens": 120, "total_tokens": 285, "token_count_source": "tokenizer", "diffusion_steps": null, "flops_estimate": null, "flops_arch": null, "flops_model_params": null, "flops_active_params": null, "tokens_non_final": 3, "tokens_reasoning": 0, "tokens_response": 3, "elapsed_seconds": 48.43494200706482, "judgement": "Good approximation"}
{"id": "physics_estimate_000592", "topic": "physics_estimate", "subtopic": "fill_rate", "prompt": "A faucet fills 30 liters at about 6 liters per minute. About how many minutes does it take?", "exact_value": 5.0, "model": "Dream-org/Dream-v0-Instruct-7B", "provider": "transformers", "response": "Final answer: 5", "numeric_answer": 5.0, "relative_error": 0.0, "thinking_text": null, "has_tool_call": false, "tool_call": null, "usage": {"prompt_tokens": 165, "completion_tokens": 120, "total_tokens": 285, "token_count_source": "tokenizer"}, "decoding": {"temperature": 0.2, "top_p": null, "top_k": null, "max_tokens": 120, "seed": 42}, "prompt_tokens": 165, "completion_tokens": 120, "total_tokens": 285, "token_count_source": "tokenizer", "diffusion_steps": null, "flops_estimate": null, "flops_arch": null, "flops_model_params": null, "flops_active_params": null, "tokens_non_final": 3, "tokens_reasoning": 0, "tokens_response": 3, "elapsed_seconds": 48.37948703765869, "judgement": "Exact math"}
{"id": "physics_estimate_000612", "topic": "physics_estimate", "subtopic": "fill_rate", "prompt": "A faucet fills 20 liters at about 6 liters per minute. About how many minutes does it take?", "exact_value": 3.3333333333333335, "model": "Dream-org/Dream-v0-Instruct-7B", "provider": "transformers", "response": "Final answer: 3", "numeric_answer": 3.0, "relative_error": 0.10000000000000003, "thinking_text": null, "has_tool_call": false, "tool_call": null, "usage": {"prompt_tokens": 165, "completion_tokens": 120, "total_tokens": 285, "token_count_source": "tokenizer"}, "decoding": {"temperature": 0.2, "top_p": null, "top_k": null, "max_tokens": 120, "seed": 42}, "prompt_tokens": 165, "completion_tokens": 120, "total_tokens": 285, "token_count_source": "tokenizer", "diffusion_steps": null, "flops_estimate": null, "flops_arch": null, "flops_model_params": null, "flops_active_params": null, "tokens_non_final": 3, "tokens_reasoning": 0, "tokens_response": 3, "elapsed_seconds": 48.37948703765869, "judgement": "Good approximation"}
{"id": "physics_estimate_000632", "topic": "physics_estimate", "subtopic": "fill_rate", "prompt": "A faucet fills 10 liters at about 7 liters per minute. About how many minutes does it take?", "exact_value": 1.4285714285714286, "model": "Dream-org/Dream-v0-Instruct-7B", "provider": "transformers", "response": "Final answer: 1", "numeric_answer": 1.0, "relative_error": 0.3, "thinking_text": null, "has_tool_call": false, "tool_call": null, "usage": {"prompt_tokens": 165, "completion_tokens": 120, "total_tokens": 285, "token_count_source": "tokenizer"}, "decoding": {"temperature": 0.2, "top_p": null, "top_k": null, "max_tokens": 120, "seed": 42}, "prompt_tokens": 165, "completion_tokens": 120, "total_tokens": 285, "token_count_source": "tokenizer", "diffusion_steps": null, "flops_estimate": null, "flops_arch": null, "flops_model_params": null, "flops_active_params": null, "tokens_non_final": 3, "tokens_reasoning": 0, "tokens_response": 3, "elapsed_seconds": 48.37948703765869, "judgement": "Mildly off"}
{"id": "physics_estimate_000652", "topic": "physics_estimate", "subtopic": "fill_rate", "prompt": "A faucet fills 30 liters at about 6 liters per minute. About how many minutes does it take?", "exact_value": 5.0, "model": "Dream-org/Dream-v0-Instruct-7B", "provider": "transformers", "response": "Final answer: 5", "numeric_answer": 5.0, "relative_error": 0.0, "thinking_text": null, "has_tool_call": false, "tool_call": null, "usage": {"prompt_tokens": 165, "completion_tokens": 120, "total_tokens": 285, "token_count_source": "tokenizer"}, "decoding": {"temperature": 0.2, "top_p": null, "top_k": null, "max_tokens": 120, "seed": 42}, "prompt_tokens": 165, "completion_tokens": 120, "total_tokens": 285, "token_count_source": "tokenizer", "diffusion_steps": null, "flops_estimate": null, "flops_arch": null, "flops_model_params": null, "flops_active_params": null, "tokens_non_final": 3, "tokens_reasoning": 0, "tokens_response": 3, "elapsed_seconds": 48.37948703765869, "judgement": "Exact math"}
{"id": "physics_estimate_000672", "topic": "physics_estimate", "subtopic": "fill_rate", "prompt": "A faucet fills 10 liters at about 7 liters per minute. About how many minutes does it take?", "exact_value": 1.4285714285714286, "model": "Dream-org/Dream-v0-Instruct-7B", "provider": "transformers", "response": "Final answer: 1", "numeric_answer": 1.0, "relative_error": 0.3, "thinking_text": null, "has_tool_call": false, "tool_call": null, "usage": {"prompt_tokens": 165, "completion_tokens": 120, "total_tokens": 285, "token_count_source": "tokenizer"}, "decoding": {"temperature": 0.2, "top_p": null, "top_k": null, "max_tokens": 120, "seed": 42}, "prompt_tokens": 165, "completion_tokens": 120, "total_tokens": 285, "token_count_source": "tokenizer", "diffusion_steps": null, "flops_estimate": null, "flops_arch": null, "flops_model_params": null, "flops_active_params": null, "tokens_non_final": 3, "tokens_reasoning": 0, "tokens_response": 3, "elapsed_seconds": 48.38622069358826, "judgement": "Mildly off"}
{"id": "physics_estimate_000692", "topic": "physics_estimate", "subtopic": "fill_rate", "prompt": "A faucet fills 50 liters at about 6 liters per minute. About how many minutes does it take?", "exact_value": 8.333333333333334, "model": "Dream-org/Dream-v0-Instruct-7B", "provider": "transformers", "response": "Final answer: 8", "numeric_answer": 8.0, "relative_error": 0.04000000000000007, "thinking_text": null, "has_tool_call": false, "tool_call": null, "usage": {"prompt_tokens": 165, "completion_tokens": 120, "total_tokens": 285, "token_count_source": "tokenizer"}, "decoding": {"temperature": 0.2, "top_p": null, "top_k": null, "max_tokens": 120, "seed": 42}, "prompt_tokens": 165, "completion_tokens": 120, "total_tokens": 285, "token_count_source": "tokenizer", "diffusion_steps": null, "flops_estimate": null, "flops_arch": null, "flops_model_params": null, "flops_active_params": null, "tokens_non_final": 3, "tokens_reasoning": 0, "tokens_response": 3, "elapsed_seconds": 48.38622069358826, "judgement": "Good approximation"}
{"id": "physics_estimate_000712", "topic": "physics_estimate", "subtopic": "fill_rate", "prompt": "A faucet fills 15 liters at about 7 liters per minute. About how many minutes does it take?", "exact_value": 2.142857142857143, "model": "Dream-org/Dream-v0-Instruct-7B", "provider": "transformers", "response": "Final answer: 2", "numeric_answer": 2.0, "relative_error": 0.06666666666666664, "thinking_text": null, "has_tool_call": false, "tool_call": null, "usage": {"prompt_tokens": 165, "completion_tokens": 120, "total_tokens": 285, "token_count_source": "tokenizer"}, "decoding": {"temperature": 0.2, "top_p": null, "top_k": null, "max_tokens": 120, "seed": 42}, "prompt_tokens": 165, "completion_tokens": 120, "total_tokens": 285, "token_count_source": "tokenizer", "diffusion_steps": null, "flops_estimate": null, "flops_arch": null, "flops_model_params": null, "flops_active_params": null, "tokens_non_final": 3, "tokens_reasoning": 0, "tokens_response": 3, "elapsed_seconds": 48.38622069358826, "judgement": "Good approximation"}
{"id": "physics_estimate_000732", "topic": "physics_estimate", "subtopic": "fill_rate", "prompt": "A faucet fills 30 liters at about 7 liters per minute. About how many minutes does it take?", "exact_value": 4.285714285714286, "model": "Dream-org/Dream-v0-Instruct-7B", "provider": "transformers", "response": "Final answer: 4", "numeric_answer": 4.0, "relative_error": 0.06666666666666664, "thinking_text": null, "has_tool_call": false, "tool_call": null, "usage": {"prompt_tokens": 165, "completion_tokens": 120, "total_tokens": 285, "token_count_source": "tokenizer"}, "decoding": {"temperature": 0.2, "top_p": null, "top_k": null, "max_tokens": 120, "seed": 42}, "prompt_tokens": 165, "completion_tokens": 120, "total_tokens": 285, "token_count_source": "tokenizer", "diffusion_steps": null, "flops_estimate": null, "flops_arch": null, "flops_model_params": null, "flops_active_params": null, "tokens_non_final": 3, "tokens_reasoning": 0, "tokens_response": 3, "elapsed_seconds": 48.38622069358826, "judgement": "Good approximation"}
{"id": "physics_estimate_000752", "topic": "physics_estimate", "subtopic": "fill_rate", "prompt": "A faucet fills 15 liters at about 7 liters per minute. About how many minutes does it take?", "exact_value": 2.142857142857143, "model": "Dream-org/Dream-v0-Instruct-7B", "provider": "transformers", "response": "Final answer: 2", "numeric_answer": 2.0, "relative_error": 0.06666666666666664, "thinking_text": null, "has_tool_call": false, "tool_call": null, "usage": {"prompt_tokens": 165, "completion_tokens": 120, "total_tokens": 285, "token_count_source": "tokenizer"}, "decoding": {"temperature": 0.2, "top_p": null, "top_k": null, "max_tokens": 120, "seed": 42}, "prompt_tokens": 165, "completion_tokens": 120, "total_tokens": 285, "token_count_source": "tokenizer", "diffusion_steps": null, "flops_estimate": null, "flops_arch": null, "flops_model_params": null, "flops_active_params": null, "tokens_non_final": 3, "tokens_reasoning": 0, "tokens_response": 3, "elapsed_seconds": 48.34719133377075, "judgement": "Good approximation"}
{"id": "physics_estimate_000772", "topic": "physics_estimate", "subtopic": "fill_rate", "prompt": "A faucet fills 20 liters at about 6 liters per minute. About how many minutes does it take?", "exact_value": 3.3333333333333335, "model": "Dream-org/Dream-v0-Instruct-7B", "provider": "transformers", "response": "Final answer: 3", "numeric_answer": 3.0, "relative_error": 0.10000000000000003, "thinking_text": null, "has_tool_call": false, "tool_call": null, "usage": {"prompt_tokens": 165, "completion_tokens": 120, "total_tokens": 285, "token_count_source": "tokenizer"}, "decoding": {"temperature": 0.2, "top_p": null, "top_k": null, "max_tokens": 120, "seed": 42}, "prompt_tokens": 165, "completion_tokens": 120, "total_tokens": 285, "token_count_source": "tokenizer", "diffusion_steps": null, "flops_estimate": null, "flops_arch": null, "flops_model_params": null, "flops_active_params": null, "tokens_non_final": 3, "tokens_reasoning": 0, "tokens_response": 3, "elapsed_seconds": 48.34719133377075, "judgement": "Good approximation"}
{"id": "physics_estimate_000792", "topic": "physics_estimate", "subtopic": "fill_rate", "prompt": "A faucet fills 15 liters at about 5 liters per minute. About how many minutes does it take?", "exact_value": 3.0, "model": "Dream-org/Dream-v0-Instruct-7B", "provider": "transformers", "response": "Final answer: 3", "numeric_answer": 3.0, "relative_error": 0.0, "thinking_text": null, "has_tool_call": false, "tool_call": null, "usage": {"prompt_tokens": 165, "completion_tokens": 120, "total_tokens": 285, "token_count_source": "tokenizer"}, "decoding": {"temperature": 0.2, "top_p": null, "top_k": null, "max_tokens": 120, "seed": 42}, "prompt_tokens": 165, "completion_tokens": 120, "total_tokens": 285, "token_count_source": "tokenizer", "diffusion_steps": null, "flops_estimate": null, "flops_arch": null, "flops_model_params": null, "flops_active_params": null, "tokens_non_final": 3, "tokens_reasoning": 0, "tokens_response": 3, "elapsed_seconds": 48.34719133377075, "judgement": "Exact math"}
{"id": "physics_estimate_000812", "topic": "physics_estimate", "subtopic": "fill_rate", "prompt": "A faucet fills 40 liters at about 7 liters per minute. About how many minutes does it take?", "exact_value": 5.714285714285714, "model": "Dream-org/Dream-v0-Instruct-7B", "provider": "transformers", "response": "Final answer: 6", "numeric_answer": 6.0, "relative_error": 0.049999999999999975, "thinking_text": null, "has_tool_call": false, "tool_call": null, "usage": {"prompt_tokens": 165, "completion_tokens": 120, "total_tokens": 285, "token_count_source": "tokenizer"}, "decoding": {"temperature": 0.2, "top_p": null, "top_k": null, "max_tokens": 120, "seed": 42}, "prompt_tokens": 165, "completion_tokens": 120, "total_tokens": 285, "token_count_source": "tokenizer", "diffusion_steps": null, "flops_estimate": null, "flops_arch": null, "flops_model_params": null, "flops_active_params": null, "tokens_non_final": 3, "tokens_reasoning": 0, "tokens_response": 3, "elapsed_seconds": 48.34719133377075, "judgement": "Good approximation"}
{"id": "physics_estimate_000832", "topic": "physics_estimate", "subtopic": "fill_rate", "prompt": "A faucet fills 15 liters at about 4 liters per minute. About how many minutes does it take?", "exact_value": 3.75, "model": "Dream-org/Dream-v0-Instruct-7B", "provider": "transformers", "response": "Final answer: 4", "numeric_answer": 4.0, "relative_error": 0.06666666666666667, "thinking_text": null, "has_tool_call": false, "tool_call": null, "usage": {"prompt_tokens": 165, "completion_tokens": 120, "total_tokens": 285, "token_count_source": "tokenizer"}, "decoding": {"temperature": 0.2, "top_p": null, "top_k": null, "max_tokens": 120, "seed": 42}, "prompt_tokens": 165, "completion_tokens": 120, "total_tokens": 285, "token_count_source": "tokenizer", "diffusion_steps": null, "flops_estimate": null, "flops_arch": null, "flops_model_params": null, "flops_active_params": null, "tokens_non_final": 3, "tokens_reasoning": 0, "tokens_response": 3, "elapsed_seconds": 48.349743127822876, "judgement": "Good approximation"}
{"id": "physics_estimate_000852", "topic": "physics_estimate", "subtopic": "fill_rate", "prompt": "A faucet fills 10 liters at about 6 liters per minute. About how many minutes does it take?", "exact_value": 1.6666666666666667, "model": "Dream-org/Dream-v0-Instruct-7B", "provider": "transformers", "response": "Final answer: 2", "numeric_answer": 2.0, "relative_error": 0.19999999999999996, "thinking_text": null, "has_tool_call": false, "tool_call": null, "usage": {"prompt_tokens": 165, "completion_tokens": 120, "total_tokens": 285, "token_count_source": "tokenizer"}, "decoding": {"temperature": 0.2, "top_p": null, "top_k": null, "max_tokens": 120, "seed": 42}, "prompt_tokens": 165, "completion_tokens": 120, "total_tokens": 285, "token_count_source": "tokenizer", "diffusion_steps": null, "flops_estimate": null, "flops_arch": null, "flops_model_params": null, "flops_active_params": null, "tokens_non_final": 3, "tokens_reasoning": 0, "tokens_response": 3, "elapsed_seconds": 48.349743127822876, "judgement": "Good approximation"}
{"id": "physics_estimate_000872", "topic": "physics_estimate", "subtopic": "fill_rate", "prompt": "A faucet fills 30 liters at about 7 liters per minute. About how many minutes does it take?", "exact_value": 4.285714285714286, "model": "Dream-org/Dream-v0-Instruct-7B", "provider": "transformers", "response": "Final answer: 4", "numeric_answer": 4.0, "relative_error": 0.06666666666666664, "thinking_text": null, "has_tool_call": false, "tool_call": null, "usage": {"prompt_tokens": 165, "completion_tokens": 120, "total_tokens": 285, "token_count_source": "tokenizer"}, "decoding": {"temperature": 0.2, "top_p": null, "top_k": null, "max_tokens": 120, "seed": 42}, "prompt_tokens": 165, "completion_tokens": 120, "total_tokens": 285, "token_count_source": "tokenizer", "diffusion_steps": null, "flops_estimate": null, "flops_arch": null, "flops_model_params": null, "flops_active_params": null, "tokens_non_final": 3, "tokens_reasoning": 0, "tokens_response": 3, "elapsed_seconds": 48.349743127822876, "judgement": "Good approximation"}
{"id": "physics_estimate_000892", "topic": "physics_estimate", "subtopic": "fill_rate", "prompt": "A faucet fills 15 liters at about 4 liters per minute. About how many minutes does it take?", "exact_value": 3.75, "model": "Dream-org/Dream-v0-Instruct-7B", "provider": "transformers", "response": "Final answer: 4", "numeric_answer": 4.0, "relative_error": 0.06666666666666667, "thinking_text": null, "has_tool_call": false, "tool_call": null, "usage": {"prompt_tokens": 165, "completion_tokens": 120, "total_tokens": 285, "token_count_source": "tokenizer"}, "decoding": {"temperature": 0.2, "top_p": null, "top_k": null, "max_tokens": 120, "seed": 42}, "prompt_tokens": 165, "completion_tokens": 120, "total_tokens": 285, "token_count_source": "tokenizer", "diffusion_steps": null, "flops_estimate": null, "flops_arch": null, "flops_model_params": null, "flops_active_params": null, "tokens_non_final": 3, "tokens_reasoning": 0, "tokens_response": 3, "elapsed_seconds": 48.349743127822876, "judgement": "Good approximation"}
{"id": "physics_estimate_000912", "topic": "physics_estimate", "subtopic": "fill_rate", "prompt": "A faucet fills 30 liters at about 8 liters per minute. About how many minutes does it take?", "exact_value": 3.75, "model": "Dream-org/Dream-v0-Instruct-7B", "provider": "transformers", "response": "Final answer: 4", "numeric_answer": 4.0, "relative_error": 0.06666666666666667, "thinking_text": null, "has_tool_call": false, "tool_call": null, "usage": {"prompt_tokens": 165, "completion_tokens": 120, "total_tokens": 285, "token_count_source": "tokenizer"}, "decoding": {"temperature": 0.2, "top_p": null, "top_k": null, "max_tokens": 120, "seed": 42}, "prompt_tokens": 165, "completion_tokens": 120, "total_tokens": 285, "token_count_source": "tokenizer", "diffusion_steps": null, "flops_estimate": null, "flops_arch": null, "flops_model_params": null, "flops_active_params": null, "tokens_non_final": 3, "tokens_reasoning": 0, "tokens_response": 3, "elapsed_seconds": 48.33352446556091, "judgement": "Good approximation"}
{"id": "physics_estimate_000932", "topic": "physics_estimate", "subtopic": "fill_rate", "prompt": "A faucet fills 30 liters at about 6 liters per minute. About how many minutes does it take?", "exact_value": 5.0, "model": "Dream-org/Dream-v0-Instruct-7B", "provider": "transformers", "response": "Final answer: 5", "numeric_answer": 5.0, "relative_error": 0.0, "thinking_text": null, "has_tool_call": false, "tool_call": null, "usage": {"prompt_tokens": 165, "completion_tokens": 120, "total_tokens": 285, "token_count_source": "tokenizer"}, "decoding": {"temperature": 0.2, "top_p": null, "top_k": null, "max_tokens": 120, "seed": 42}, "prompt_tokens": 165, "completion_tokens": 120, "total_tokens": 285, "token_count_source": "tokenizer", "diffusion_steps": null, "flops_estimate": null, "flops_arch": null, "flops_model_params": null, "flops_active_params": null, "tokens_non_final": 3, "tokens_reasoning": 0, "tokens_response": 3, "elapsed_seconds": 48.33352446556091, "judgement": "Exact math"}
{"id": "physics_estimate_000952", "topic": "physics_estimate", "subtopic": "fill_rate", "prompt": "A faucet fills 40 liters at about 6 liters per minute. About how many minutes does it take?", "exact_value": 6.666666666666667, "model": "Dream-org/Dream-v0-Instruct-7B", "provider": "transformers", "response": "Final answer: 7", "numeric_answer": 7.0, "relative_error": 0.049999999999999954, "thinking_text": null, "has_tool_call": false, "tool_call": null, "usage": {"prompt_tokens": 165, "completion_tokens": 120, "total_tokens": 285, "token_count_source": "tokenizer"}, "decoding": {"temperature": 0.2, "top_p": null, "top_k": null, "max_tokens": 120, "seed": 42}, "prompt_tokens": 165, "completion_tokens": 120, "total_tokens": 285, "token_count_source": "tokenizer", "diffusion_steps": null, "flops_estimate": null, "flops_arch": null, "flops_model_params": null, "flops_active_params": null, "tokens_non_final": 3, "tokens_reasoning": 0, "tokens_response": 3, "elapsed_seconds": 48.33352446556091, "judgement": "Good approximation"}
{"id": "physics_estimate_000972", "topic": "physics_estimate", "subtopic": "fill_rate", "prompt": "A faucet fills 10 liters at about 8 liters per minute. About how many minutes does it take?", "exact_value": 1.25, "model": "Dream-org/Dream-v0-Instruct-7B", "provider": "transformers", "response": "Final answer: 1", "numeric_answer": 1.0, "relative_error": 0.2, "thinking_text": null, "has_tool_call": false, "tool_call": null, "usage": {"prompt_tokens": 165, "completion_tokens": 120, "total_tokens": 285, "token_count_source": "tokenizer"}, "decoding": {"temperature": 0.2, "top_p": null, "top_k": null, "max_tokens": 120, "seed": 42}, "prompt_tokens": 165, "completion_tokens": 120, "total_tokens": 285, "token_count_source": "tokenizer", "diffusion_steps": null, "flops_estimate": null, "flops_arch": null, "flops_model_params": null, "flops_active_params": null, "tokens_non_final": 3, "tokens_reasoning": 0, "tokens_response": 3, "elapsed_seconds": 48.33352446556091, "judgement": "Good approximation"}
{"id": "physics_estimate_000992", "topic": "physics_estimate", "subtopic": "fill_rate", "prompt": "A faucet fills 20 liters at about 4 liters per minute. About how many minutes does it take?", "exact_value": 5.0, "model": "Dream-org/Dream-v0-Instruct-7B", "provider": "transformers", "response": "Final answer: 5", "numeric_answer": 5.0, "relative_error": 0.0, "thinking_text": null, "has_tool_call": false, "tool_call": null, "usage": {"prompt_tokens": 165, "completion_tokens": 120, "total_tokens": 285, "token_count_source": "tokenizer"}, "decoding": {"temperature": 0.2, "top_p": null, "top_k": null, "max_tokens": 120, "seed": 42}, "prompt_tokens": 165, "completion_tokens": 120, "total_tokens": 285, "token_count_source": "tokenizer", "diffusion_steps": null, "flops_estimate": null, "flops_arch": null, "flops_model_params": null, "flops_active_params": null, "tokens_non_final": 3, "tokens_reasoning": 0, "tokens_response": 3, "elapsed_seconds": 48.310338258743286, "judgement": "Exact math"}
{"id": "physics_estimate_001012", "topic": "physics_estimate", "subtopic": "fill_rate", "prompt": "A faucet fills 10 liters at about 6 liters per minute. About how many minutes does it take?", "exact_value": 1.6666666666666667, "model": "Dream-org/Dream-v0-Instruct-7B", "provider": "transformers", "response": "Final answer: 2", "numeric_answer": 2.0, "relative_error": 0.19999999999999996, "thinking_text": null, "has_tool_call": false, "tool_call": null, "usage": {"prompt_tokens": 165, "completion_tokens": 120, "total_tokens": 285, "token_count_source": "tokenizer"}, "decoding": {"temperature": 0.2, "top_p": null, "top_k": null, "max_tokens": 120, "seed": 42}, "prompt_tokens": 165, "completion_tokens": 120, "total_tokens": 285, "token_count_source": "tokenizer", "diffusion_steps": null, "flops_estimate": null, "flops_arch": null, "flops_model_params": null, "flops_active_params": null, "tokens_non_final": 3, "tokens_reasoning": 0, "tokens_response": 3, "elapsed_seconds": 48.310338258743286, "judgement": "Good approximation"}
{"id": "physics_estimate_001032", "topic": "physics_estimate", "subtopic": "fill_rate", "prompt": "A faucet fills 30 liters at about 6 liters per minute. About how many minutes does it take?", "exact_value": 5.0, "model": "Dream-org/Dream-v0-Instruct-7B", "provider": "transformers", "response": "Final answer: 5", "numeric_answer": 5.0, "relative_error": 0.0, "thinking_text": null, "has_tool_call": false, "tool_call": null, "usage": {"prompt_tokens": 165, "completion_tokens": 120, "total_tokens": 285, "token_count_source": "tokenizer"}, "decoding": {"temperature": 0.2, "top_p": null, "top_k": null, "max_tokens": 120, "seed": 42}, "prompt_tokens": 165, "completion_tokens": 120, "total_tokens": 285, "token_count_source": "tokenizer", "diffusion_steps": null, "flops_estimate": null, "flops_arch": null, "flops_model_params": null, "flops_active_params": null, "tokens_non_final": 3, "tokens_reasoning": 0, "tokens_response": 3, "elapsed_seconds": 48.310338258743286, "judgement": "Exact math"}
{"id": "physics_estimate_001052", "topic": "physics_estimate", "subtopic": "fill_rate", "prompt": "A faucet fills 10 liters at about 5 liters per minute. About how many minutes does it take?", "exact_value": 2.0, "model": "Dream-org/Dream-v0-Instruct-7B", "provider": "transformers", "response": "Final answer: 2", "numeric_answer": 2.0, "relative_error": 0.0, "thinking_text": null, "has_tool_call": false, "tool_call": null, "usage": {"prompt_tokens": 165, "completion_tokens": 120, "total_tokens": 285, "token_count_source": "tokenizer"}, "decoding": {"temperature": 0.2, "top_p": null, "top_k": null, "max_tokens": 120, "seed": 42}, "prompt_tokens": 165, "completion_tokens": 120, "total_tokens": 285, "token_count_source": "tokenizer", "diffusion_steps": null, "flops_estimate": null, "flops_arch": null, "flops_model_params": null, "flops_active_params": null, "tokens_non_final": 3, "tokens_reasoning": 0, "tokens_response": 3, "elapsed_seconds": 48.310338258743286, "judgement": "Exact math"}
{"summary": {"samples": 500, "judgement_counts": {"Good approximation": 314, "Uncategorized": 12, "Mildly off": 51, "Way off": 83, "Exact math": 40}, "count_good_approximation": 314, "count_exact_math": 40, "count_mildly_off": 51, "count_way_off": 83, "good_approximation_rate": 0.628, "exact_math_rate": 0.08, "good_approximation_rate_ci_95": [0.5848081115127891, 0.6692399861432996], "exact_math_rate_ci_95": [0.05929780247392154, 0.1071068770920373], "counts_by_topic": {"basket_sum": {"n": 86, "count_good_approximation": 64, "count_exact_math": 0, "count_mildly_off": 2, "count_way_off": 9}, "discounts": {"n": 85, "count_good_approximation": 36, "count_exact_math": 0, "count_mildly_off": 30, "count_way_off": 19}, "taxes": {"n": 61, "count_good_approximation": 32, "count_exact_math": 0, "count_mildly_off": 9, "count_way_off": 20}, "units": {"n": 61, "count_good_approximation": 56, "count_exact_math": 4, "count_mildly_off": 0, "count_way_off": 1}, "tips": {"n": 61, "count_good_approximation": 52, "count_exact_math": 0, "count_mildly_off": 0, "count_way_off": 8}, "fermi": {"n": 49, "count_good_approximation": 2, "count_exact_math": 21, "count_mildly_off": 2, "count_way_off": 24}, "travel_time": {"n": 49, "count_good_approximation": 43, "count_exact_math": 0, "count_mildly_off": 4, "count_way_off": 2}, "physics_estimate": {"n": 48, "count_good_approximation": 29, "count_exact_math": 15, "count_mildly_off": 4, "count_way_off": 0}}, "counts_by_subtopic": {"decimal_prices": {"n": 86, "count_good_approximation": 64, "count_exact_math": 0, "count_mildly_off": 2, "count_way_off": 9}, "buy_n_get_m": {"n": 14, "count_good_approximation": 6, "count_exact_math": 0, "count_mildly_off": 8, "count_way_off": 0}, "threshold": {"n": 22, "count_good_approximation": 11, "count_exact_math": 0, "count_mildly_off": 3, "count_way_off": 8}, "percent": {"n": 16, "count_good_approximation": 5, "count_exact_math": 0, "count_mildly_off": 3, "count_way_off": 8}, "stacked": {"n": 18, "count_good_approximation": 8, "count_exact_math": 0, "count_mildly_off": 8, "count_way_off": 2}, "bogo": {"n": 15, "count_good_approximation": 6, "count_exact_math": 0, "count_mildly_off": 8, "count_way_off": 1}, "pre_discount_tax": {"n": 25, "count_good_approximation": 10, "count_exact_math": 0, "count_mildly_off": 4, "count_way_off": 11}, "post_discount_tax": {"n": 36, "count_good_approximation": 22, "count_exact_math": 0, "count_mildly_off": 5, "count_way_off": 9}, "kg_g": {"n": 31, "count_good_approximation": 28, "count_exact_math": 3, "count_mildly_off": 0, "count_way_off": 0}, "lb_oz": {"n": 30, "count_good_approximation": 28, "count_exact_math": 1, "count_mildly_off": 0, "count_way_off": 1}, "tips_service": {"n": 61, "count_good_approximation": 52, "count_exact_math": 0, "count_mildly_off": 0, "count_way_off": 8}, "crowd_density": {"n": 49, "count_good_approximation": 2, "count_exact_math": 21, "count_mildly_off": 2, "count_way_off": 24}, "drive_time": {"n": 49, "count_good_approximation": 43, "count_exact_math": 0, "count_mildly_off": 4, "count_way_off": 2}, "fill_rate": {"n": 48, "count_good_approximation": 29, "count_exact_math": 15, "count_mildly_off": 4, "count_way_off": 0}}, "tool_call_count": 0, "avg_elapsed_seconds": 51.142998685836794, "avg_tokens_non_final": 5.216, "avg_tokens_reasoning": 0.0, "avg_tokens": 5.216, "avg_completion_tokens": 124.71, "avg_prompt_tokens": 179.05, "avg_total_tokens": 303.76, "avg_flops_estimate": null, "token_counts_include_prompt": true, "token_count_sources": {"tokenizer": 500}, "avg_relative_error": 0.2532696657908832, "median_relative_error": 0.05838041431261763}}
