{"id": "basket_sum_000171", "topic": "basket_sum", "subtopic": "decimal_prices", "prompt": "You’re buying 3 items: $7.04, $12.56, $5.78. About how much will you pay (before tax)?", "exact_value": 25.38, "model": "Dream-org/Dream-v0-Instruct-7B", "provider": "transformers", "response": "an integer, round to nearly 5 or 10's multiple.<|im_end|>\n<|im_start|>assistant\nFinal answer: 22.", "numeric_answer": 22.0, "relative_error": 0.13317572892040974, "thinking_text": null, "has_tool_call": false, "tool_call": null, "usage": {"prompt_tokens": 178, "completion_tokens": 140, "total_tokens": 318, "token_count_source": "tokenizer"}, "decoding": {"temperature": 0.2, "top_p": null, "top_k": null, "max_tokens": 120, "seed": 42}, "prompt_tokens": 178, "completion_tokens": 140, "total_tokens": 318, "token_count_source": "tokenizer", "diffusion_steps": null, "flops_estimate": null, "flops_arch": null, "flops_model_params": null, "flops_active_params": null, "tokens_non_final": 13, "tokens_reasoning": 0, "tokens_response": 13, "elapsed_seconds": 51.6367871761322, "judgement": "Good approximation"}
{"id": "basket_sum_000191", "topic": "basket_sum", "subtopic": "decimal_prices", "prompt": "You’re buying 5 items: $17.31, $7.03, $9.93, $19.51, $11.17. About how much will you pay (before tax)?", "exact_value": 64.95, "model": "Dream-org/Dream-v0-Instruct-7B", "provider": "transformers", "response": ".<|im_end|>\n<|im_start|>assistant\nFinal answer: 16.", "numeric_answer": 16.0, "relative_error": 0.7536566589684373, "thinking_text": null, "has_tool_call": false, "tool_call": null, "usage": {"prompt_tokens": 192, "completion_tokens": 126, "total_tokens": 318, "token_count_source": "tokenizer"}, "decoding": {"temperature": 0.2, "top_p": null, "top_k": null, "max_tokens": 120, "seed": 42}, "prompt_tokens": 192, "completion_tokens": 126, "total_tokens": 318, "token_count_source": "tokenizer", "diffusion_steps": null, "flops_estimate": null, "flops_arch": null, "flops_model_params": null, "flops_active_params": null, "tokens_non_final": 5, "tokens_reasoning": 0, "tokens_response": 5, "elapsed_seconds": 51.6367871761322, "judgement": "Way off"}
{"id": "basket_sum_000211", "topic": "basket_sum", "subtopic": "decimal_prices", "prompt": "You’re buying 6 items: $13.05, $4.61, $17.83, $17.37, $4.97, $2.96. About how much will you pay (before tax)?", "exact_value": 60.79, "model": "Dream-org/Dream-v0-Instruct-7B", "provider": "transformers", "response": "Final answer: 120.00", "numeric_answer": 120.0, "relative_error": 0.9740088830399737, "thinking_text": null, "has_tool_call": false, "tool_call": null, "usage": {"prompt_tokens": 198, "completion_tokens": 120, "total_tokens": 318, "token_count_source": "tokenizer"}, "decoding": {"temperature": 0.2, "top_p": null, "top_k": null, "max_tokens": 120, "seed": 42}, "prompt_tokens": 198, "completion_tokens": 120, "total_tokens": 318, "token_count_source": "tokenizer", "diffusion_steps": null, "flops_estimate": null, "flops_arch": null, "flops_model_params": null, "flops_active_params": null, "tokens_non_final": 3, "tokens_reasoning": 0, "tokens_response": 3, "elapsed_seconds": 51.6367871761322, "judgement": "Way off"}
{"id": "basket_sum_000231", "topic": "basket_sum", "subtopic": "decimal_prices", "prompt": "You’re buying 6 items: $4.43, $10.89, $5.57, $12.80, $4.22, $15.17. About how much will you pay (before tax)?", "exact_value": 53.08, "model": "Dream-org/Dream-v0-Instruct-7B", "provider": "transformers", "response": "Final answer: 100.", "numeric_answer": 100.0, "relative_error": 0.8839487565938207, "thinking_text": null, "has_tool_call": false, "tool_call": null, "usage": {"prompt_tokens": 198, "completion_tokens": 120, "total_tokens": 318, "token_count_source": "tokenizer"}, "decoding": {"temperature": 0.2, "top_p": null, "top_k": null, "max_tokens": 120, "seed": 42}, "prompt_tokens": 198, "completion_tokens": 120, "total_tokens": 318, "token_count_source": "tokenizer", "diffusion_steps": null, "flops_estimate": null, "flops_arch": null, "flops_model_params": null, "flops_active_params": null, "tokens_non_final": 3, "tokens_reasoning": 0, "tokens_response": 3, "elapsed_seconds": 51.6367871761322, "judgement": "Way off"}
{"id": "basket_sum_000251", "topic": "basket_sum", "subtopic": "decimal_prices", "prompt": "You’re buying 4 items: $7.24, $9.93, $15.10, $11.31. About how much will you pay (before tax)?", "exact_value": 43.58, "model": "Dream-org/Dream-v0-Instruct-7B", "provider": "transformers", "response": "Final answer: 3.", "numeric_answer": 3.0, "relative_error": 0.9311610830656264, "thinking_text": null, "has_tool_call": false, "tool_call": null, "usage": {"prompt_tokens": 185, "completion_tokens": 121, "total_tokens": 306, "token_count_source": "tokenizer"}, "decoding": {"temperature": 0.2, "top_p": null, "top_k": null, "max_tokens": 120, "seed": 42}, "prompt_tokens": 185, "completion_tokens": 121, "total_tokens": 306, "token_count_source": "tokenizer", "diffusion_steps": null, "flops_estimate": null, "flops_arch": null, "flops_model_params": null, "flops_active_params": null, "tokens_non_final": 3, "tokens_reasoning": 0, "tokens_response": 3, "elapsed_seconds": 50.93738579750061, "judgement": "Way off"}
{"id": "basket_sum_000271", "topic": "basket_sum", "subtopic": "decimal_prices", "prompt": "You’re buying 4 items: $19.91, $19.58, $6.09, $1.98. About how much will you pay (before tax)?", "exact_value": 47.56, "model": "Dream-org/Dream-v0-Instruct-7B", "provider": "transformers", "response": "Final answer:", "numeric_answer": null, "relative_error": null, "thinking_text": null, "has_tool_call": false, "tool_call": null, "usage": {"prompt_tokens": 185, "completion_tokens": 121, "total_tokens": 306, "token_count_source": "tokenizer"}, "decoding": {"temperature": 0.2, "top_p": null, "top_k": null, "max_tokens": 120, "seed": 42}, "prompt_tokens": 185, "completion_tokens": 121, "total_tokens": 306, "token_count_source": "tokenizer", "diffusion_steps": null, "flops_estimate": null, "flops_arch": null, "flops_model_params": null, "flops_active_params": null, "tokens_non_final": 2, "tokens_reasoning": 0, "tokens_response": 2, "elapsed_seconds": 50.93738579750061, "judgement": "Uncategorized"}
{"id": "basket_sum_000291", "topic": "basket_sum", "subtopic": "decimal_prices", "prompt": "You’re buying 4 items: $10.75, $8.39, $14.91, $11.50. About how much will you pay (before tax)?", "exact_value": 45.55, "model": "Dream-org/Dream-v0-Instruct-7B", "provider": "transformers", "response": "Final answer: 116.", "numeric_answer": 116.0, "relative_error": 1.5466520307354557, "thinking_text": null, "has_tool_call": false, "tool_call": null, "usage": {"prompt_tokens": 186, "completion_tokens": 120, "total_tokens": 306, "token_count_source": "tokenizer"}, "decoding": {"temperature": 0.2, "top_p": null, "top_k": null, "max_tokens": 120, "seed": 42}, "prompt_tokens": 186, "completion_tokens": 120, "total_tokens": 306, "token_count_source": "tokenizer", "diffusion_steps": null, "flops_estimate": null, "flops_arch": null, "flops_model_params": null, "flops_active_params": null, "tokens_non_final": 3, "tokens_reasoning": 0, "tokens_response": 3, "elapsed_seconds": 50.93738579750061, "judgement": "Way off"}
{"id": "basket_sum_000311", "topic": "basket_sum", "subtopic": "decimal_prices", "prompt": "You’re buying 3 items: $15.35, $16.98, $2.04. About how much will you pay (before tax)?", "exact_value": 34.37, "model": "Dream-org/Dream-v0-Instruct-7B", "provider": "transformers", "response": "multiple.<|im_end|>\n<|im_start|>assistant\nFinal answer: 10..", "numeric_answer": 10.0, "relative_error": 0.709048588885656, "thinking_text": null, "has_tool_call": false, "tool_call": null, "usage": {"prompt_tokens": 179, "completion_tokens": 127, "total_tokens": 306, "token_count_source": "tokenizer"}, "decoding": {"temperature": 0.2, "top_p": null, "top_k": null, "max_tokens": 120, "seed": 42}, "prompt_tokens": 179, "completion_tokens": 127, "total_tokens": 306, "token_count_source": "tokenizer", "diffusion_steps": null, "flops_estimate": null, "flops_arch": null, "flops_model_params": null, "flops_active_params": null, "tokens_non_final": 5, "tokens_reasoning": 0, "tokens_response": 5, "elapsed_seconds": 50.93738579750061, "judgement": "Way off"}
{"id": "basket_sum_000331", "topic": "basket_sum", "subtopic": "decimal_prices", "prompt": "You’re buying 6 items: $10.51, $16.13, $18.17, $3.75, $7.32, $10.07. About how much will you pay (before tax)?", "exact_value": 65.95, "model": "Dream-org/Dream-v0-Instruct-7B", "provider": "transformers", "response": "Final answer: 15", "numeric_answer": 15.0, "relative_error": 0.7725549658832449, "thinking_text": null, "has_tool_call": false, "tool_call": null, "usage": {"prompt_tokens": 199, "completion_tokens": 120, "total_tokens": 319, "token_count_source": "tokenizer"}, "decoding": {"temperature": 0.2, "top_p": null, "top_k": null, "max_tokens": 120, "seed": 42}, "prompt_tokens": 199, "completion_tokens": 120, "total_tokens": 319, "token_count_source": "tokenizer", "diffusion_steps": null, "flops_estimate": null, "flops_arch": null, "flops_model_params": null, "flops_active_params": null, "tokens_non_final": 3, "tokens_reasoning": 0, "tokens_response": 3, "elapsed_seconds": 51.6676983833313, "judgement": "Way off"}
{"id": "basket_sum_000351", "topic": "basket_sum", "subtopic": "decimal_prices", "prompt": "You’re buying 5 items: $4.79, $14.12, $9.07, $19.61, $11.68. About how much will you pay (before tax)?", "exact_value": 59.27, "model": "Dream-org/Dream-v0-Instruct-7B", "provider": "transformers", "response": "multiple.<|im_end|>\n<|im_start|>assistant\nFinal answer: 20.00", "numeric_answer": 20.0, "relative_error": 0.6625611607896069, "thinking_text": null, "has_tool_call": false, "tool_call": null, "usage": {"prompt_tokens": 192, "completion_tokens": 127, "total_tokens": 319, "token_count_source": "tokenizer"}, "decoding": {"temperature": 0.2, "top_p": null, "top_k": null, "max_tokens": 120, "seed": 42}, "prompt_tokens": 192, "completion_tokens": 127, "total_tokens": 319, "token_count_source": "tokenizer", "diffusion_steps": null, "flops_estimate": null, "flops_arch": null, "flops_model_params": null, "flops_active_params": null, "tokens_non_final": 5, "tokens_reasoning": 0, "tokens_response": 5, "elapsed_seconds": 51.6676983833313, "judgement": "Way off"}
{"id": "basket_sum_000371", "topic": "basket_sum", "subtopic": "decimal_prices", "prompt": "You’re buying 5 items: $9.72, $2.29, $17.88, $2.49, $9.86. About how much will you pay (before tax)?", "exact_value": 42.24, "model": "Dream-org/Dream-v0-Instruct-7B", "provider": "transformers", "response": "0's multiple.<|im_end|>\n<|im_start|>assistant\nFinal answer: 200.", "numeric_answer": 200.0, "relative_error": 3.7348484848484844, "thinking_text": null, "has_tool_call": false, "tool_call": null, "usage": {"prompt_tokens": 190, "completion_tokens": 129, "total_tokens": 319, "token_count_source": "tokenizer"}, "decoding": {"temperature": 0.2, "top_p": null, "top_k": null, "max_tokens": 120, "seed": 42}, "prompt_tokens": 190, "completion_tokens": 129, "total_tokens": 319, "token_count_source": "tokenizer", "diffusion_steps": null, "flops_estimate": null, "flops_arch": null, "flops_model_params": null, "flops_active_params": null, "tokens_non_final": 6, "tokens_reasoning": 0, "tokens_response": 6, "elapsed_seconds": 51.6676983833313, "judgement": "Way off"}
{"id": "basket_sum_000391", "topic": "basket_sum", "subtopic": "decimal_prices", "prompt": "You’re buying 6 items: $2.67, $2.79, $9.35, $5.00, $6.23, $4.50. About how much will you pay (before tax)?", "exact_value": 30.54, "model": "Dream-org/Dream-v0-Instruct-7B", "provider": "transformers", "response": "<|im_start|>assistant\nFinal answer: 19", "numeric_answer": 19.0, "relative_error": 0.37786509495743287, "thinking_text": null, "has_tool_call": false, "tool_call": null, "usage": {"prompt_tokens": 195, "completion_tokens": 124, "total_tokens": 319, "token_count_source": "tokenizer"}, "decoding": {"temperature": 0.2, "top_p": null, "top_k": null, "max_tokens": 120, "seed": 42}, "prompt_tokens": 195, "completion_tokens": 124, "total_tokens": 319, "token_count_source": "tokenizer", "diffusion_steps": null, "flops_estimate": null, "flops_arch": null, "flops_model_params": null, "flops_active_params": null, "tokens_non_final": 4, "tokens_reasoning": 0, "tokens_response": 4, "elapsed_seconds": 51.6676983833313, "judgement": "Mildly off"}
{"id": "basket_sum_000411", "topic": "basket_sum", "subtopic": "decimal_prices", "prompt": "You’re buying 6 items: $19.35, $1.11, $7.30, $7.27, $14.63, $8.58. About how much will you pay (before tax)?", "exact_value": 58.24, "model": "Dream-org/Dream-v0-Instruct-7B", "provider": "transformers", "response": "Final answer: 3.", "numeric_answer": 3.0, "relative_error": 0.948489010989011, "thinking_text": null, "has_tool_call": false, "tool_call": null, "usage": {"prompt_tokens": 197, "completion_tokens": 120, "total_tokens": 317, "token_count_source": "tokenizer"}, "decoding": {"temperature": 0.2, "top_p": null, "top_k": null, "max_tokens": 120, "seed": 42}, "prompt_tokens": 197, "completion_tokens": 120, "total_tokens": 317, "token_count_source": "tokenizer", "diffusion_steps": null, "flops_estimate": null, "flops_arch": null, "flops_model_params": null, "flops_active_params": null, "tokens_non_final": 3, "tokens_reasoning": 0, "tokens_response": 3, "elapsed_seconds": 51.63950514793396, "judgement": "Way off"}
{"id": "basket_sum_000431", "topic": "basket_sum", "subtopic": "decimal_prices", "prompt": "You’re buying 5 items: $7.21, $16.25, $15.35, $1.62, $15.01. About how much will you pay (before tax)?", "exact_value": 55.44, "model": "Dream-org/Dream-v0-Instruct-7B", "provider": "transformers", "response": "<|im_end|>\n<|im_start|>assistant\nFinal answer: 22.0.", "numeric_answer": 22.0, "relative_error": 0.6031746031746031, "thinking_text": null, "has_tool_call": false, "tool_call": null, "usage": {"prompt_tokens": 192, "completion_tokens": 125, "total_tokens": 317, "token_count_source": "tokenizer"}, "decoding": {"temperature": 0.2, "top_p": null, "top_k": null, "max_tokens": 120, "seed": 42}, "prompt_tokens": 192, "completion_tokens": 125, "total_tokens": 317, "token_count_source": "tokenizer", "diffusion_steps": null, "flops_estimate": null, "flops_arch": null, "flops_model_params": null, "flops_active_params": null, "tokens_non_final": 5, "tokens_reasoning": 0, "tokens_response": 5, "elapsed_seconds": 51.63950514793396, "judgement": "Way off"}
{"id": "basket_sum_000451", "topic": "basket_sum", "subtopic": "decimal_prices", "prompt": "You’re buying 4 items: $15.91, $2.34, $17.70, $14.92. About how much will you pay (before tax)?", "exact_value": 50.87, "model": "Dream-org/Dream-v0-Instruct-7B", "provider": "transformers", "response": "10's multiple.<|im_end|>\n<|im_start|>assistant\nFinal answer: 15.", "numeric_answer": 15.0, "relative_error": 0.7051307253784156, "thinking_text": null, "has_tool_call": false, "tool_call": null, "usage": {"prompt_tokens": 186, "completion_tokens": 131, "total_tokens": 317, "token_count_source": "tokenizer"}, "decoding": {"temperature": 0.2, "top_p": null, "top_k": null, "max_tokens": 120, "seed": 42}, "prompt_tokens": 186, "completion_tokens": 131, "total_tokens": 317, "token_count_source": "tokenizer", "diffusion_steps": null, "flops_estimate": null, "flops_arch": null, "flops_model_params": null, "flops_active_params": null, "tokens_non_final": 6, "tokens_reasoning": 0, "tokens_response": 6, "elapsed_seconds": 51.63950514793396, "judgement": "Way off"}
{"id": "basket_sum_000471", "topic": "basket_sum", "subtopic": "decimal_prices", "prompt": "You’re buying 5 items: $9.40, $19.52, $11.04, $3.12, $1.27. About how much will you pay (before tax)?", "exact_value": 44.35, "model": "Dream-org/Dream-v0-Instruct-7B", "provider": "transformers", "response": ".<|im_end|>\n<|im_start|>assistant\nFinal answer: 8.", "numeric_answer": 8.0, "relative_error": 0.8196166854565953, "thinking_text": null, "has_tool_call": false, "tool_call": null, "usage": {"prompt_tokens": 191, "completion_tokens": 126, "total_tokens": 317, "token_count_source": "tokenizer"}, "decoding": {"temperature": 0.2, "top_p": null, "top_k": null, "max_tokens": 120, "seed": 42}, "prompt_tokens": 191, "completion_tokens": 126, "total_tokens": 317, "token_count_source": "tokenizer", "diffusion_steps": null, "flops_estimate": null, "flops_arch": null, "flops_model_params": null, "flops_active_params": null, "tokens_non_final": 5, "tokens_reasoning": 0, "tokens_response": 5, "elapsed_seconds": 51.63950514793396, "judgement": "Way off"}
{"id": "basket_sum_000491", "topic": "basket_sum", "subtopic": "decimal_prices", "prompt": "You’re buying 3 items: $12.29, $7.74, $10.02. About how much will you pay (before tax)?", "exact_value": 30.05, "model": "Dream-org/Dream-v0-Instruct-7B", "provider": "transformers", "response": "5 or 10's multiple.<|im_end|>\n<|im_start|>assistant\nFinal answer: $11.00", "numeric_answer": 5.0, "relative_error": 0.8336106489184693, "thinking_text": null, "has_tool_call": false, "tool_call": null, "usage": {"prompt_tokens": 179, "completion_tokens": 133, "total_tokens": 312, "token_count_source": "tokenizer"}, "decoding": {"temperature": 0.2, "top_p": null, "top_k": null, "max_tokens": 120, "seed": 42}, "prompt_tokens": 179, "completion_tokens": 133, "total_tokens": 312, "token_count_source": "tokenizer", "diffusion_steps": null, "flops_estimate": null, "flops_arch": null, "flops_model_params": null, "flops_active_params": null, "tokens_non_final": 8, "tokens_reasoning": 0, "tokens_response": 8, "elapsed_seconds": 51.237571716308594, "judgement": "Way off"}
{"id": "basket_sum_000511", "topic": "basket_sum", "subtopic": "decimal_prices", "prompt": "You’re buying 5 items: $19.01, $7.47, $3.87, $10.40, $14.78. About how much will you pay (before tax)?", "exact_value": 55.53, "model": "Dream-org/Dream-v0-Instruct-7B", "provider": "transformers", "response": "Final answer: 1", "numeric_answer": 1.0, "relative_error": 0.9819917161894471, "thinking_text": null, "has_tool_call": false, "tool_call": null, "usage": {"prompt_tokens": 192, "completion_tokens": 120, "total_tokens": 312, "token_count_source": "tokenizer"}, "decoding": {"temperature": 0.2, "top_p": null, "top_k": null, "max_tokens": 120, "seed": 42}, "prompt_tokens": 192, "completion_tokens": 120, "total_tokens": 312, "token_count_source": "tokenizer", "diffusion_steps": null, "flops_estimate": null, "flops_arch": null, "flops_model_params": null, "flops_active_params": null, "tokens_non_final": 3, "tokens_reasoning": 0, "tokens_response": 3, "elapsed_seconds": 51.237571716308594, "judgement": "Way off"}
{"id": "basket_sum_000531", "topic": "basket_sum", "subtopic": "decimal_prices", "prompt": "You’re buying 3 items: $19.08, $1.40, $9.05. About how much will you pay (before tax)?", "exact_value": 29.53, "model": "Dream-org/Dream-v0-Instruct-7B", "provider": "transformers", "response": "5 or 10's multiple.<|im_end|>\n<|im_start|>assistant\nFinal answer: 1.", "numeric_answer": 1.0, "relative_error": 0.9661361327463597, "thinking_text": null, "has_tool_call": false, "tool_call": null, "usage": {"prompt_tokens": 178, "completion_tokens": 134, "total_tokens": 312, "token_count_source": "tokenizer"}, "decoding": {"temperature": 0.2, "top_p": null, "top_k": null, "max_tokens": 120, "seed": 42}, "prompt_tokens": 178, "completion_tokens": 134, "total_tokens": 312, "token_count_source": "tokenizer", "diffusion_steps": null, "flops_estimate": null, "flops_arch": null, "flops_model_params": null, "flops_active_params": null, "tokens_non_final": 8, "tokens_reasoning": 0, "tokens_response": 8, "elapsed_seconds": 51.237571716308594, "judgement": "Way off"}
{"id": "basket_sum_000551", "topic": "basket_sum", "subtopic": "decimal_prices", "prompt": "You’re buying 4 items: $11.87, $4.88, $19.26, $15.04. About how much will you pay (before tax)?", "exact_value": 51.05, "model": "Dream-org/Dream-v0-Instruct-7B", "provider": "transformers", "response": ".<|im_end|>\n<|im_start|>assistant\nFinal answer: 100.", "numeric_answer": 100.0, "relative_error": 0.9588638589618023, "thinking_text": null, "has_tool_call": false, "tool_call": null, "usage": {"prompt_tokens": 186, "completion_tokens": 126, "total_tokens": 312, "token_count_source": "tokenizer"}, "decoding": {"temperature": 0.2, "top_p": null, "top_k": null, "max_tokens": 120, "seed": 42}, "prompt_tokens": 186, "completion_tokens": 126, "total_tokens": 312, "token_count_source": "tokenizer", "diffusion_steps": null, "flops_estimate": null, "flops_arch": null, "flops_model_params": null, "flops_active_params": null, "tokens_non_final": 5, "tokens_reasoning": 0, "tokens_response": 5, "elapsed_seconds": 51.237571716308594, "judgement": "Way off"}
{"id": "basket_sum_000571", "topic": "basket_sum", "subtopic": "decimal_prices", "prompt": "You’re buying 6 items: $6.73, $19.19, $7.76, $16.39, $3.13, $17.44. About how much will you pay (before tax)?", "exact_value": 70.64, "model": "Dream-org/Dream-v0-Instruct-7B", "provider": "transformers", "response": "assistant\nFinal answer: 5.", "numeric_answer": 5.0, "relative_error": 0.9292185730464326, "thinking_text": null, "has_tool_call": false, "tool_call": null, "usage": {"prompt_tokens": 198, "completion_tokens": 122, "total_tokens": 320, "token_count_source": "tokenizer"}, "decoding": {"temperature": 0.2, "top_p": null, "top_k": null, "max_tokens": 120, "seed": 42}, "prompt_tokens": 198, "completion_tokens": 122, "total_tokens": 320, "token_count_source": "tokenizer", "diffusion_steps": null, "flops_estimate": null, "flops_arch": null, "flops_model_params": null, "flops_active_params": null, "tokens_non_final": 4, "tokens_reasoning": 0, "tokens_response": 4, "elapsed_seconds": 51.69455814361572, "judgement": "Way off"}
{"id": "basket_sum_000591", "topic": "basket_sum", "subtopic": "decimal_prices", "prompt": "You’re buying 3 items: $0.99, $3.35, $7.00. About how much will you pay (before tax)?", "exact_value": 11.34, "model": "Dream-org/Dream-v0-Instruct-7B", "provider": "transformers", "response": "number is already an integer, round to nearly 5 or 10's multiple.<|im_end|>\n<|im_start|>assistant\nFinal answer: 10.", "numeric_answer": 10.0, "relative_error": 0.11816578483245149, "thinking_text": null, "has_tool_call": false, "tool_call": null, "usage": {"prompt_tokens": 177, "completion_tokens": 143, "total_tokens": 320, "token_count_source": "tokenizer"}, "decoding": {"temperature": 0.2, "top_p": null, "top_k": null, "max_tokens": 120, "seed": 42}, "prompt_tokens": 177, "completion_tokens": 143, "total_tokens": 320, "token_count_source": "tokenizer", "diffusion_steps": null, "flops_estimate": null, "flops_arch": null, "flops_model_params": null, "flops_active_params": null, "tokens_non_final": 16, "tokens_reasoning": 0, "tokens_response": 16, "elapsed_seconds": 51.69455814361572, "judgement": "Good approximation"}
{"id": "basket_sum_000611", "topic": "basket_sum", "subtopic": "decimal_prices", "prompt": "You’re buying 5 items: $18.98, $19.99, $18.20, $16.09, $3.27. About how much will you pay (before tax)?", "exact_value": 76.53, "model": "Dream-org/Dream-v0-Instruct-7B", "provider": "transformers", "response": "multiple.<|im_end|>\n<|im_start|>assistant\nFinal answer: 100.", "numeric_answer": 100.0, "relative_error": 0.3066771200836273, "thinking_text": null, "has_tool_call": false, "tool_call": null, "usage": {"prompt_tokens": 193, "completion_tokens": 127, "total_tokens": 320, "token_count_source": "tokenizer"}, "decoding": {"temperature": 0.2, "top_p": null, "top_k": null, "max_tokens": 120, "seed": 42}, "prompt_tokens": 193, "completion_tokens": 127, "total_tokens": 320, "token_count_source": "tokenizer", "diffusion_steps": null, "flops_estimate": null, "flops_arch": null, "flops_model_params": null, "flops_active_params": null, "tokens_non_final": 5, "tokens_reasoning": 0, "tokens_response": 5, "elapsed_seconds": 51.69455814361572, "judgement": "Mildly off"}
{"id": "basket_sum_000631", "topic": "basket_sum", "subtopic": "decimal_prices", "prompt": "You’re buying 6 items: $6.60, $16.40, $12.63, $14.05, $19.28, $13.75. About how much will you pay (before tax)?", "exact_value": 82.71, "model": "Dream-org/Dream-v0-Instruct-7B", "provider": "transformers", "response": "Final answer: 117.", "numeric_answer": 117.0, "relative_error": 0.4145810663764963, "thinking_text": null, "has_tool_call": false, "tool_call": null, "usage": {"prompt_tokens": 200, "completion_tokens": 120, "total_tokens": 320, "token_count_source": "tokenizer"}, "decoding": {"temperature": 0.2, "top_p": null, "top_k": null, "max_tokens": 120, "seed": 42}, "prompt_tokens": 200, "completion_tokens": 120, "total_tokens": 320, "token_count_source": "tokenizer", "diffusion_steps": null, "flops_estimate": null, "flops_arch": null, "flops_model_params": null, "flops_active_params": null, "tokens_non_final": 3, "tokens_reasoning": 0, "tokens_response": 3, "elapsed_seconds": 51.69455814361572, "judgement": "Mildly off"}
{"id": "basket_sum_000651", "topic": "basket_sum", "subtopic": "decimal_prices", "prompt": "You’re buying 3 items: $14.35, $18.58, $9.20. About how much will you pay (before tax)?", "exact_value": 42.13, "model": "Dream-org/Dream-v0-Instruct-7B", "provider": "transformers", "response": ", round to nearly 5 or 10's multiple.<|im_end|>\n<|im_start|>assistant\nFinal answer: 10", "numeric_answer": 10.0, "relative_error": 0.7626394493235225, "thinking_text": null, "has_tool_call": false, "tool_call": null, "usage": {"prompt_tokens": 179, "completion_tokens": 138, "total_tokens": 317, "token_count_source": "tokenizer"}, "decoding": {"temperature": 0.2, "top_p": null, "top_k": null, "max_tokens": 120, "seed": 42}, "prompt_tokens": 179, "completion_tokens": 138, "total_tokens": 317, "token_count_source": "tokenizer", "diffusion_steps": null, "flops_estimate": null, "flops_arch": null, "flops_model_params": null, "flops_active_params": null, "tokens_non_final": 12, "tokens_reasoning": 0, "tokens_response": 12, "elapsed_seconds": 51.63696599006653, "judgement": "Way off"}
{"id": "basket_sum_000671", "topic": "basket_sum", "subtopic": "decimal_prices", "prompt": "You’re buying 5 items: $5.42, $15.65, $14.74, $19.74, $2.91. About how much will you pay (before tax)?", "exact_value": 58.46, "model": "Dream-org/Dream-v0-Instruct-7B", "provider": "transformers", "response": "<|im_end|>\n<|im_start|>assistant\nFinal answer: 1.", "numeric_answer": 1.0, "relative_error": 0.982894286691755, "thinking_text": null, "has_tool_call": false, "tool_call": null, "usage": {"prompt_tokens": 192, "completion_tokens": 125, "total_tokens": 317, "token_count_source": "tokenizer"}, "decoding": {"temperature": 0.2, "top_p": null, "top_k": null, "max_tokens": 120, "seed": 42}, "prompt_tokens": 192, "completion_tokens": 125, "total_tokens": 317, "token_count_source": "tokenizer", "diffusion_steps": null, "flops_estimate": null, "flops_arch": null, "flops_model_params": null, "flops_active_params": null, "tokens_non_final": 5, "tokens_reasoning": 0, "tokens_response": 5, "elapsed_seconds": 51.63696599006653, "judgement": "Way off"}
{"id": "basket_sum_000691", "topic": "basket_sum", "subtopic": "decimal_prices", "prompt": "You’re buying 6 items: $8.22, $18.07, $7.30, $1.67, $13.66, $9.30. About how much will you pay (before tax)?", "exact_value": 58.22, "model": "Dream-org/Dream-v0-Instruct-7B", "provider": "transformers", "response": "Final answer: 20.", "numeric_answer": 20.0, "relative_error": 0.6564754379938166, "thinking_text": null, "has_tool_call": false, "tool_call": null, "usage": {"prompt_tokens": 197, "completion_tokens": 120, "total_tokens": 317, "token_count_source": "tokenizer"}, "decoding": {"temperature": 0.2, "top_p": null, "top_k": null, "max_tokens": 120, "seed": 42}, "prompt_tokens": 197, "completion_tokens": 120, "total_tokens": 317, "token_count_source": "tokenizer", "diffusion_steps": null, "flops_estimate": null, "flops_arch": null, "flops_model_params": null, "flops_active_params": null, "tokens_non_final": 3, "tokens_reasoning": 0, "tokens_response": 3, "elapsed_seconds": 51.63696599006653, "judgement": "Way off"}
{"id": "basket_sum_000711", "topic": "basket_sum", "subtopic": "decimal_prices", "prompt": "You’re buying 3 items: $16.39, $19.24, $12.71. About how much will you pay (before tax)?", "exact_value": 48.34, "model": "Dream-org/Dream-v0-Instruct-7B", "provider": "transformers", "response": "round to nearly 5 or 10's multiple.<|im_end|>\n<|im_start|>assistant\nFinal answer: 10.", "numeric_answer": 10.0, "relative_error": 0.7931319817956144, "thinking_text": null, "has_tool_call": false, "tool_call": null, "usage": {"prompt_tokens": 180, "completion_tokens": 137, "total_tokens": 317, "token_count_source": "tokenizer"}, "decoding": {"temperature": 0.2, "top_p": null, "top_k": null, "max_tokens": 120, "seed": 42}, "prompt_tokens": 180, "completion_tokens": 137, "total_tokens": 317, "token_count_source": "tokenizer", "diffusion_steps": null, "flops_estimate": null, "flops_arch": null, "flops_model_params": null, "flops_active_params": null, "tokens_non_final": 11, "tokens_reasoning": 0, "tokens_response": 11, "elapsed_seconds": 51.63696599006653, "judgement": "Way off"}
{"id": "basket_sum_000731", "topic": "basket_sum", "subtopic": "decimal_prices", "prompt": "You’re buying 3 items: $17.18, $6.99, $17.00. About how much will you pay (before tax)?", "exact_value": 41.17, "model": "Dream-org/Dream-v0-Instruct-7B", "provider": "transformers", "response": ", round to nearly 5 or 10's multiple.<|im_end|>\n<|im_start|>assistant\nFinal answer: 10.", "numeric_answer": 10.0, "relative_error": 0.7571046878795239, "thinking_text": null, "has_tool_call": false, "tool_call": null, "usage": {"prompt_tokens": 179, "completion_tokens": 138, "total_tokens": 317, "token_count_source": "tokenizer"}, "decoding": {"temperature": 0.2, "top_p": null, "top_k": null, "max_tokens": 120, "seed": 42}, "prompt_tokens": 179, "completion_tokens": 138, "total_tokens": 317, "token_count_source": "tokenizer", "diffusion_steps": null, "flops_estimate": null, "flops_arch": null, "flops_model_params": null, "flops_active_params": null, "tokens_non_final": 12, "tokens_reasoning": 0, "tokens_response": 12, "elapsed_seconds": 51.67022967338562, "judgement": "Way off"}
{"id": "basket_sum_000751", "topic": "basket_sum", "subtopic": "decimal_prices", "prompt": "You’re buying 6 items: $6.72, $7.37, $7.87, $0.95, $12.05, $13.81. About how much will you pay (before tax)?", "exact_value": 48.77, "model": "Dream-org/Dream-v0-Instruct-7B", "provider": "transformers", "response": "Final answer: 7.", "numeric_answer": 7.0, "relative_error": 0.856469140865286, "thinking_text": null, "has_tool_call": false, "tool_call": null, "usage": {"prompt_tokens": 197, "completion_tokens": 120, "total_tokens": 317, "token_count_source": "tokenizer"}, "decoding": {"temperature": 0.2, "top_p": null, "top_k": null, "max_tokens": 120, "seed": 42}, "prompt_tokens": 197, "completion_tokens": 120, "total_tokens": 317, "token_count_source": "tokenizer", "diffusion_steps": null, "flops_estimate": null, "flops_arch": null, "flops_model_params": null, "flops_active_params": null, "tokens_non_final": 3, "tokens_reasoning": 0, "tokens_response": 3, "elapsed_seconds": 51.67022967338562, "judgement": "Way off"}
{"id": "basket_sum_000771", "topic": "basket_sum", "subtopic": "decimal_prices", "prompt": "You’re buying 4 items: $10.56, $15.22, $13.18, $10.57. About how much will you pay (before tax)?", "exact_value": 49.53, "model": "Dream-org/Dream-v0-Instruct-7B", "provider": "transformers", "response": "10's multiple.<|im_end|>\n<|im_start|>assistant\nFinal answer: $110.", "numeric_answer": 10.0, "relative_error": 0.7981021603068847, "thinking_text": null, "has_tool_call": false, "tool_call": null, "usage": {"prompt_tokens": 187, "completion_tokens": 130, "total_tokens": 317, "token_count_source": "tokenizer"}, "decoding": {"temperature": 0.2, "top_p": null, "top_k": null, "max_tokens": 120, "seed": 42}, "prompt_tokens": 187, "completion_tokens": 130, "total_tokens": 317, "token_count_source": "tokenizer", "diffusion_steps": null, "flops_estimate": null, "flops_arch": null, "flops_model_params": null, "flops_active_params": null, "tokens_non_final": 6, "tokens_reasoning": 0, "tokens_response": 6, "elapsed_seconds": 51.67022967338562, "judgement": "Way off"}
{"id": "basket_sum_000791", "topic": "basket_sum", "subtopic": "decimal_prices", "prompt": "You’re buying 5 items: $7.05, $1.24, $15.87, $18.50, $3.74. About how much will you pay (before tax)?", "exact_value": 46.4, "model": "Dream-org/Dream-v0-Instruct-7B", "provider": "transformers", "response": ".<|im_end|>\n<|im_start|>assistant\nFinal answer: 10", "numeric_answer": 10.0, "relative_error": 0.7844827586206896, "thinking_text": null, "has_tool_call": false, "tool_call": null, "usage": {"prompt_tokens": 191, "completion_tokens": 126, "total_tokens": 317, "token_count_source": "tokenizer"}, "decoding": {"temperature": 0.2, "top_p": null, "top_k": null, "max_tokens": 120, "seed": 42}, "prompt_tokens": 191, "completion_tokens": 126, "total_tokens": 317, "token_count_source": "tokenizer", "diffusion_steps": null, "flops_estimate": null, "flops_arch": null, "flops_model_params": null, "flops_active_params": null, "tokens_non_final": 5, "tokens_reasoning": 0, "tokens_response": 5, "elapsed_seconds": 51.67022967338562, "judgement": "Way off"}
{"id": "basket_sum_000811", "topic": "basket_sum", "subtopic": "decimal_prices", "prompt": "You’re buying 4 items: $7.07, $15.16, $10.10, $2.10. About how much will you pay (before tax)?", "exact_value": 34.43, "model": "Dream-org/Dream-v0-Instruct-7B", "provider": "transformers", "response": "5 or 10's multiple.<|im_end|>\n<|im_start|>assistant\nFinal answer: 10", "numeric_answer": 10.0, "relative_error": 0.7095556200987511, "thinking_text": null, "has_tool_call": false, "tool_call": null, "usage": {"prompt_tokens": 185, "completion_tokens": 133, "total_tokens": 318, "token_count_source": "tokenizer"}, "decoding": {"temperature": 0.2, "top_p": null, "top_k": null, "max_tokens": 120, "seed": 42}, "prompt_tokens": 185, "completion_tokens": 133, "total_tokens": 318, "token_count_source": "tokenizer", "diffusion_steps": null, "flops_estimate": null, "flops_arch": null, "flops_model_params": null, "flops_active_params": null, "tokens_non_final": 8, "tokens_reasoning": 0, "tokens_response": 8, "elapsed_seconds": 51.64523243904114, "judgement": "Way off"}
{"id": "basket_sum_000831", "topic": "basket_sum", "subtopic": "decimal_prices", "prompt": "You’re buying 6 items: $8.13, $13.09, $5.25, $12.07, $19.77, $5.26. About how much will you pay (before tax)?", "exact_value": 63.57, "model": "Dream-org/Dream-v0-Instruct-7B", "provider": "transformers", "response": "Final answer: 20.", "numeric_answer": 20.0, "relative_error": 0.6853861884536732, "thinking_text": null, "has_tool_call": false, "tool_call": null, "usage": {"prompt_tokens": 198, "completion_tokens": 120, "total_tokens": 318, "token_count_source": "tokenizer"}, "decoding": {"temperature": 0.2, "top_p": null, "top_k": null, "max_tokens": 120, "seed": 42}, "prompt_tokens": 198, "completion_tokens": 120, "total_tokens": 318, "token_count_source": "tokenizer", "diffusion_steps": null, "flops_estimate": null, "flops_arch": null, "flops_model_params": null, "flops_active_params": null, "tokens_non_final": 3, "tokens_reasoning": 0, "tokens_response": 3, "elapsed_seconds": 51.64523243904114, "judgement": "Way off"}
{"id": "basket_sum_000851", "topic": "basket_sum", "subtopic": "decimal_prices", "prompt": "You’re buying 6 items: $6.70, $19.75, $2.16, $17.78, $19.85, $3.18. About how much will you pay (before tax)?", "exact_value": 69.42, "model": "Dream-org/Dream-v0-Instruct-7B", "provider": "transformers", "response": "Final answer: $122.", "numeric_answer": 122.0, "relative_error": 0.7574186113511956, "thinking_text": null, "has_tool_call": false, "tool_call": null, "usage": {"prompt_tokens": 198, "completion_tokens": 120, "total_tokens": 318, "token_count_source": "tokenizer"}, "decoding": {"temperature": 0.2, "top_p": null, "top_k": null, "max_tokens": 120, "seed": 42}, "prompt_tokens": 198, "completion_tokens": 120, "total_tokens": 318, "token_count_source": "tokenizer", "diffusion_steps": null, "flops_estimate": null, "flops_arch": null, "flops_model_params": null, "flops_active_params": null, "tokens_non_final": 3, "tokens_reasoning": 0, "tokens_response": 3, "elapsed_seconds": 51.64523243904114, "judgement": "Way off"}
{"id": "basket_sum_000871", "topic": "basket_sum", "subtopic": "decimal_prices", "prompt": "You’re buying 5 items: $19.98, $16.47, $18.86, $13.56, $8.06. About how much will you pay (before tax)?", "exact_value": 76.93, "model": "Dream-org/Dream-v0-Instruct-7B", "provider": "transformers", "response": "<|im_end|>\n<|im_start|>assistant\nFinal answer: 10.0", "numeric_answer": 10.0, "relative_error": 0.8700116989470947, "thinking_text": null, "has_tool_call": false, "tool_call": null, "usage": {"prompt_tokens": 193, "completion_tokens": 125, "total_tokens": 318, "token_count_source": "tokenizer"}, "decoding": {"temperature": 0.2, "top_p": null, "top_k": null, "max_tokens": 120, "seed": 42}, "prompt_tokens": 193, "completion_tokens": 125, "total_tokens": 318, "token_count_source": "tokenizer", "diffusion_steps": null, "flops_estimate": null, "flops_arch": null, "flops_model_params": null, "flops_active_params": null, "tokens_non_final": 5, "tokens_reasoning": 0, "tokens_response": 5, "elapsed_seconds": 51.64523243904114, "judgement": "Way off"}
{"id": "basket_sum_000891", "topic": "basket_sum", "subtopic": "decimal_prices", "prompt": "You’re buying 5 items: $15.60, $16.10, $18.72, $3.22, $13.53. About how much will you pay (before tax)?", "exact_value": 67.17, "model": "Dream-org/Dream-v0-Instruct-7B", "provider": "transformers", "response": "Final answer: 6.", "numeric_answer": 6.0, "relative_error": 0.9106744082179544, "thinking_text": null, "has_tool_call": false, "tool_call": null, "usage": {"prompt_tokens": 193, "completion_tokens": 120, "total_tokens": 313, "token_count_source": "tokenizer"}, "decoding": {"temperature": 0.2, "top_p": null, "top_k": null, "max_tokens": 120, "seed": 42}, "prompt_tokens": 193, "completion_tokens": 120, "total_tokens": 313, "token_count_source": "tokenizer", "diffusion_steps": null, "flops_estimate": null, "flops_arch": null, "flops_model_params": null, "flops_active_params": null, "tokens_non_final": 3, "tokens_reasoning": 0, "tokens_response": 3, "elapsed_seconds": 51.39615511894226, "judgement": "Way off"}
{"id": "basket_sum_000911", "topic": "basket_sum", "subtopic": "decimal_prices", "prompt": "You’re buying 5 items: $12.93, $9.34, $1.01, $3.03, $3.13. About how much will you pay (before tax)?", "exact_value": 29.44, "model": "Dream-org/Dream-v0-Instruct-7B", "provider": "transformers", "response": "<|im_start|>assistant\nFinal answer: $9.", "numeric_answer": 9.0, "relative_error": 0.6942934782608696, "thinking_text": null, "has_tool_call": false, "tool_call": null, "usage": {"prompt_tokens": 190, "completion_tokens": 123, "total_tokens": 313, "token_count_source": "tokenizer"}, "decoding": {"temperature": 0.2, "top_p": null, "top_k": null, "max_tokens": 120, "seed": 42}, "prompt_tokens": 190, "completion_tokens": 123, "total_tokens": 313, "token_count_source": "tokenizer", "diffusion_steps": null, "flops_estimate": null, "flops_arch": null, "flops_model_params": null, "flops_active_params": null, "tokens_non_final": 4, "tokens_reasoning": 0, "tokens_response": 4, "elapsed_seconds": 51.39615511894226, "judgement": "Way off"}
{"id": "basket_sum_000931", "topic": "basket_sum", "subtopic": "decimal_prices", "prompt": "You’re buying 3 items: $7.76, $7.19, $6.04. About how much will you pay (before tax)?", "exact_value": 20.99, "model": "Dream-org/Dream-v0-Instruct-7B", "provider": "transformers", "response": "to nearly 5 or 10's multiple.<|im_end|>\n<|im_start|>assistant\nFinal answer: 2.0", "numeric_answer": 2.0, "relative_error": 0.9047165316817533, "thinking_text": null, "has_tool_call": false, "tool_call": null, "usage": {"prompt_tokens": 177, "completion_tokens": 136, "total_tokens": 313, "token_count_source": "tokenizer"}, "decoding": {"temperature": 0.2, "top_p": null, "top_k": null, "max_tokens": 120, "seed": 42}, "prompt_tokens": 177, "completion_tokens": 136, "total_tokens": 313, "token_count_source": "tokenizer", "diffusion_steps": null, "flops_estimate": null, "flops_arch": null, "flops_model_params": null, "flops_active_params": null, "tokens_non_final": 10, "tokens_reasoning": 0, "tokens_response": 10, "elapsed_seconds": 51.39615511894226, "judgement": "Way off"}
{"id": "basket_sum_000951", "topic": "basket_sum", "subtopic": "decimal_prices", "prompt": "You’re buying 3 items: $6.36, $10.07, $5.87. About how much will you pay (before tax)?", "exact_value": 22.3, "model": "Dream-org/Dream-v0-Instruct-7B", "provider": "transformers", "response": "nearly 5 or 10's multiple.<|im_end|>\n<|im_start|>assistant\nFinal answer: 3.", "numeric_answer": 3.0, "relative_error": 0.8654708520179373, "thinking_text": null, "has_tool_call": false, "tool_call": null, "usage": {"prompt_tokens": 178, "completion_tokens": 135, "total_tokens": 313, "token_count_source": "tokenizer"}, "decoding": {"temperature": 0.2, "top_p": null, "top_k": null, "max_tokens": 120, "seed": 42}, "prompt_tokens": 178, "completion_tokens": 135, "total_tokens": 313, "token_count_source": "tokenizer", "diffusion_steps": null, "flops_estimate": null, "flops_arch": null, "flops_model_params": null, "flops_active_params": null, "tokens_non_final": 9, "tokens_reasoning": 0, "tokens_response": 9, "elapsed_seconds": 51.39615511894226, "judgement": "Way off"}
{"id": "basket_sum_000971", "topic": "basket_sum", "subtopic": "decimal_prices", "prompt": "You’re buying 6 items: $10.87, $14.23, $19.61, $5.05, $8.97, $1.97. About how much will you pay (before tax)?", "exact_value": 60.7, "model": "Dream-org/Dream-v0-Instruct-7B", "provider": "transformers", "response": "Final answer: 20.", "numeric_answer": 20.0, "relative_error": 0.6705107084019769, "thinking_text": null, "has_tool_call": false, "tool_call": null, "usage": {"prompt_tokens": 198, "completion_tokens": 120, "total_tokens": 318, "token_count_source": "tokenizer"}, "decoding": {"temperature": 0.2, "top_p": null, "top_k": null, "max_tokens": 120, "seed": 42}, "prompt_tokens": 198, "completion_tokens": 120, "total_tokens": 318, "token_count_source": "tokenizer", "diffusion_steps": null, "flops_estimate": null, "flops_arch": null, "flops_model_params": null, "flops_active_params": null, "tokens_non_final": 3, "tokens_reasoning": 0, "tokens_response": 3, "elapsed_seconds": 51.566972494125366, "judgement": "Way off"}
{"id": "basket_sum_000991", "topic": "basket_sum", "subtopic": "decimal_prices", "prompt": "You’re buying 4 items: $11.05, $0.82, $7.46, $12.41. About how much will you pay (before tax)?", "exact_value": 31.74, "model": "Dream-org/Dream-v0-Instruct-7B", "provider": "transformers", "response": "5 or 10's multiple.<|im_end|>\n<|im_start|>assistant\nFinal answer: 20.", "numeric_answer": 20.0, "relative_error": 0.36988027725267797, "thinking_text": null, "has_tool_call": false, "tool_call": null, "usage": {"prompt_tokens": 185, "completion_tokens": 133, "total_tokens": 318, "token_count_source": "tokenizer"}, "decoding": {"temperature": 0.2, "top_p": null, "top_k": null, "max_tokens": 120, "seed": 42}, "prompt_tokens": 185, "completion_tokens": 133, "total_tokens": 318, "token_count_source": "tokenizer", "diffusion_steps": null, "flops_estimate": null, "flops_arch": null, "flops_model_params": null, "flops_active_params": null, "tokens_non_final": 8, "tokens_reasoning": 0, "tokens_response": 8, "elapsed_seconds": 51.566972494125366, "judgement": "Mildly off"}
{"id": "basket_sum_001011", "topic": "basket_sum", "subtopic": "decimal_prices", "prompt": "You’re buying 3 items: $10.23, $19.81, $5.10. About how much will you pay (before tax)?", "exact_value": 35.14, "model": "Dream-org/Dream-v0-Instruct-7B", "provider": "transformers", "response": "integer, round to nearly 5 or 10's multiple.<|im_end|>\n<|im_start|>assistant\nFinal answer: 0", "numeric_answer": 0.0, "relative_error": 1.0, "thinking_text": null, "has_tool_call": false, "tool_call": null, "usage": {"prompt_tokens": 179, "completion_tokens": 139, "total_tokens": 318, "token_count_source": "tokenizer"}, "decoding": {"temperature": 0.2, "top_p": null, "top_k": null, "max_tokens": 120, "seed": 42}, "prompt_tokens": 179, "completion_tokens": 139, "total_tokens": 318, "token_count_source": "tokenizer", "diffusion_steps": null, "flops_estimate": null, "flops_arch": null, "flops_model_params": null, "flops_active_params": null, "tokens_non_final": 12, "tokens_reasoning": 0, "tokens_response": 12, "elapsed_seconds": 51.566972494125366, "judgement": "Way off"}
{"id": "basket_sum_001031", "topic": "basket_sum", "subtopic": "decimal_prices", "prompt": "You’re buying 3 items: $12.39, $4.12, $3.87. About how much will you pay (before tax)?", "exact_value": 20.38, "model": "Dream-org/Dream-v0-Instruct-7B", "provider": "transformers", "response": "an integer, round to nearly 5 or 10's multiple.<|im_end|>\n<|im_start|>assistant\nFinal answer: 10", "numeric_answer": 10.0, "relative_error": 0.5093228655544652, "thinking_text": null, "has_tool_call": false, "tool_call": null, "usage": {"prompt_tokens": 178, "completion_tokens": 140, "total_tokens": 318, "token_count_source": "tokenizer"}, "decoding": {"temperature": 0.2, "top_p": null, "top_k": null, "max_tokens": 120, "seed": 42}, "prompt_tokens": 178, "completion_tokens": 140, "total_tokens": 318, "token_count_source": "tokenizer", "diffusion_steps": null, "flops_estimate": null, "flops_arch": null, "flops_model_params": null, "flops_active_params": null, "tokens_non_final": 13, "tokens_reasoning": 0, "tokens_response": 13, "elapsed_seconds": 51.566972494125366, "judgement": "Mildly off"}
{"id": "basket_sum_001051", "topic": "basket_sum", "subtopic": "decimal_prices", "prompt": "You’re buying 6 items: $2.66, $1.08, $15.50, $6.73, $17.45, $16.10. About how much will you pay (before tax)?", "exact_value": 59.52, "model": "Dream-org/Dream-v0-Instruct-7B", "provider": "transformers", "response": "Final answer: 12.", "numeric_answer": 12.0, "relative_error": 0.7983870967741935, "thinking_text": null, "has_tool_call": false, "tool_call": null, "usage": {"prompt_tokens": 198, "completion_tokens": 120, "total_tokens": 318, "token_count_source": "tokenizer"}, "decoding": {"temperature": 0.2, "top_p": null, "top_k": null, "max_tokens": 120, "seed": 42}, "prompt_tokens": 198, "completion_tokens": 120, "total_tokens": 318, "token_count_source": "tokenizer", "diffusion_steps": null, "flops_estimate": null, "flops_arch": null, "flops_model_params": null, "flops_active_params": null, "tokens_non_final": 3, "tokens_reasoning": 0, "tokens_response": 3, "elapsed_seconds": 51.632399559020996, "judgement": "Way off"}
{"id": "basket_sum_001071", "topic": "basket_sum", "subtopic": "decimal_prices", "prompt": "You’re buying 4 items: $7.01, $19.73, $18.82, $15.05. About how much will you pay (before tax)?", "exact_value": 60.61, "model": "Dream-org/Dream-v0-Instruct-7B", "provider": "transformers", "response": "or 10's multiple.<|im_end|>\n<|im_start|>assistant\nFinal answer: 3.", "numeric_answer": 3.0, "relative_error": 0.9505032172908761, "thinking_text": null, "has_tool_call": false, "tool_call": null, "usage": {"prompt_tokens": 186, "completion_tokens": 132, "total_tokens": 318, "token_count_source": "tokenizer"}, "decoding": {"temperature": 0.2, "top_p": null, "top_k": null, "max_tokens": 120, "seed": 42}, "prompt_tokens": 186, "completion_tokens": 132, "total_tokens": 318, "token_count_source": "tokenizer", "diffusion_steps": null, "flops_estimate": null, "flops_arch": null, "flops_model_params": null, "flops_active_params": null, "tokens_non_final": 7, "tokens_reasoning": 0, "tokens_response": 7, "elapsed_seconds": 51.632399559020996, "judgement": "Way off"}
{"id": "basket_sum_001091", "topic": "basket_sum", "subtopic": "decimal_prices", "prompt": "You’re buying 6 items: $5.22, $14.42, $3.22, $3.06, $11.87, $8.32. About how much will you pay (before tax)?", "exact_value": 46.11, "model": "Dream-org/Dream-v0-Instruct-7B", "provider": "transformers", "response": "Final answer: 22.00", "numeric_answer": 22.0, "relative_error": 0.5228800693992627, "thinking_text": null, "has_tool_call": false, "tool_call": null, "usage": {"prompt_tokens": 197, "completion_tokens": 121, "total_tokens": 318, "token_count_source": "tokenizer"}, "decoding": {"temperature": 0.2, "top_p": null, "top_k": null, "max_tokens": 120, "seed": 42}, "prompt_tokens": 197, "completion_tokens": 121, "total_tokens": 318, "token_count_source": "tokenizer", "diffusion_steps": null, "flops_estimate": null, "flops_arch": null, "flops_model_params": null, "flops_active_params": null, "tokens_non_final": 3, "tokens_reasoning": 0, "tokens_response": 3, "elapsed_seconds": 51.632399559020996, "judgement": "Mildly off"}
{"id": "basket_sum_001111", "topic": "basket_sum", "subtopic": "decimal_prices", "prompt": "You’re buying 4 items: $19.10, $10.16, $17.74, $8.93. About how much will you pay (before tax)?", "exact_value": 55.93, "model": "Dream-org/Dream-v0-Instruct-7B", "provider": "transformers", "response": "or 10's multiple.<|im_end|>\n<|im_start|>assistant\nFinal answer: 100.", "numeric_answer": 100.0, "relative_error": 0.7879492222420883, "thinking_text": null, "has_tool_call": false, "tool_call": null, "usage": {"prompt_tokens": 186, "completion_tokens": 132, "total_tokens": 318, "token_count_source": "tokenizer"}, "decoding": {"temperature": 0.2, "top_p": null, "top_k": null, "max_tokens": 120, "seed": 42}, "prompt_tokens": 186, "completion_tokens": 132, "total_tokens": 318, "token_count_source": "tokenizer", "diffusion_steps": null, "flops_estimate": null, "flops_arch": null, "flops_model_params": null, "flops_active_params": null, "tokens_non_final": 7, "tokens_reasoning": 0, "tokens_response": 7, "elapsed_seconds": 51.632399559020996, "judgement": "Way off"}
{"id": "basket_sum_001131", "topic": "basket_sum", "subtopic": "decimal_prices", "prompt": "You’re buying 3 items: $18.72, $17.46, $5.78. About how much will you pay (before tax)?", "exact_value": 41.96, "model": "Dream-org/Dream-v0-Instruct-7B", "provider": "transformers", "response": ", round to nearly 5 or 10's multiple.<|im_end|>\n<|im_start|>assistant\nFinal answer: 2.", "numeric_answer": 2.0, "relative_error": 0.9523355576739753, "thinking_text": null, "has_tool_call": false, "tool_call": null, "usage": {"prompt_tokens": 179, "completion_tokens": 138, "total_tokens": 317, "token_count_source": "tokenizer"}, "decoding": {"temperature": 0.2, "top_p": null, "top_k": null, "max_tokens": 120, "seed": 42}, "prompt_tokens": 179, "completion_tokens": 138, "total_tokens": 317, "token_count_source": "tokenizer", "diffusion_steps": null, "flops_estimate": null, "flops_arch": null, "flops_model_params": null, "flops_active_params": null, "tokens_non_final": 12, "tokens_reasoning": 0, "tokens_response": 12, "elapsed_seconds": 51.563647985458374, "judgement": "Way off"}
{"id": "basket_sum_001151", "topic": "basket_sum", "subtopic": "decimal_prices", "prompt": "You’re buying 6 items: $8.31, $2.74, $14.88, $17.68, $5.94, $4.74. About how much will you pay (before tax)?", "exact_value": 54.29, "model": "Dream-org/Dream-v0-Instruct-7B", "provider": "transformers", "response": "Final answer: 5.", "numeric_answer": 5.0, "relative_error": 0.9079020077362313, "thinking_text": null, "has_tool_call": false, "tool_call": null, "usage": {"prompt_tokens": 197, "completion_tokens": 120, "total_tokens": 317, "token_count_source": "tokenizer"}, "decoding": {"temperature": 0.2, "top_p": null, "top_k": null, "max_tokens": 120, "seed": 42}, "prompt_tokens": 197, "completion_tokens": 120, "total_tokens": 317, "token_count_source": "tokenizer", "diffusion_steps": null, "flops_estimate": null, "flops_arch": null, "flops_model_params": null, "flops_active_params": null, "tokens_non_final": 3, "tokens_reasoning": 0, "tokens_response": 3, "elapsed_seconds": 51.563647985458374, "judgement": "Way off"}
{"id": "basket_sum_001171", "topic": "basket_sum", "subtopic": "decimal_prices", "prompt": "You’re buying 3 items: $10.17, $0.89, $7.55. About how much will you pay (before tax)?", "exact_value": 18.61, "model": "Dream-org/Dream-v0-Instruct-7B", "provider": "transformers", "response": "integer, round to nearly 5 or 10's multiple.<|im_end|>\n<|im_start|>assistant\nFinal answer: 20", "numeric_answer": 20.0, "relative_error": 0.07469102632993017, "thinking_text": null, "has_tool_call": false, "tool_call": null, "usage": {"prompt_tokens": 178, "completion_tokens": 139, "total_tokens": 317, "token_count_source": "tokenizer"}, "decoding": {"temperature": 0.2, "top_p": null, "top_k": null, "max_tokens": 120, "seed": 42}, "prompt_tokens": 178, "completion_tokens": 139, "total_tokens": 317, "token_count_source": "tokenizer", "diffusion_steps": null, "flops_estimate": null, "flops_arch": null, "flops_model_params": null, "flops_active_params": null, "tokens_non_final": 12, "tokens_reasoning": 0, "tokens_response": 12, "elapsed_seconds": 51.563647985458374, "judgement": "Good approximation"}
{"id": "basket_sum_001191", "topic": "basket_sum", "subtopic": "decimal_prices", "prompt": "You’re buying 5 items: $16.57, $13.87, $17.29, $12.64, $9.09. About how much will you pay (before tax)?", "exact_value": 69.46, "model": "Dream-org/Dream-v0-Instruct-7B", "provider": "transformers", "response": "<|im_start|>assistant\nFinal answer: 19.01", "numeric_answer": 19.01, "relative_error": 0.726317304923697, "thinking_text": null, "has_tool_call": false, "tool_call": null, "usage": {"prompt_tokens": 193, "completion_tokens": 124, "total_tokens": 317, "token_count_source": "tokenizer"}, "decoding": {"temperature": 0.2, "top_p": null, "top_k": null, "max_tokens": 120, "seed": 42}, "prompt_tokens": 193, "completion_tokens": 124, "total_tokens": 317, "token_count_source": "tokenizer", "diffusion_steps": null, "flops_estimate": null, "flops_arch": null, "flops_model_params": null, "flops_active_params": null, "tokens_non_final": 4, "tokens_reasoning": 0, "tokens_response": 4, "elapsed_seconds": 51.563647985458374, "judgement": "Way off"}
{"id": "basket_sum_001211", "topic": "basket_sum", "subtopic": "decimal_prices", "prompt": "You’re buying 4 items: $2.44, $1.26, $19.22, $2.64. About how much will you pay (before tax)?", "exact_value": 25.56, "model": "Dream-org/Dream-v0-Instruct-7B", "provider": "transformers", "response": "to nearly 5 or 10's multiple.<|im_end|>\n<|im_start|>assistant\nFinal answer: 10", "numeric_answer": 10.0, "relative_error": 0.6087636932707355, "thinking_text": null, "has_tool_call": false, "tool_call": null, "usage": {"prompt_tokens": 184, "completion_tokens": 136, "total_tokens": 320, "token_count_source": "tokenizer"}, "decoding": {"temperature": 0.2, "top_p": null, "top_k": null, "max_tokens": 120, "seed": 42}, "prompt_tokens": 184, "completion_tokens": 136, "total_tokens": 320, "token_count_source": "tokenizer", "diffusion_steps": null, "flops_estimate": null, "flops_arch": null, "flops_model_params": null, "flops_active_params": null, "tokens_non_final": 10, "tokens_reasoning": 0, "tokens_response": 10, "elapsed_seconds": 51.56634473800659, "judgement": "Way off"}
{"id": "basket_sum_001231", "topic": "basket_sum", "subtopic": "decimal_prices", "prompt": "You’re buying 5 items: $4.51, $9.17, $1.90, $5.25, $12.09. About how much will you pay (before tax)?", "exact_value": 32.92, "model": "Dream-org/Dream-v0-Instruct-7B", "provider": "transformers", "response": "10's multiple.<|im_end|>\n<|im_start|>assistant\nFinal answer: 5.", "numeric_answer": 5.0, "relative_error": 0.8481166464155528, "thinking_text": null, "has_tool_call": false, "tool_call": null, "usage": {"prompt_tokens": 190, "completion_tokens": 130, "total_tokens": 320, "token_count_source": "tokenizer"}, "decoding": {"temperature": 0.2, "top_p": null, "top_k": null, "max_tokens": 120, "seed": 42}, "prompt_tokens": 190, "completion_tokens": 130, "total_tokens": 320, "token_count_source": "tokenizer", "diffusion_steps": null, "flops_estimate": null, "flops_arch": null, "flops_model_params": null, "flops_active_params": null, "tokens_non_final": 6, "tokens_reasoning": 0, "tokens_response": 6, "elapsed_seconds": 51.56634473800659, "judgement": "Way off"}
{"id": "basket_sum_001251", "topic": "basket_sum", "subtopic": "decimal_prices", "prompt": "You’re buying 5 items: $3.91, $8.11, $15.11, $18.54, $3.32. About how much will you pay (before tax)?", "exact_value": 48.99, "model": "Dream-org/Dream-v0-Instruct-7B", "provider": "transformers", "response": "0's multiple.<|im_end|>\n<|im_start|>assistant\nFinal answer: 12.11", "numeric_answer": 12.11, "relative_error": 0.7528066952439274, "thinking_text": null, "has_tool_call": false, "tool_call": null, "usage": {"prompt_tokens": 191, "completion_tokens": 129, "total_tokens": 320, "token_count_source": "tokenizer"}, "decoding": {"temperature": 0.2, "top_p": null, "top_k": null, "max_tokens": 120, "seed": 42}, "prompt_tokens": 191, "completion_tokens": 129, "total_tokens": 320, "token_count_source": "tokenizer", "diffusion_steps": null, "flops_estimate": null, "flops_arch": null, "flops_model_params": null, "flops_active_params": null, "tokens_non_final": 6, "tokens_reasoning": 0, "tokens_response": 6, "elapsed_seconds": 51.56634473800659, "judgement": "Way off"}
{"id": "basket_sum_001271", "topic": "basket_sum", "subtopic": "decimal_prices", "prompt": "You’re buying 6 items: $11.14, $3.12, $17.66, $16.12, $12.45, $13.45. About how much will you pay (before tax)?", "exact_value": 73.94, "model": "Dream-org/Dream-v0-Instruct-7B", "provider": "transformers", "response": "Final answer: 17.", "numeric_answer": 17.0, "relative_error": 0.7700838517717068, "thinking_text": null, "has_tool_call": false, "tool_call": null, "usage": {"prompt_tokens": 200, "completion_tokens": 120, "total_tokens": 320, "token_count_source": "tokenizer"}, "decoding": {"temperature": 0.2, "top_p": null, "top_k": null, "max_tokens": 120, "seed": 42}, "prompt_tokens": 200, "completion_tokens": 120, "total_tokens": 320, "token_count_source": "tokenizer", "diffusion_steps": null, "flops_estimate": null, "flops_arch": null, "flops_model_params": null, "flops_active_params": null, "tokens_non_final": 3, "tokens_reasoning": 0, "tokens_response": 3, "elapsed_seconds": 51.56634473800659, "judgement": "Way off"}
{"id": "basket_sum_001291", "topic": "basket_sum", "subtopic": "decimal_prices", "prompt": "You’re buying 5 items: $18.82, $5.77, $12.43, $2.83, $5.24. About how much will you pay (before tax)?", "exact_value": 45.09, "model": "Dream-org/Dream-v0-Instruct-7B", "provider": "transformers", "response": "assistant\nFinal answer: 25.", "numeric_answer": 25.0, "relative_error": 0.44555333776890665, "thinking_text": null, "has_tool_call": false, "tool_call": null, "usage": {"prompt_tokens": 191, "completion_tokens": 122, "total_tokens": 313, "token_count_source": "tokenizer"}, "decoding": {"temperature": 0.2, "top_p": null, "top_k": null, "max_tokens": 120, "seed": 42}, "prompt_tokens": 191, "completion_tokens": 122, "total_tokens": 313, "token_count_source": "tokenizer", "diffusion_steps": null, "flops_estimate": null, "flops_arch": null, "flops_model_params": null, "flops_active_params": null, "tokens_non_final": 4, "tokens_reasoning": 0, "tokens_response": 4, "elapsed_seconds": 51.40180826187134, "judgement": "Mildly off"}
{"id": "basket_sum_001311", "topic": "basket_sum", "subtopic": "decimal_prices", "prompt": "You’re buying 5 items: $13.47, $7.46, $8.43, $3.25, $17.73. About how much will you pay (before tax)?", "exact_value": 50.34, "model": "Dream-org/Dream-v0-Instruct-7B", "provider": "transformers", "response": "assistant\nFinal answer: 100.", "numeric_answer": 100.0, "relative_error": 0.9864918553833928, "thinking_text": null, "has_tool_call": false, "tool_call": null, "usage": {"prompt_tokens": 191, "completion_tokens": 122, "total_tokens": 313, "token_count_source": "tokenizer"}, "decoding": {"temperature": 0.2, "top_p": null, "top_k": null, "max_tokens": 120, "seed": 42}, "prompt_tokens": 191, "completion_tokens": 122, "total_tokens": 313, "token_count_source": "tokenizer", "diffusion_steps": null, "flops_estimate": null, "flops_arch": null, "flops_model_params": null, "flops_active_params": null, "tokens_non_final": 4, "tokens_reasoning": 0, "tokens_response": 4, "elapsed_seconds": 51.40180826187134, "judgement": "Way off"}
{"id": "basket_sum_001331", "topic": "basket_sum", "subtopic": "decimal_prices", "prompt": "You’re buying 3 items: $9.47, $11.89, $1.27. About how much will you pay (before tax)?", "exact_value": 22.63, "model": "Dream-org/Dream-v0-Instruct-7B", "provider": "transformers", "response": "nearly 5 or 10's multiple.<|im_end|>\n<|im_start|>assistant\nFinal answer: 1.", "numeric_answer": 1.0, "relative_error": 0.9558108705258507, "thinking_text": null, "has_tool_call": false, "tool_call": null, "usage": {"prompt_tokens": 178, "completion_tokens": 135, "total_tokens": 313, "token_count_source": "tokenizer"}, "decoding": {"temperature": 0.2, "top_p": null, "top_k": null, "max_tokens": 120, "seed": 42}, "prompt_tokens": 178, "completion_tokens": 135, "total_tokens": 313, "token_count_source": "tokenizer", "diffusion_steps": null, "flops_estimate": null, "flops_arch": null, "flops_model_params": null, "flops_active_params": null, "tokens_non_final": 9, "tokens_reasoning": 0, "tokens_response": 9, "elapsed_seconds": 51.40180826187134, "judgement": "Way off"}
{"id": "basket_sum_001351", "topic": "basket_sum", "subtopic": "decimal_prices", "prompt": "You’re buying 5 items: $7.84, $15.52, $18.73, $11.56, $13.11. About how much will you pay (before tax)?", "exact_value": 66.76, "model": "Dream-org/Dream-v0-Instruct-7B", "provider": "transformers", "response": "Final answer: 20.", "numeric_answer": 20.0, "relative_error": 0.7004194128220491, "thinking_text": null, "has_tool_call": false, "tool_call": null, "usage": {"prompt_tokens": 193, "completion_tokens": 120, "total_tokens": 313, "token_count_source": "tokenizer"}, "decoding": {"temperature": 0.2, "top_p": null, "top_k": null, "max_tokens": 120, "seed": 42}, "prompt_tokens": 193, "completion_tokens": 120, "total_tokens": 313, "token_count_source": "tokenizer", "diffusion_steps": null, "flops_estimate": null, "flops_arch": null, "flops_model_params": null, "flops_active_params": null, "tokens_non_final": 3, "tokens_reasoning": 0, "tokens_response": 3, "elapsed_seconds": 51.40180826187134, "judgement": "Way off"}
{"id": "basket_sum_001371", "topic": "basket_sum", "subtopic": "decimal_prices", "prompt": "You’re buying 3 items: $1.87, $13.03, $1.99. About how much will you pay (before tax)?", "exact_value": 16.89, "model": "Dream-org/Dream-v0-Instruct-7B", "provider": "transformers", "response": "5 or 10's multiple.<|im_end|>\n<|im_start|>assistant\nFinal answer: 1.", "numeric_answer": 1.0, "relative_error": 0.940793368857312, "thinking_text": null, "has_tool_call": false, "tool_call": null, "usage": {"prompt_tokens": 178, "completion_tokens": 133, "total_tokens": 311, "token_count_source": "tokenizer"}, "decoding": {"temperature": 0.2, "top_p": null, "top_k": null, "max_tokens": 120, "seed": 42}, "prompt_tokens": 178, "completion_tokens": 133, "total_tokens": 311, "token_count_source": "tokenizer", "diffusion_steps": null, "flops_estimate": null, "flops_arch": null, "flops_model_params": null, "flops_active_params": null, "tokens_non_final": 8, "tokens_reasoning": 0, "tokens_response": 8, "elapsed_seconds": 51.34086871147156, "judgement": "Way off"}
{"id": "basket_sum_001391", "topic": "basket_sum", "subtopic": "decimal_prices", "prompt": "You’re buying 5 items: $7.94, $8.05, $12.09, $1.44, $14.25. About how much will you pay (before tax)?", "exact_value": 43.77, "model": "Dream-org/Dream-v0-Instruct-7B", "provider": "transformers", "response": "Final answer: 2.", "numeric_answer": 2.0, "relative_error": 0.9543066026959105, "thinking_text": null, "has_tool_call": false, "tool_call": null, "usage": {"prompt_tokens": 191, "completion_tokens": 120, "total_tokens": 311, "token_count_source": "tokenizer"}, "decoding": {"temperature": 0.2, "top_p": null, "top_k": null, "max_tokens": 120, "seed": 42}, "prompt_tokens": 191, "completion_tokens": 120, "total_tokens": 311, "token_count_source": "tokenizer", "diffusion_steps": null, "flops_estimate": null, "flops_arch": null, "flops_model_params": null, "flops_active_params": null, "tokens_non_final": 3, "tokens_reasoning": 0, "tokens_response": 3, "elapsed_seconds": 51.34086871147156, "judgement": "Way off"}
{"id": "basket_sum_001411", "topic": "basket_sum", "subtopic": "decimal_prices", "prompt": "You’re buying 4 items: $6.59, $2.57, $8.16, $4.24. About how much will you pay (before tax)?", "exact_value": 21.56, "model": "Dream-org/Dream-v0-Instruct-7B", "provider": "transformers", "response": "'s multiple.<|im_end|>\n<|im_start|>assistant\nFinal answer: 10.", "numeric_answer": 10.0, "relative_error": 0.536178107606679, "thinking_text": null, "has_tool_call": false, "tool_call": null, "usage": {"prompt_tokens": 183, "completion_tokens": 128, "total_tokens": 311, "token_count_source": "tokenizer"}, "decoding": {"temperature": 0.2, "top_p": null, "top_k": null, "max_tokens": 120, "seed": 42}, "prompt_tokens": 183, "completion_tokens": 128, "total_tokens": 311, "token_count_source": "tokenizer", "diffusion_steps": null, "flops_estimate": null, "flops_arch": null, "flops_model_params": null, "flops_active_params": null, "tokens_non_final": 6, "tokens_reasoning": 0, "tokens_response": 6, "elapsed_seconds": 51.34086871147156, "judgement": "Mildly off"}
{"id": "basket_sum_001431", "topic": "basket_sum", "subtopic": "decimal_prices", "prompt": "You’re buying 4 items: $11.75, $19.89, $12.61, $11.14. About how much will you pay (before tax)?", "exact_value": 55.39, "model": "Dream-org/Dream-v0-Instruct-7B", "provider": "transformers", "response": "<|im_start|>assistant\nFinal answer: $10.", "numeric_answer": 10.0, "relative_error": 0.819461996750316, "thinking_text": null, "has_tool_call": false, "tool_call": null, "usage": {"prompt_tokens": 187, "completion_tokens": 124, "total_tokens": 311, "token_count_source": "tokenizer"}, "decoding": {"temperature": 0.2, "top_p": null, "top_k": null, "max_tokens": 120, "seed": 42}, "prompt_tokens": 187, "completion_tokens": 124, "total_tokens": 311, "token_count_source": "tokenizer", "diffusion_steps": null, "flops_estimate": null, "flops_arch": null, "flops_model_params": null, "flops_active_params": null, "tokens_non_final": 4, "tokens_reasoning": 0, "tokens_response": 4, "elapsed_seconds": 51.34086871147156, "judgement": "Way off"}
{"id": "basket_sum_001451", "topic": "basket_sum", "subtopic": "decimal_prices", "prompt": "You’re buying 6 items: $19.50, $8.67, $13.01, $12.67, $3.45, $12.69. About how much will you pay (before tax)?", "exact_value": 69.99, "model": "Dream-org/Dream-v0-Instruct-7B", "provider": "transformers", "response": "Final answer: 10", "numeric_answer": 10.0, "relative_error": 0.8571224460637233, "thinking_text": null, "has_tool_call": false, "tool_call": null, "usage": {"prompt_tokens": 199, "completion_tokens": 120, "total_tokens": 319, "token_count_source": "tokenizer"}, "decoding": {"temperature": 0.2, "top_p": null, "top_k": null, "max_tokens": 120, "seed": 42}, "prompt_tokens": 199, "completion_tokens": 120, "total_tokens": 319, "token_count_source": "tokenizer", "diffusion_steps": null, "flops_estimate": null, "flops_arch": null, "flops_model_params": null, "flops_active_params": null, "tokens_non_final": 3, "tokens_reasoning": 0, "tokens_response": 3, "elapsed_seconds": 51.69923782348633, "judgement": "Way off"}
{"id": "basket_sum_001471", "topic": "basket_sum", "subtopic": "decimal_prices", "prompt": "You’re buying 5 items: $9.92, $9.24, $6.45, $15.07, $14.14. About how much will you pay (before tax)?", "exact_value": 54.82, "model": "Dream-org/Dream-v0-Instruct-7B", "provider": "transformers", "response": "'s multiple.<|im_end|>\n<|im_start|>assistant\nFinal answer: 5.", "numeric_answer": 5.0, "relative_error": 0.9087924115286392, "thinking_text": null, "has_tool_call": false, "tool_call": null, "usage": {"prompt_tokens": 191, "completion_tokens": 128, "total_tokens": 319, "token_count_source": "tokenizer"}, "decoding": {"temperature": 0.2, "top_p": null, "top_k": null, "max_tokens": 120, "seed": 42}, "prompt_tokens": 191, "completion_tokens": 128, "total_tokens": 319, "token_count_source": "tokenizer", "diffusion_steps": null, "flops_estimate": null, "flops_arch": null, "flops_model_params": null, "flops_active_params": null, "tokens_non_final": 6, "tokens_reasoning": 0, "tokens_response": 6, "elapsed_seconds": 51.69923782348633, "judgement": "Way off"}
{"id": "basket_sum_001491", "topic": "basket_sum", "subtopic": "decimal_prices", "prompt": "You’re buying 6 items: $10.66, $19.06, $6.54, $17.44, $5.57, $6.08. About how much will you pay (before tax)?", "exact_value": 65.35, "model": "Dream-org/Dream-v0-Instruct-7B", "provider": "transformers", "response": "Final answer: 21.00", "numeric_answer": 21.0, "relative_error": 0.6786534047436878, "thinking_text": null, "has_tool_call": false, "tool_call": null, "usage": {"prompt_tokens": 198, "completion_tokens": 121, "total_tokens": 319, "token_count_source": "tokenizer"}, "decoding": {"temperature": 0.2, "top_p": null, "top_k": null, "max_tokens": 120, "seed": 42}, "prompt_tokens": 198, "completion_tokens": 121, "total_tokens": 319, "token_count_source": "tokenizer", "diffusion_steps": null, "flops_estimate": null, "flops_arch": null, "flops_model_params": null, "flops_active_params": null, "tokens_non_final": 3, "tokens_reasoning": 0, "tokens_response": 3, "elapsed_seconds": 51.69923782348633, "judgement": "Way off"}
{"id": "basket_sum_001511", "topic": "basket_sum", "subtopic": "decimal_prices", "prompt": "You’re buying 3 items: $3.49, $15.57, $17.51. About how much will you pay (before tax)?", "exact_value": 36.57, "model": "Dream-org/Dream-v0-Instruct-7B", "provider": "transformers", "response": "an integer, round to nearly 5 or 10's multiple.<|im_end|>\n<|im_start|>assistant\nFinal answer: 1", "numeric_answer": 1.0, "relative_error": 0.9726551818430408, "thinking_text": null, "has_tool_call": false, "tool_call": null, "usage": {"prompt_tokens": 179, "completion_tokens": 140, "total_tokens": 319, "token_count_source": "tokenizer"}, "decoding": {"temperature": 0.2, "top_p": null, "top_k": null, "max_tokens": 120, "seed": 42}, "prompt_tokens": 179, "completion_tokens": 140, "total_tokens": 319, "token_count_source": "tokenizer", "diffusion_steps": null, "flops_estimate": null, "flops_arch": null, "flops_model_params": null, "flops_active_params": null, "tokens_non_final": 13, "tokens_reasoning": 0, "tokens_response": 13, "elapsed_seconds": 51.69923782348633, "judgement": "Way off"}
{"id": "basket_sum_001531", "topic": "basket_sum", "subtopic": "decimal_prices", "prompt": "You’re buying 3 items: $9.37, $8.45, $4.74. About how much will you pay (before tax)?", "exact_value": 22.56, "model": "Dream-org/Dream-v0-Instruct-7B", "provider": "transformers", "response": "'s multiple.<|im_end|>\n<|im_start|>assistant\nFinal answer: 20.", "numeric_answer": 20.0, "relative_error": 0.1134751773049645, "thinking_text": null, "has_tool_call": false, "tool_call": null, "usage": {"prompt_tokens": 177, "completion_tokens": 128, "total_tokens": 305, "token_count_source": "tokenizer"}, "decoding": {"temperature": 0.2, "top_p": null, "top_k": null, "max_tokens": 120, "seed": 42}, "prompt_tokens": 177, "completion_tokens": 128, "total_tokens": 305, "token_count_source": "tokenizer", "diffusion_steps": null, "flops_estimate": null, "flops_arch": null, "flops_model_params": null, "flops_active_params": null, "tokens_non_final": 6, "tokens_reasoning": 0, "tokens_response": 6, "elapsed_seconds": 51.00886416435242, "judgement": "Good approximation"}
{"id": "basket_sum_001551", "topic": "basket_sum", "subtopic": "decimal_prices", "prompt": "You’re buying 4 items: $3.21, $10.67, $16.25, $3.53. About how much will you pay (before tax)?", "exact_value": 33.66, "model": "Dream-org/Dream-v0-Instruct-7B", "provider": "transformers", "response": "Final answer:", "numeric_answer": null, "relative_error": null, "thinking_text": null, "has_tool_call": false, "tool_call": null, "usage": {"prompt_tokens": 185, "completion_tokens": 120, "total_tokens": 305, "token_count_source": "tokenizer"}, "decoding": {"temperature": 0.2, "top_p": null, "top_k": null, "max_tokens": 120, "seed": 42}, "prompt_tokens": 185, "completion_tokens": 120, "total_tokens": 305, "token_count_source": "tokenizer", "diffusion_steps": null, "flops_estimate": null, "flops_arch": null, "flops_model_params": null, "flops_active_params": null, "tokens_non_final": 2, "tokens_reasoning": 0, "tokens_response": 2, "elapsed_seconds": 51.00886416435242, "judgement": "Uncategorized"}
{"id": "basket_sum_001571", "topic": "basket_sum", "subtopic": "decimal_prices", "prompt": "You’re buying 3 items: $19.20, $19.01, $6.48. About how much will you pay (before tax)?", "exact_value": 44.69, "model": "Dream-org/Dream-v0-Instruct-7B", "provider": "transformers", "response": ".<|im_end|>\n<|im_start|>assistant\nFinal answer: 11.", "numeric_answer": 11.0, "relative_error": 0.7538599239203401, "thinking_text": null, "has_tool_call": false, "tool_call": null, "usage": {"prompt_tokens": 179, "completion_tokens": 126, "total_tokens": 305, "token_count_source": "tokenizer"}, "decoding": {"temperature": 0.2, "top_p": null, "top_k": null, "max_tokens": 120, "seed": 42}, "prompt_tokens": 179, "completion_tokens": 126, "total_tokens": 305, "token_count_source": "tokenizer", "diffusion_steps": null, "flops_estimate": null, "flops_arch": null, "flops_model_params": null, "flops_active_params": null, "tokens_non_final": 5, "tokens_reasoning": 0, "tokens_response": 5, "elapsed_seconds": 51.00886416435242, "judgement": "Way off"}
{"id": "basket_sum_001591", "topic": "basket_sum", "subtopic": "decimal_prices", "prompt": "You’re buying 3 items: $7.46, $15.92, $17.15. About how much will you pay (before tax)?", "exact_value": 40.53, "model": "Dream-org/Dream-v0-Instruct-7B", "provider": "transformers", "response": ".<|im_end|>\n<|im_start|>assistant\nFinal answer: 17", "numeric_answer": 17.0, "relative_error": 0.5805576116456945, "thinking_text": null, "has_tool_call": false, "tool_call": null, "usage": {"prompt_tokens": 179, "completion_tokens": 126, "total_tokens": 305, "token_count_source": "tokenizer"}, "decoding": {"temperature": 0.2, "top_p": null, "top_k": null, "max_tokens": 120, "seed": 42}, "prompt_tokens": 179, "completion_tokens": 126, "total_tokens": 305, "token_count_source": "tokenizer", "diffusion_steps": null, "flops_estimate": null, "flops_arch": null, "flops_model_params": null, "flops_active_params": null, "tokens_non_final": 5, "tokens_reasoning": 0, "tokens_response": 5, "elapsed_seconds": 51.00886416435242, "judgement": "Mildly off"}
{"id": "basket_sum_001611", "topic": "basket_sum", "subtopic": "decimal_prices", "prompt": "You’re buying 5 items: $9.07, $7.79, $18.56, $5.30, $11.17. About how much will you pay (before tax)?", "exact_value": 51.89, "model": "Dream-org/Dream-v0-Instruct-7B", "provider": "transformers", "response": "multiple.<|im_end|>\n<|im_start|>assistant\nFinal answer: 10.", "numeric_answer": 10.0, "relative_error": 0.8072846405858547, "thinking_text": null, "has_tool_call": false, "tool_call": null, "usage": {"prompt_tokens": 191, "completion_tokens": 127, "total_tokens": 318, "token_count_source": "tokenizer"}, "decoding": {"temperature": 0.2, "top_p": null, "top_k": null, "max_tokens": 120, "seed": 42}, "prompt_tokens": 191, "completion_tokens": 127, "total_tokens": 318, "token_count_source": "tokenizer", "diffusion_steps": null, "flops_estimate": null, "flops_arch": null, "flops_model_params": null, "flops_active_params": null, "tokens_non_final": 5, "tokens_reasoning": 0, "tokens_response": 5, "elapsed_seconds": 51.730528116226196, "judgement": "Way off"}
{"id": "basket_sum_001631", "topic": "basket_sum", "subtopic": "decimal_prices", "prompt": "You’re buying 5 items: $1.32, $18.17, $11.61, $17.29, $19.14. About how much will you pay (before tax)?", "exact_value": 67.53, "model": "Dream-org/Dream-v0-Instruct-7B", "provider": "transformers", "response": "<|im_end|>\n<|im_start|>assistant\nFinal answer: $100.", "numeric_answer": 100.0, "relative_error": 0.48082333777580333, "thinking_text": null, "has_tool_call": false, "tool_call": null, "usage": {"prompt_tokens": 193, "completion_tokens": 125, "total_tokens": 318, "token_count_source": "tokenizer"}, "decoding": {"temperature": 0.2, "top_p": null, "top_k": null, "max_tokens": 120, "seed": 42}, "prompt_tokens": 193, "completion_tokens": 125, "total_tokens": 318, "token_count_source": "tokenizer", "diffusion_steps": null, "flops_estimate": null, "flops_arch": null, "flops_model_params": null, "flops_active_params": null, "tokens_non_final": 5, "tokens_reasoning": 0, "tokens_response": 5, "elapsed_seconds": 51.730528116226196, "judgement": "Mildly off"}
{"id": "basket_sum_001651", "topic": "basket_sum", "subtopic": "decimal_prices", "prompt": "You’re buying 6 items: $4.75, $14.03, $18.54, $0.88, $5.41, $16.41. About how much will you pay (before tax)?", "exact_value": 60.02, "model": "Dream-org/Dream-v0-Instruct-7B", "provider": "transformers", "response": "Final answer: 0", "numeric_answer": 0.0, "relative_error": 1.0, "thinking_text": null, "has_tool_call": false, "tool_call": null, "usage": {"prompt_tokens": 198, "completion_tokens": 120, "total_tokens": 318, "token_count_source": "tokenizer"}, "decoding": {"temperature": 0.2, "top_p": null, "top_k": null, "max_tokens": 120, "seed": 42}, "prompt_tokens": 198, "completion_tokens": 120, "total_tokens": 318, "token_count_source": "tokenizer", "diffusion_steps": null, "flops_estimate": null, "flops_arch": null, "flops_model_params": null, "flops_active_params": null, "tokens_non_final": 3, "tokens_reasoning": 0, "tokens_response": 3, "elapsed_seconds": 51.730528116226196, "judgement": "Way off"}
{"id": "basket_sum_001671", "topic": "basket_sum", "subtopic": "decimal_prices", "prompt": "You’re buying 4 items: $14.69, $6.97, $1.53, $18.10. About how much will you pay (before tax)?", "exact_value": 41.29, "model": "Dream-org/Dream-v0-Instruct-7B", "provider": "transformers", "response": "5 or 10's multiple.<|im_end|>\n<|im_start|>assistant\nFinal answer: 3.", "numeric_answer": 3.0, "relative_error": 0.9273431823686122, "thinking_text": null, "has_tool_call": false, "tool_call": null, "usage": {"prompt_tokens": 185, "completion_tokens": 133, "total_tokens": 318, "token_count_source": "tokenizer"}, "decoding": {"temperature": 0.2, "top_p": null, "top_k": null, "max_tokens": 120, "seed": 42}, "prompt_tokens": 185, "completion_tokens": 133, "total_tokens": 318, "token_count_source": "tokenizer", "diffusion_steps": null, "flops_estimate": null, "flops_arch": null, "flops_model_params": null, "flops_active_params": null, "tokens_non_final": 8, "tokens_reasoning": 0, "tokens_response": 8, "elapsed_seconds": 51.730528116226196, "judgement": "Way off"}
{"id": "basket_sum_001691", "topic": "basket_sum", "subtopic": "decimal_prices", "prompt": "You’re buying 3 items: $7.15, $2.52, $18.68. About how much will you pay (before tax)?", "exact_value": 28.35, "model": "Dream-org/Dream-v0-Instruct-7B", "provider": "transformers", "response": "an integer, round to nearly 5 or 10's multiple.<|im_end|>\n<|im_start|>assistant\nFinal answer: 5.", "numeric_answer": 5.0, "relative_error": 0.8236331569664903, "thinking_text": null, "has_tool_call": false, "tool_call": null, "usage": {"prompt_tokens": 178, "completion_tokens": 140, "total_tokens": 318, "token_count_source": "tokenizer"}, "decoding": {"temperature": 0.2, "top_p": null, "top_k": null, "max_tokens": 120, "seed": 42}, "prompt_tokens": 178, "completion_tokens": 140, "total_tokens": 318, "token_count_source": "tokenizer", "diffusion_steps": null, "flops_estimate": null, "flops_arch": null, "flops_model_params": null, "flops_active_params": null, "tokens_non_final": 13, "tokens_reasoning": 0, "tokens_response": 13, "elapsed_seconds": 51.74738836288452, "judgement": "Way off"}
{"id": "basket_sum_001711", "topic": "basket_sum", "subtopic": "decimal_prices", "prompt": "You’re buying 3 items: $16.26, $18.33, $17.33. About how much will you pay (before tax)?", "exact_value": 51.92, "model": "Dream-org/Dream-v0-Instruct-7B", "provider": "transformers", "response": ", round to nearly 5 or 10's multiple.<|im_end|>\n<|im_start|>assistant\nFinal answer: 14.0", "numeric_answer": 14.0, "relative_error": 0.7303543913713405, "thinking_text": null, "has_tool_call": false, "tool_call": null, "usage": {"prompt_tokens": 180, "completion_tokens": 138, "total_tokens": 318, "token_count_source": "tokenizer"}, "decoding": {"temperature": 0.2, "top_p": null, "top_k": null, "max_tokens": 120, "seed": 42}, "prompt_tokens": 180, "completion_tokens": 138, "total_tokens": 318, "token_count_source": "tokenizer", "diffusion_steps": null, "flops_estimate": null, "flops_arch": null, "flops_model_params": null, "flops_active_params": null, "tokens_non_final": 12, "tokens_reasoning": 0, "tokens_response": 12, "elapsed_seconds": 51.74738836288452, "judgement": "Way off"}
{"id": "basket_sum_001731", "topic": "basket_sum", "subtopic": "decimal_prices", "prompt": "You’re buying 6 items: $7.02, $16.08, $18.94, $8.53, $17.47, $9.71. About how much will you pay (before tax)?", "exact_value": 77.75, "model": "Dream-org/Dream-v0-Instruct-7B", "provider": "transformers", "response": "Final answer:", "numeric_answer": null, "relative_error": null, "thinking_text": null, "has_tool_call": false, "tool_call": null, "usage": {"prompt_tokens": 198, "completion_tokens": 120, "total_tokens": 318, "token_count_source": "tokenizer"}, "decoding": {"temperature": 0.2, "top_p": null, "top_k": null, "max_tokens": 120, "seed": 42}, "prompt_tokens": 198, "completion_tokens": 120, "total_tokens": 318, "token_count_source": "tokenizer", "diffusion_steps": null, "flops_estimate": null, "flops_arch": null, "flops_model_params": null, "flops_active_params": null, "tokens_non_final": 2, "tokens_reasoning": 0, "tokens_response": 2, "elapsed_seconds": 51.74738836288452, "judgement": "Uncategorized"}
{"id": "basket_sum_001751", "topic": "basket_sum", "subtopic": "decimal_prices", "prompt": "You’re buying 5 items: $16.63, $10.06, $3.60, $6.03, $6.93. About how much will you pay (before tax)?", "exact_value": 43.25, "model": "Dream-org/Dream-v0-Instruct-7B", "provider": "transformers", "response": "multiple.<|im_end|>\n<|im_start|>assistant\nFinal answer: 10.", "numeric_answer": 10.0, "relative_error": 0.7687861271676301, "thinking_text": null, "has_tool_call": false, "tool_call": null, "usage": {"prompt_tokens": 191, "completion_tokens": 127, "total_tokens": 318, "token_count_source": "tokenizer"}, "decoding": {"temperature": 0.2, "top_p": null, "top_k": null, "max_tokens": 120, "seed": 42}, "prompt_tokens": 191, "completion_tokens": 127, "total_tokens": 318, "token_count_source": "tokenizer", "diffusion_steps": null, "flops_estimate": null, "flops_arch": null, "flops_model_params": null, "flops_active_params": null, "tokens_non_final": 5, "tokens_reasoning": 0, "tokens_response": 5, "elapsed_seconds": 51.74738836288452, "judgement": "Way off"}
{"id": "basket_sum_001771", "topic": "basket_sum", "subtopic": "decimal_prices", "prompt": "You’re buying 3 items: $10.59, $6.35, $1.24. About how much will you pay (before tax)?", "exact_value": 18.18, "model": "Dream-org/Dream-v0-Instruct-7B", "provider": "transformers", "response": "an integer, round to nearly 5 or 10's multiple.<|im_end|>\n<|im_start|>assistant\nFinal answer: 1.", "numeric_answer": 1.0, "relative_error": 0.944994499449945, "thinking_text": null, "has_tool_call": false, "tool_call": null, "usage": {"prompt_tokens": 178, "completion_tokens": 140, "total_tokens": 318, "token_count_source": "tokenizer"}, "decoding": {"temperature": 0.2, "top_p": null, "top_k": null, "max_tokens": 120, "seed": 42}, "prompt_tokens": 178, "completion_tokens": 140, "total_tokens": 318, "token_count_source": "tokenizer", "diffusion_steps": null, "flops_estimate": null, "flops_arch": null, "flops_model_params": null, "flops_active_params": null, "tokens_non_final": 13, "tokens_reasoning": 0, "tokens_response": 13, "elapsed_seconds": 51.80699062347412, "judgement": "Way off"}
{"id": "basket_sum_001791", "topic": "basket_sum", "subtopic": "decimal_prices", "prompt": "You’re buying 6 items: $4.14, $2.95, $14.71, $9.53, $17.81, $14.13. About how much will you pay (before tax)?", "exact_value": 63.27, "model": "Dream-org/Dream-v0-Instruct-7B", "provider": "transformers", "response": "Final answer: $10", "numeric_answer": 10.0, "relative_error": 0.841947210368263, "thinking_text": null, "has_tool_call": false, "tool_call": null, "usage": {"prompt_tokens": 198, "completion_tokens": 120, "total_tokens": 318, "token_count_source": "tokenizer"}, "decoding": {"temperature": 0.2, "top_p": null, "top_k": null, "max_tokens": 120, "seed": 42}, "prompt_tokens": 198, "completion_tokens": 120, "total_tokens": 318, "token_count_source": "tokenizer", "diffusion_steps": null, "flops_estimate": null, "flops_arch": null, "flops_model_params": null, "flops_active_params": null, "tokens_non_final": 3, "tokens_reasoning": 0, "tokens_response": 3, "elapsed_seconds": 51.80699062347412, "judgement": "Way off"}
{"id": "basket_sum_001811", "topic": "basket_sum", "subtopic": "decimal_prices", "prompt": "You’re buying 3 items: $10.30, $18.37, $14.13. About how much will you pay (before tax)?", "exact_value": 42.8, "model": "Dream-org/Dream-v0-Instruct-7B", "provider": "transformers", "response": ", round to nearly 5 or 10's multiple.<|im_end|>\n<|im_start|>assistant\nFinal answer: 10.", "numeric_answer": 10.0, "relative_error": 0.7663551401869159, "thinking_text": null, "has_tool_call": false, "tool_call": null, "usage": {"prompt_tokens": 180, "completion_tokens": 138, "total_tokens": 318, "token_count_source": "tokenizer"}, "decoding": {"temperature": 0.2, "top_p": null, "top_k": null, "max_tokens": 120, "seed": 42}, "prompt_tokens": 180, "completion_tokens": 138, "total_tokens": 318, "token_count_source": "tokenizer", "diffusion_steps": null, "flops_estimate": null, "flops_arch": null, "flops_model_params": null, "flops_active_params": null, "tokens_non_final": 12, "tokens_reasoning": 0, "tokens_response": 12, "elapsed_seconds": 51.80699062347412, "judgement": "Way off"}
{"id": "basket_sum_001831", "topic": "basket_sum", "subtopic": "decimal_prices", "prompt": "You’re buying 3 items: $9.20, $7.83, $14.21. About how much will you pay (before tax)?", "exact_value": 31.24, "model": "Dream-org/Dream-v0-Instruct-7B", "provider": "transformers", "response": "an integer, round to nearly 5 or 10's multiple.<|im_end|>\n<|im_start|>assistant\nFinal answer: 11.", "numeric_answer": 11.0, "relative_error": 0.647887323943662, "thinking_text": null, "has_tool_call": false, "tool_call": null, "usage": {"prompt_tokens": 178, "completion_tokens": 140, "total_tokens": 318, "token_count_source": "tokenizer"}, "decoding": {"temperature": 0.2, "top_p": null, "top_k": null, "max_tokens": 120, "seed": 42}, "prompt_tokens": 178, "completion_tokens": 140, "total_tokens": 318, "token_count_source": "tokenizer", "diffusion_steps": null, "flops_estimate": null, "flops_arch": null, "flops_model_params": null, "flops_active_params": null, "tokens_non_final": 13, "tokens_reasoning": 0, "tokens_response": 13, "elapsed_seconds": 51.80699062347412, "judgement": "Way off"}
{"id": "basket_sum_001851", "topic": "basket_sum", "subtopic": "decimal_prices", "prompt": "You’re buying 5 items: $6.62, $11.07, $7.07, $6.71, $19.00. About how much will you pay (before tax)?", "exact_value": 50.47, "model": "Dream-org/Dream-v0-Instruct-7B", "provider": "transformers", "response": "Final answer: 11.", "numeric_answer": 11.0, "relative_error": 0.7820487418268278, "thinking_text": null, "has_tool_call": false, "tool_call": null, "usage": {"prompt_tokens": 191, "completion_tokens": 121, "total_tokens": 312, "token_count_source": "tokenizer"}, "decoding": {"temperature": 0.2, "top_p": null, "top_k": null, "max_tokens": 120, "seed": 42}, "prompt_tokens": 191, "completion_tokens": 121, "total_tokens": 312, "token_count_source": "tokenizer", "diffusion_steps": null, "flops_estimate": null, "flops_arch": null, "flops_model_params": null, "flops_active_params": null, "tokens_non_final": 3, "tokens_reasoning": 0, "tokens_response": 3, "elapsed_seconds": 51.64615321159363, "judgement": "Way off"}
{"id": "basket_sum_001871", "topic": "basket_sum", "subtopic": "decimal_prices", "prompt": "You’re buying 5 items: $6.25, $5.41, $5.02, $12.38, $15.22. About how much will you pay (before tax)?", "exact_value": 44.28, "model": "Dream-org/Dream-v0-Instruct-7B", "provider": "transformers", "response": "Final answer: 3.", "numeric_answer": 3.0, "relative_error": 0.9322493224932249, "thinking_text": null, "has_tool_call": false, "tool_call": null, "usage": {"prompt_tokens": 191, "completion_tokens": 121, "total_tokens": 312, "token_count_source": "tokenizer"}, "decoding": {"temperature": 0.2, "top_p": null, "top_k": null, "max_tokens": 120, "seed": 42}, "prompt_tokens": 191, "completion_tokens": 121, "total_tokens": 312, "token_count_source": "tokenizer", "diffusion_steps": null, "flops_estimate": null, "flops_arch": null, "flops_model_params": null, "flops_active_params": null, "tokens_non_final": 3, "tokens_reasoning": 0, "tokens_response": 3, "elapsed_seconds": 51.64615321159363, "judgement": "Way off"}
{"id": "discounts_000183", "topic": "discounts", "subtopic": "buy_n_get_m", "prompt": "Buy 4 get 1 free on items priced $5.05 each. You take 6 total. About how much do you pay?", "exact_value": 25.25, "model": "Dream-org/Dream-v0-Instruct-7B", "provider": "transformers", "response": "an integer, round to nearly 5 or 10's multiple.<|im_end|>\n<|im_start|>assistant\nFinal answer: 11.", "numeric_answer": 11.0, "relative_error": 0.5643564356435643, "thinking_text": null, "has_tool_call": false, "tool_call": null, "usage": {"prompt_tokens": 172, "completion_tokens": 140, "total_tokens": 312, "token_count_source": "tokenizer"}, "decoding": {"temperature": 0.2, "top_p": null, "top_k": null, "max_tokens": 120, "seed": 42}, "prompt_tokens": 172, "completion_tokens": 140, "total_tokens": 312, "token_count_source": "tokenizer", "diffusion_steps": null, "flops_estimate": null, "flops_arch": null, "flops_model_params": null, "flops_active_params": null, "tokens_non_final": 13, "tokens_reasoning": 0, "tokens_response": 13, "elapsed_seconds": 51.64615321159363, "judgement": "Mildly off"}
{"id": "discounts_000203", "topic": "discounts", "subtopic": "threshold", "prompt": "Threshold coupon applies: $5 off $30+ spend. Cart: $27.77, $19.83, $30.00, $13.61. About how much do you pay?", "exact_value": 86.21, "model": "Dream-org/Dream-v0-Instruct-7B", "provider": "transformers", "response": "Final answer: 1.", "numeric_answer": 1.0, "relative_error": 0.988400417584967, "thinking_text": null, "has_tool_call": false, "tool_call": null, "usage": {"prompt_tokens": 192, "completion_tokens": 120, "total_tokens": 312, "token_count_source": "tokenizer"}, "decoding": {"temperature": 0.2, "top_p": null, "top_k": null, "max_tokens": 120, "seed": 42}, "prompt_tokens": 192, "completion_tokens": 120, "total_tokens": 312, "token_count_source": "tokenizer", "diffusion_steps": null, "flops_estimate": null, "flops_arch": null, "flops_model_params": null, "flops_active_params": null, "tokens_non_final": 3, "tokens_reasoning": 0, "tokens_response": 3, "elapsed_seconds": 51.64615321159363, "judgement": "Way off"}
{"id": "discounts_000223", "topic": "discounts", "subtopic": "threshold", "prompt": "Threshold coupon applies: $5 off $40+ spend. Cart: $7.86, $25.35, $26.15, $22.93, $33.93. About how much do you pay?", "exact_value": 111.22, "model": "Dream-org/Dream-v0-Instruct-7B", "provider": "transformers", "response": "Final answer: $6.00", "numeric_answer": 6.0, "relative_error": 0.9460528681891746, "thinking_text": null, "has_tool_call": false, "tool_call": null, "usage": {"prompt_tokens": 198, "completion_tokens": 120, "total_tokens": 318, "token_count_source": "tokenizer"}, "decoding": {"temperature": 0.2, "top_p": null, "top_k": null, "max_tokens": 120, "seed": 42}, "prompt_tokens": 198, "completion_tokens": 120, "total_tokens": 318, "token_count_source": "tokenizer", "diffusion_steps": null, "flops_estimate": null, "flops_arch": null, "flops_model_params": null, "flops_active_params": null, "tokens_non_final": 3, "tokens_reasoning": 0, "tokens_response": 3, "elapsed_seconds": 51.85202193260193, "judgement": "Way off"}
{"id": "discounts_000243", "topic": "discounts", "subtopic": "percent", "prompt": "Cart: $41.98, $22.60, $24.78, $44.56, $29.87. A 20% discount applies to everything. About how much do you pay?", "exact_value": 131.03, "model": "Dream-org/Dream-v0-Instruct-7B", "provider": "transformers", "response": "assistant\nFinal answer: $20", "numeric_answer": 20.0, "relative_error": 0.8473631992673434, "thinking_text": null, "has_tool_call": false, "tool_call": null, "usage": {"prompt_tokens": 196, "completion_tokens": 122, "total_tokens": 318, "token_count_source": "tokenizer"}, "decoding": {"temperature": 0.2, "top_p": null, "top_k": null, "max_tokens": 120, "seed": 42}, "prompt_tokens": 196, "completion_tokens": 122, "total_tokens": 318, "token_count_source": "tokenizer", "diffusion_steps": null, "flops_estimate": null, "flops_arch": null, "flops_model_params": null, "flops_active_params": null, "tokens_non_final": 4, "tokens_reasoning": 0, "tokens_response": 4, "elapsed_seconds": 51.85202193260193, "judgement": "Way off"}
{"id": "discounts_000263", "topic": "discounts", "subtopic": "stacked", "prompt": "Stacked deal: 20% off, then $10 coupon if you spend $50 or more. Cart: $24.93, $20.51, $23.47. About how much do you pay?", "exact_value": 45.13, "model": "Dream-org/Dream-v0-Instruct-7B", "provider": "transformers", "response": "assistant\nFinal answer: 20.", "numeric_answer": 20.0, "relative_error": 0.5568358076667406, "thinking_text": null, "has_tool_call": false, "tool_call": null, "usage": {"prompt_tokens": 196, "completion_tokens": 122, "total_tokens": 318, "token_count_source": "tokenizer"}, "decoding": {"temperature": 0.2, "top_p": null, "top_k": null, "max_tokens": 120, "seed": 42}, "prompt_tokens": 196, "completion_tokens": 122, "total_tokens": 318, "token_count_source": "tokenizer", "diffusion_steps": null, "flops_estimate": null, "flops_arch": null, "flops_model_params": null, "flops_active_params": null, "tokens_non_final": 4, "tokens_reasoning": 0, "tokens_response": 4, "elapsed_seconds": 51.85202193260193, "judgement": "Mildly off"}
{"id": "discounts_000283", "topic": "discounts", "subtopic": "threshold", "prompt": "Threshold coupon applies: $15 off $30+ spend. Cart: $27.33, $21.91, $39.19, $18.59. About how much do you pay?", "exact_value": 92.02, "model": "Dream-org/Dream-v0-Instruct-7B", "provider": "transformers", "response": "<|im_end|>\n<|im_start|>assistant\nFinal answer: 10.", "numeric_answer": 10.0, "relative_error": 0.8913279721799608, "thinking_text": null, "has_tool_call": false, "tool_call": null, "usage": {"prompt_tokens": 193, "completion_tokens": 125, "total_tokens": 318, "token_count_source": "tokenizer"}, "decoding": {"temperature": 0.2, "top_p": null, "top_k": null, "max_tokens": 120, "seed": 42}, "prompt_tokens": 193, "completion_tokens": 125, "total_tokens": 318, "token_count_source": "tokenizer", "diffusion_steps": null, "flops_estimate": null, "flops_arch": null, "flops_model_params": null, "flops_active_params": null, "tokens_non_final": 5, "tokens_reasoning": 0, "tokens_response": 5, "elapsed_seconds": 51.85202193260193, "judgement": "Way off"}
{"id": "discounts_000303", "topic": "discounts", "subtopic": "threshold", "prompt": "Threshold coupon applies: $10 off $40+ spend. Cart: $36.04, $15.68, $34.87. About how much do you pay?", "exact_value": 76.59, "model": "Dream-org/Dream-v0-Instruct-7B", "provider": "transformers", "response": "doing arithmetic calculations.\nIf the number is already an integer, round to nearly 5 or 10's multiple.<|im_end|>\n<|im_start|>assistant\nFinal answer: 10.", "numeric_answer": 10.0, "relative_error": 0.8694346520433477, "thinking_text": null, "has_tool_call": false, "tool_call": null, "usage": {"prompt_tokens": 186, "completion_tokens": 149, "total_tokens": 335, "token_count_source": "tokenizer"}, "decoding": {"temperature": 0.2, "top_p": null, "top_k": null, "max_tokens": 120, "seed": 42}, "prompt_tokens": 186, "completion_tokens": 149, "total_tokens": 335, "token_count_source": "tokenizer", "diffusion_steps": null, "flops_estimate": null, "flops_arch": null, "flops_model_params": null, "flops_active_params": null, "tokens_non_final": 21, "tokens_reasoning": 0, "tokens_response": 21, "elapsed_seconds": 56.23847055435181, "judgement": "Way off"}
{"id": "discounts_000323", "topic": "discounts", "subtopic": "stacked", "prompt": "Stacked deal: 20% off, then $5 coupon if you spend $50 or more. Cart: $37.30, $35.35, $7.26, $28.69, $36.32, $11.49. About how much do you pay?", "exact_value": 120.13, "model": "Dream-org/Dream-v0-Instruct-7B", "provider": "transformers", "response": "Final answer: 10", "numeric_answer": 10.0, "relative_error": 0.9167568467493549, "thinking_text": null, "has_tool_call": false, "tool_call": null, "usage": {"prompt_tokens": 215, "completion_tokens": 120, "total_tokens": 335, "token_count_source": "tokenizer"}, "decoding": {"temperature": 0.2, "top_p": null, "top_k": null, "max_tokens": 120, "seed": 42}, "prompt_tokens": 215, "completion_tokens": 120, "total_tokens": 335, "token_count_source": "tokenizer", "diffusion_steps": null, "flops_estimate": null, "flops_arch": null, "flops_model_params": null, "flops_active_params": null, "tokens_non_final": 3, "tokens_reasoning": 0, "tokens_response": 3, "elapsed_seconds": 56.23847055435181, "judgement": "Way off"}
{"id": "discounts_000343", "topic": "discounts", "subtopic": "threshold", "prompt": "Threshold coupon applies: $5 off $30+ spend. Cart: $26.24, $32.30, $4.60, $26.47, $26.89. About how much do you pay?", "exact_value": 111.5, "model": "Dream-org/Dream-v0-Instruct-7B", "provider": "transformers", "response": "round to nearly 5 or 10's multiple.<|im_end|>\n<|im_start|>assistant\nFinal answer: 100.", "numeric_answer": 100.0, "relative_error": 0.1031390134529148, "thinking_text": null, "has_tool_call": false, "tool_call": null, "usage": {"prompt_tokens": 198, "completion_tokens": 137, "total_tokens": 335, "token_count_source": "tokenizer"}, "decoding": {"temperature": 0.2, "top_p": null, "top_k": null, "max_tokens": 120, "seed": 42}, "prompt_tokens": 198, "completion_tokens": 137, "total_tokens": 335, "token_count_source": "tokenizer", "diffusion_steps": null, "flops_estimate": null, "flops_arch": null, "flops_model_params": null, "flops_active_params": null, "tokens_non_final": 11, "tokens_reasoning": 0, "tokens_response": 11, "elapsed_seconds": 56.23847055435181, "judgement": "Good approximation"}
{"id": "discounts_000363", "topic": "discounts", "subtopic": "threshold", "prompt": "Threshold coupon applies: $10 off $25+ spend. Cart: $8.84, $27.18, $39.97. About how much do you pay?", "exact_value": 65.99, "model": "Dream-org/Dream-v0-Instruct-7B", "provider": "transformers", "response": "before doing arithmetic calculations.\nIf the number is already an integer, round to nearly 5 or 10's multiple.<|im_end|>\n<|im_start|>assistant\nFinal answer: 110.", "numeric_answer": 110.0, "relative_error": 0.666919230186392, "thinking_text": null, "has_tool_call": false, "tool_call": null, "usage": {"prompt_tokens": 185, "completion_tokens": 150, "total_tokens": 335, "token_count_source": "tokenizer"}, "decoding": {"temperature": 0.2, "top_p": null, "top_k": null, "max_tokens": 120, "seed": 42}, "prompt_tokens": 185, "completion_tokens": 150, "total_tokens": 335, "token_count_source": "tokenizer", "diffusion_steps": null, "flops_estimate": null, "flops_arch": null, "flops_model_params": null, "flops_active_params": null, "tokens_non_final": 22, "tokens_reasoning": 0, "tokens_response": 22, "elapsed_seconds": 56.23847055435181, "judgement": "Way off"}
{"id": "discounts_000383", "topic": "discounts", "subtopic": "stacked", "prompt": "Stacked deal: 15% off, then $5 coupon if you spend $40 or more. Cart: $32.36, $39.44, $31.86. About how much do you pay?", "exact_value": 83.11, "model": "Dream-org/Dream-v0-Instruct-7B", "provider": "transformers", "response": "<|im_start|>assistant\nFinal answer: $10.", "numeric_answer": 10.0, "relative_error": 0.8796775357959331, "thinking_text": null, "has_tool_call": false, "tool_call": null, "usage": {"prompt_tokens": 195, "completion_tokens": 124, "total_tokens": 319, "token_count_source": "tokenizer"}, "decoding": {"temperature": 0.2, "top_p": null, "top_k": null, "max_tokens": 120, "seed": 42}, "prompt_tokens": 195, "completion_tokens": 124, "total_tokens": 319, "token_count_source": "tokenizer", "diffusion_steps": null, "flops_estimate": null, "flops_arch": null, "flops_model_params": null, "flops_active_params": null, "tokens_non_final": 4, "tokens_reasoning": 0, "tokens_response": 4, "elapsed_seconds": 51.62887954711914, "judgement": "Way off"}
{"id": "discounts_000403", "topic": "discounts", "subtopic": "buy_n_get_m", "prompt": "Buy 4 get 3 free on items priced $7.01 each. You take 7 total. About how much do you pay?", "exact_value": 28.04, "model": "Dream-org/Dream-v0-Instruct-7B", "provider": "transformers", "response": "calculations.\nIf the number is already an integer, round to nearly 5 or 10's multiple.<|im_end|>\n<|im_start|>assistant\nFinal answer: $1.5", "numeric_answer": 5.0, "relative_error": 0.8216833095577746, "thinking_text": null, "has_tool_call": false, "tool_call": null, "usage": {"prompt_tokens": 172, "completion_tokens": 147, "total_tokens": 319, "token_count_source": "tokenizer"}, "decoding": {"temperature": 0.2, "top_p": null, "top_k": null, "max_tokens": 120, "seed": 42}, "prompt_tokens": 172, "completion_tokens": 147, "total_tokens": 319, "token_count_source": "tokenizer", "diffusion_steps": null, "flops_estimate": null, "flops_arch": null, "flops_model_params": null, "flops_active_params": null, "tokens_non_final": 19, "tokens_reasoning": 0, "tokens_response": 19, "elapsed_seconds": 51.62887954711914, "judgement": "Way off"}
{"id": "discounts_000423", "topic": "discounts", "subtopic": "threshold", "prompt": "Threshold coupon applies: $15 off $50+ spend. Cart: $37.39, $36.57. About how much do you pay?", "exact_value": 58.96, "model": "Dream-org/Dream-v0-Instruct-7B", "provider": "transformers", "response": "an integer, round to nearly 5 or 10's multiple.<|im_end|>\n<|im_start|>assistant\nFinal answer: 10.", "numeric_answer": 10.0, "relative_error": 0.830393487109905, "thinking_text": null, "has_tool_call": false, "tool_call": null, "usage": {"prompt_tokens": 179, "completion_tokens": 140, "total_tokens": 319, "token_count_source": "tokenizer"}, "decoding": {"temperature": 0.2, "top_p": null, "top_k": null, "max_tokens": 120, "seed": 42}, "prompt_tokens": 179, "completion_tokens": 140, "total_tokens": 319, "token_count_source": "tokenizer", "diffusion_steps": null, "flops_estimate": null, "flops_arch": null, "flops_model_params": null, "flops_active_params": null, "tokens_non_final": 13, "tokens_reasoning": 0, "tokens_response": 13, "elapsed_seconds": 51.62887954711914, "judgement": "Way off"}
{"id": "discounts_000443", "topic": "discounts", "subtopic": "threshold", "prompt": "Threshold coupon applies: $10 off $40+ spend. Cart: $11.05, $31.68, $27.63, $4.93, $26.15. About how much do you pay?", "exact_value": 91.44, "model": "Dream-org/Dream-v0-Instruct-7B", "provider": "transformers", "response": "Final answer: 0", "numeric_answer": 0.0, "relative_error": 1.0, "thinking_text": null, "has_tool_call": false, "tool_call": null, "usage": {"prompt_tokens": 199, "completion_tokens": 120, "total_tokens": 319, "token_count_source": "tokenizer"}, "decoding": {"temperature": 0.2, "top_p": null, "top_k": null, "max_tokens": 120, "seed": 42}, "prompt_tokens": 199, "completion_tokens": 120, "total_tokens": 319, "token_count_source": "tokenizer", "diffusion_steps": null, "flops_estimate": null, "flops_arch": null, "flops_model_params": null, "flops_active_params": null, "tokens_non_final": 3, "tokens_reasoning": 0, "tokens_response": 3, "elapsed_seconds": 51.62887954711914, "judgement": "Way off"}
{"id": "discounts_000463", "topic": "discounts", "subtopic": "threshold", "prompt": "Threshold coupon applies: $5 off $30+ spend. Cart: $7.17, $14.56, $7.86, $33.78. About how much do you pay?", "exact_value": 58.37, "model": "Dream-org/Dream-v0-Instruct-7B", "provider": "transformers", "response": "If the number is already an integer, round to nearly 5 or 10's multiple.<|im_end|>\n<|im_start|>assistant\nFinal answer: 7.", "numeric_answer": 7.0, "relative_error": 0.8800753811889669, "thinking_text": null, "has_tool_call": false, "tool_call": null, "usage": {"prompt_tokens": 190, "completion_tokens": 145, "total_tokens": 335, "token_count_source": "tokenizer"}, "decoding": {"temperature": 0.2, "top_p": null, "top_k": null, "max_tokens": 120, "seed": 42}, "prompt_tokens": 190, "completion_tokens": 145, "total_tokens": 335, "token_count_source": "tokenizer", "diffusion_steps": null, "flops_estimate": null, "flops_arch": null, "flops_model_params": null, "flops_active_params": null, "tokens_non_final": 18, "tokens_reasoning": 0, "tokens_response": 18, "elapsed_seconds": 55.88250231742859, "judgement": "Way off"}
{"id": "discounts_000483", "topic": "discounts", "subtopic": "buy_n_get_m", "prompt": "Buy 3 get 3 free on items priced $2.85 each. You take 7 total. About how much do you pay?", "exact_value": 11.4, "model": "Dream-org/Dream-v0-Instruct-7B", "provider": "transformers", "response": "number is a fraction, round the numbers to the nearest integer number before doing arithmetic calculations.\nIf the number is already an integer, round to nearly 5 or 10's multiple.<|im_end|>\n<|im_start|>assistant\nFinal answer: 1.", "numeric_answer": 1.0, "relative_error": 0.9122807017543859, "thinking_text": null, "has_tool_call": false, "tool_call": null, "usage": {"prompt_tokens": 172, "completion_tokens": 163, "total_tokens": 335, "token_count_source": "tokenizer"}, "decoding": {"temperature": 0.2, "top_p": null, "top_k": null, "max_tokens": 120, "seed": 42}, "prompt_tokens": 172, "completion_tokens": 163, "total_tokens": 335, "token_count_source": "tokenizer", "diffusion_steps": null, "flops_estimate": null, "flops_arch": null, "flops_model_params": null, "flops_active_params": null, "tokens_non_final": 34, "tokens_reasoning": 0, "tokens_response": 34, "elapsed_seconds": 55.88250231742859, "judgement": "Way off"}
{"id": "discounts_000503", "topic": "discounts", "subtopic": "stacked", "prompt": "Stacked deal: 20% off, then $5 coupon if you spend $30 or more. Cart: $29.58, $10.92, $29.18, $33.24, $8.11, $38.19. About how much do you pay?", "exact_value": 114.38, "model": "Dream-org/Dream-v0-Instruct-7B", "provider": "transformers", "response": "Final answer: 20.", "numeric_answer": 20.0, "relative_error": 0.8251442559888092, "thinking_text": null, "has_tool_call": false, "tool_call": null, "usage": {"prompt_tokens": 215, "completion_tokens": 120, "total_tokens": 335, "token_count_source": "tokenizer"}, "decoding": {"temperature": 0.2, "top_p": null, "top_k": null, "max_tokens": 120, "seed": 42}, "prompt_tokens": 215, "completion_tokens": 120, "total_tokens": 335, "token_count_source": "tokenizer", "diffusion_steps": null, "flops_estimate": null, "flops_arch": null, "flops_model_params": null, "flops_active_params": null, "tokens_non_final": 3, "tokens_reasoning": 0, "tokens_response": 3, "elapsed_seconds": 55.88250231742859, "judgement": "Way off"}
{"id": "discounts_000523", "topic": "discounts", "subtopic": "bogo", "prompt": "BOGO sale (buy one, get one free; free item is the cheaper one in each pair). Items: $21.23, $17.95, $15.39, $10.11, $8.23, $4.52. About how much do you pay?", "exact_value": 44.85, "model": "Dream-org/Dream-v0-Instruct-7B", "provider": "transformers", "response": "<|im_start|>assistant\nFinal answer: 5.", "numeric_answer": 5.0, "relative_error": 0.8885172798216276, "thinking_text": null, "has_tool_call": false, "tool_call": null, "usage": {"prompt_tokens": 212, "completion_tokens": 123, "total_tokens": 335, "token_count_source": "tokenizer"}, "decoding": {"temperature": 0.2, "top_p": null, "top_k": null, "max_tokens": 120, "seed": 42}, "prompt_tokens": 212, "completion_tokens": 123, "total_tokens": 335, "token_count_source": "tokenizer", "diffusion_steps": null, "flops_estimate": null, "flops_arch": null, "flops_model_params": null, "flops_active_params": null, "tokens_non_final": 4, "tokens_reasoning": 0, "tokens_response": 4, "elapsed_seconds": 55.88250231742859, "judgement": "Way off"}
{"id": "discounts_000543", "topic": "discounts", "subtopic": "percent", "prompt": "Cart: $30.85, $43.81, $8.07. A 20% discount applies to everything. About how much do you pay?", "exact_value": 66.18, "model": "Dream-org/Dream-v0-Instruct-7B", "provider": "transformers", "response": "the number is already an integer, round to nearly 5 or 10's multiple.<|im_end|>\n<|im_start|>assistant\nFinal answer: 8.", "numeric_answer": 8.0, "relative_error": 0.8791175581746752, "thinking_text": null, "has_tool_call": false, "tool_call": null, "usage": {"prompt_tokens": 181, "completion_tokens": 144, "total_tokens": 325, "token_count_source": "tokenizer"}, "decoding": {"temperature": 0.2, "top_p": null, "top_k": null, "max_tokens": 120, "seed": 42}, "prompt_tokens": 181, "completion_tokens": 144, "total_tokens": 325, "token_count_source": "tokenizer", "diffusion_steps": null, "flops_estimate": null, "flops_arch": null, "flops_model_params": null, "flops_active_params": null, "tokens_non_final": 17, "tokens_reasoning": 0, "tokens_response": 17, "elapsed_seconds": 55.37827229499817, "judgement": "Way off"}
{"id": "discounts_000563", "topic": "discounts", "subtopic": "threshold", "prompt": "Threshold coupon applies: $5 off $30+ spend. Cart: $4.94, $20.81, $22.55. About how much do you pay?", "exact_value": 43.3, "model": "Dream-org/Dream-v0-Instruct-7B", "provider": "transformers", "response": "already an integer, round to nearly 5 or 10's multiple.<|im_end|>\n<|im_start|>assistant\nFinal answer: 10.", "numeric_answer": 10.0, "relative_error": 0.76905311778291, "thinking_text": null, "has_tool_call": false, "tool_call": null, "usage": {"prompt_tokens": 184, "completion_tokens": 141, "total_tokens": 325, "token_count_source": "tokenizer"}, "decoding": {"temperature": 0.2, "top_p": null, "top_k": null, "max_tokens": 120, "seed": 42}, "prompt_tokens": 184, "completion_tokens": 141, "total_tokens": 325, "token_count_source": "tokenizer", "diffusion_steps": null, "flops_estimate": null, "flops_arch": null, "flops_model_params": null, "flops_active_params": null, "tokens_non_final": 14, "tokens_reasoning": 0, "tokens_response": 14, "elapsed_seconds": 55.37827229499817, "judgement": "Way off"}
{"id": "discounts_000583", "topic": "discounts", "subtopic": "buy_n_get_m", "prompt": "Buy 5 get 3 free on items priced $4.97 each. You take 16 total. About how much do you pay?", "exact_value": 49.7, "model": "Dream-org/Dream-v0-Instruct-7B", "provider": "transformers", "response": "integer number before doing arithmetic calculations.\nIf the number is already an integer, round to nearly 5 or 10's multiple.<|im_end|>\n<|im_start|>assistant\nFinal answer: 10", "numeric_answer": 10.0, "relative_error": 0.7987927565392354, "thinking_text": null, "has_tool_call": false, "tool_call": null, "usage": {"prompt_tokens": 173, "completion_tokens": 152, "total_tokens": 325, "token_count_source": "tokenizer"}, "decoding": {"temperature": 0.2, "top_p": null, "top_k": null, "max_tokens": 120, "seed": 42}, "prompt_tokens": 173, "completion_tokens": 152, "total_tokens": 325, "token_count_source": "tokenizer", "diffusion_steps": null, "flops_estimate": null, "flops_arch": null, "flops_model_params": null, "flops_active_params": null, "tokens_non_final": 24, "tokens_reasoning": 0, "tokens_response": 24, "elapsed_seconds": 55.37827229499817, "judgement": "Way off"}
{"id": "discounts_000603", "topic": "discounts", "subtopic": "bogo", "prompt": "BOGO sale (buy one, get one free; free item is the cheaper one in each pair). Items: $18.16, $13.58, $11.14, $8.88, $4.45. About how much do you pay?", "exact_value": 33.75, "model": "Dream-org/Dream-v0-Instruct-7B", "provider": "transformers", "response": "Final answer: 17.", "numeric_answer": 17.0, "relative_error": 0.4962962962962963, "thinking_text": null, "has_tool_call": false, "tool_call": null, "usage": {"prompt_tokens": 205, "completion_tokens": 120, "total_tokens": 325, "token_count_source": "tokenizer"}, "decoding": {"temperature": 0.2, "top_p": null, "top_k": null, "max_tokens": 120, "seed": 42}, "prompt_tokens": 205, "completion_tokens": 120, "total_tokens": 325, "token_count_source": "tokenizer", "diffusion_steps": null, "flops_estimate": null, "flops_arch": null, "flops_model_params": null, "flops_active_params": null, "tokens_non_final": 3, "tokens_reasoning": 0, "tokens_response": 3, "elapsed_seconds": 55.37827229499817, "judgement": "Mildly off"}
{"id": "discounts_000623", "topic": "discounts", "subtopic": "bogo", "prompt": "BOGO sale (buy one, get one free; free item is the cheaper one in each pair). Items: $21.85, $18.63, $17.86, $11.60, $9.53. About how much do you pay?", "exact_value": 49.24, "model": "Dream-org/Dream-v0-Instruct-7B", "provider": "transformers", "response": "Final answer:", "numeric_answer": null, "relative_error": null, "thinking_text": null, "has_tool_call": false, "tool_call": null, "usage": {"prompt_tokens": 206, "completion_tokens": 120, "total_tokens": 326, "token_count_source": "tokenizer"}, "decoding": {"temperature": 0.2, "top_p": null, "top_k": null, "max_tokens": 120, "seed": 42}, "prompt_tokens": 206, "completion_tokens": 120, "total_tokens": 326, "token_count_source": "tokenizer", "diffusion_steps": null, "flops_estimate": null, "flops_arch": null, "flops_model_params": null, "flops_active_params": null, "tokens_non_final": 2, "tokens_reasoning": 0, "tokens_response": 2, "elapsed_seconds": 55.57956027984619, "judgement": "Uncategorized"}
{"id": "discounts_000643", "topic": "discounts", "subtopic": "buy_n_get_m", "prompt": "Buy 5 get 1 free on items priced $4.62 each. You take 12 total. About how much do you pay?", "exact_value": 46.2, "model": "Dream-org/Dream-v0-Instruct-7B", "provider": "transformers", "response": "nearest integer number before doing arithmetic calculations.\nIf the number is already an integer, round to nearly 5 or 10's multiple.<|im_end|>\n<|im_start|>assistant\nFinal answer: 4.", "numeric_answer": 4.0, "relative_error": 0.9134199134199135, "thinking_text": null, "has_tool_call": false, "tool_call": null, "usage": {"prompt_tokens": 173, "completion_tokens": 153, "total_tokens": 326, "token_count_source": "tokenizer"}, "decoding": {"temperature": 0.2, "top_p": null, "top_k": null, "max_tokens": 120, "seed": 42}, "prompt_tokens": 173, "completion_tokens": 153, "total_tokens": 326, "token_count_source": "tokenizer", "diffusion_steps": null, "flops_estimate": null, "flops_arch": null, "flops_model_params": null, "flops_active_params": null, "tokens_non_final": 25, "tokens_reasoning": 0, "tokens_response": 25, "elapsed_seconds": 55.57956027984619, "judgement": "Way off"}
{"id": "discounts_000663", "topic": "discounts", "subtopic": "stacked", "prompt": "Stacked deal: 15% off, then $5 coupon if you spend $50 or more. Cart: $16.58, $23.77, $10.19. About how much do you pay?", "exact_value": 42.96, "model": "Dream-org/Dream-v0-Instruct-7B", "provider": "transformers", "response": "10's multiple.<|im_end|>\n<|im_start|>assistant\nFinal answer: 10.", "numeric_answer": 10.0, "relative_error": 0.7672253258845437, "thinking_text": null, "has_tool_call": false, "tool_call": null, "usage": {"prompt_tokens": 195, "completion_tokens": 131, "total_tokens": 326, "token_count_source": "tokenizer"}, "decoding": {"temperature": 0.2, "top_p": null, "top_k": null, "max_tokens": 120, "seed": 42}, "prompt_tokens": 195, "completion_tokens": 131, "total_tokens": 326, "token_count_source": "tokenizer", "diffusion_steps": null, "flops_estimate": null, "flops_arch": null, "flops_model_params": null, "flops_active_params": null, "tokens_non_final": 6, "tokens_reasoning": 0, "tokens_response": 6, "elapsed_seconds": 55.57956027984619, "judgement": "Way off"}
{"id": "discounts_000683", "topic": "discounts", "subtopic": "percent", "prompt": "Cart: $27.44, $47.42, $41.38, $11.58, $35.37. A 25% discount applies to everything. About how much do you pay?", "exact_value": 122.39, "model": "Dream-org/Dream-v0-Instruct-7B", "provider": "transformers", "response": "10's multiple.<|im_end|>\n<|im_start|>assistant\nFinal answer: 113.0", "numeric_answer": 113.0, "relative_error": 0.07672195440803987, "thinking_text": null, "has_tool_call": false, "tool_call": null, "usage": {"prompt_tokens": 196, "completion_tokens": 130, "total_tokens": 326, "token_count_source": "tokenizer"}, "decoding": {"temperature": 0.2, "top_p": null, "top_k": null, "max_tokens": 120, "seed": 42}, "prompt_tokens": 196, "completion_tokens": 130, "total_tokens": 326, "token_count_source": "tokenizer", "diffusion_steps": null, "flops_estimate": null, "flops_arch": null, "flops_model_params": null, "flops_active_params": null, "tokens_non_final": 6, "tokens_reasoning": 0, "tokens_response": 6, "elapsed_seconds": 55.57956027984619, "judgement": "Good approximation"}
{"id": "discounts_000703", "topic": "discounts", "subtopic": "percent", "prompt": "Cart: $19.91, $32.12, $19.55, $20.11, $21.65. A 15% discount applies to everything. About how much do you pay?", "exact_value": 96.34, "model": "Dream-org/Dream-v0-Instruct-7B", "provider": "transformers", "response": "Final answer: 21.", "numeric_answer": 21.0, "relative_error": 0.7820220053975504, "thinking_text": null, "has_tool_call": false, "tool_call": null, "usage": {"prompt_tokens": 196, "completion_tokens": 120, "total_tokens": 316, "token_count_source": "tokenizer"}, "decoding": {"temperature": 0.2, "top_p": null, "top_k": null, "max_tokens": 120, "seed": 42}, "prompt_tokens": 196, "completion_tokens": 120, "total_tokens": 316, "token_count_source": "tokenizer", "diffusion_steps": null, "flops_estimate": null, "flops_arch": null, "flops_model_params": null, "flops_active_params": null, "tokens_non_final": 3, "tokens_reasoning": 0, "tokens_response": 3, "elapsed_seconds": 51.71659064292908, "judgement": "Way off"}
{"id": "discounts_000723", "topic": "discounts", "subtopic": "percent", "prompt": "Cart: $48.29, $29.75, $30.14, $33.26, $21.69. A 25% discount applies to everything. About how much do you pay?", "exact_value": 122.35, "model": "Dream-org/Dream-v0-Instruct-7B", "provider": "transformers", "response": "Final answer: 100.", "numeric_answer": 100.0, "relative_error": 0.18267266040049035, "thinking_text": null, "has_tool_call": false, "tool_call": null, "usage": {"prompt_tokens": 196, "completion_tokens": 120, "total_tokens": 316, "token_count_source": "tokenizer"}, "decoding": {"temperature": 0.2, "top_p": null, "top_k": null, "max_tokens": 120, "seed": 42}, "prompt_tokens": 196, "completion_tokens": 120, "total_tokens": 316, "token_count_source": "tokenizer", "diffusion_steps": null, "flops_estimate": null, "flops_arch": null, "flops_model_params": null, "flops_active_params": null, "tokens_non_final": 3, "tokens_reasoning": 0, "tokens_response": 3, "elapsed_seconds": 51.71659064292908, "judgement": "Good approximation"}
{"id": "discounts_000743", "topic": "discounts", "subtopic": "bogo", "prompt": "BOGO sale (buy one, get one free; free item is the cheaper one in each pair). Items: $22.88, $9.78. About how much do you pay?", "exact_value": 22.88, "model": "Dream-org/Dream-v0-Instruct-7B", "provider": "transformers", "response": "10's multiple.<|im_end|>\n<|im_start|>assistant\nFinal answer: 1.", "numeric_answer": 1.0, "relative_error": 0.9562937062937062, "thinking_text": null, "has_tool_call": false, "tool_call": null, "usage": {"prompt_tokens": 185, "completion_tokens": 131, "total_tokens": 316, "token_count_source": "tokenizer"}, "decoding": {"temperature": 0.2, "top_p": null, "top_k": null, "max_tokens": 120, "seed": 42}, "prompt_tokens": 185, "completion_tokens": 131, "total_tokens": 316, "token_count_source": "tokenizer", "diffusion_steps": null, "flops_estimate": null, "flops_arch": null, "flops_model_params": null, "flops_active_params": null, "tokens_non_final": 6, "tokens_reasoning": 0, "tokens_response": 6, "elapsed_seconds": 51.71659064292908, "judgement": "Way off"}
{"id": "discounts_000763", "topic": "discounts", "subtopic": "bogo", "prompt": "BOGO sale (buy one, get one free; free item is the cheaper one in each pair). Items: $11.36, $1.82. About how much do you pay?", "exact_value": 11.36, "model": "Dream-org/Dream-v0-Instruct-7B", "provider": "transformers", "response": "10's multiple.<|im_end|>\n<|im_start|>assistant\nFinal answer: 3.", "numeric_answer": 3.0, "relative_error": 0.7359154929577465, "thinking_text": null, "has_tool_call": false, "tool_call": null, "usage": {"prompt_tokens": 185, "completion_tokens": 131, "total_tokens": 316, "token_count_source": "tokenizer"}, "decoding": {"temperature": 0.2, "top_p": null, "top_k": null, "max_tokens": 120, "seed": 42}, "prompt_tokens": 185, "completion_tokens": 131, "total_tokens": 316, "token_count_source": "tokenizer", "diffusion_steps": null, "flops_estimate": null, "flops_arch": null, "flops_model_params": null, "flops_active_params": null, "tokens_non_final": 6, "tokens_reasoning": 0, "tokens_response": 6, "elapsed_seconds": 51.71659064292908, "judgement": "Way off"}
{"id": "discounts_000783", "topic": "discounts", "subtopic": "stacked", "prompt": "Stacked deal: 15% off, then $10 coupon if you spend $30 or more. Cart: $37.23, $37.65, $36.92, $14.32, $6.23. About how much do you pay?", "exact_value": 102.5, "model": "Dream-org/Dream-v0-Instruct-7B", "provider": "transformers", "response": "<|im_start|>assistant\nFinal answer: 10", "numeric_answer": 10.0, "relative_error": 0.9024390243902439, "thinking_text": null, "has_tool_call": false, "tool_call": null, "usage": {"prompt_tokens": 209, "completion_tokens": 124, "total_tokens": 333, "token_count_source": "tokenizer"}, "decoding": {"temperature": 0.2, "top_p": null, "top_k": null, "max_tokens": 120, "seed": 42}, "prompt_tokens": 209, "completion_tokens": 124, "total_tokens": 333, "token_count_source": "tokenizer", "diffusion_steps": null, "flops_estimate": null, "flops_arch": null, "flops_model_params": null, "flops_active_params": null, "tokens_non_final": 4, "tokens_reasoning": 0, "tokens_response": 4, "elapsed_seconds": 55.96347975730896, "judgement": "Way off"}
{"id": "discounts_000803", "topic": "discounts", "subtopic": "bogo", "prompt": "BOGO sale (buy one, get one free; free item is the cheaper one in each pair). Items: $23.07, $19.42, $17.76, $16.24, $13.92, $4.39. About how much do you pay?", "exact_value": 54.75, "model": "Dream-org/Dream-v0-Instruct-7B", "provider": "transformers", "response": "Final answer: 5.0", "numeric_answer": 5.0, "relative_error": 0.908675799086758, "thinking_text": null, "has_tool_call": false, "tool_call": null, "usage": {"prompt_tokens": 213, "completion_tokens": 120, "total_tokens": 333, "token_count_source": "tokenizer"}, "decoding": {"temperature": 0.2, "top_p": null, "top_k": null, "max_tokens": 120, "seed": 42}, "prompt_tokens": 213, "completion_tokens": 120, "total_tokens": 333, "token_count_source": "tokenizer", "diffusion_steps": null, "flops_estimate": null, "flops_arch": null, "flops_model_params": null, "flops_active_params": null, "tokens_non_final": 3, "tokens_reasoning": 0, "tokens_response": 3, "elapsed_seconds": 55.96347975730896, "judgement": "Way off"}
{"id": "discounts_000823", "topic": "discounts", "subtopic": "stacked", "prompt": "Stacked deal: 20% off, then $10 coupon if you spend $30 or more. Cart: $8.48, $35.86, $5.64, $31.66, $9.45. About how much do you pay?", "exact_value": 62.87, "model": "Dream-org/Dream-v0-Instruct-7B", "provider": "transformers", "response": ".<|im_end|>\n<|im_start|>assistant\nFinal answer: 10.", "numeric_answer": 10.0, "relative_error": 0.8409416255765866, "thinking_text": null, "has_tool_call": false, "tool_call": null, "usage": {"prompt_tokens": 207, "completion_tokens": 126, "total_tokens": 333, "token_count_source": "tokenizer"}, "decoding": {"temperature": 0.2, "top_p": null, "top_k": null, "max_tokens": 120, "seed": 42}, "prompt_tokens": 207, "completion_tokens": 126, "total_tokens": 333, "token_count_source": "tokenizer", "diffusion_steps": null, "flops_estimate": null, "flops_arch": null, "flops_model_params": null, "flops_active_params": null, "tokens_non_final": 5, "tokens_reasoning": 0, "tokens_response": 5, "elapsed_seconds": 55.96347975730896, "judgement": "Way off"}
{"id": "discounts_000843", "topic": "discounts", "subtopic": "buy_n_get_m", "prompt": "Buy 4 get 2 free on items priced $5.03 each. You take 9 total. About how much do you pay?", "exact_value": 35.21, "model": "Dream-org/Dream-v0-Instruct-7B", "provider": "transformers", "response": "a fraction, round the numbers to the nearest integer number before doing arithmetic calculations.\nIf the number is already an integer, round to nearly 5 or 10's multiple.<|im_end|>\n<|im_start|>assistant\nFinal answer: 5.", "numeric_answer": 5.0, "relative_error": 0.8579948878159613, "thinking_text": null, "has_tool_call": false, "tool_call": null, "usage": {"prompt_tokens": 172, "completion_tokens": 161, "total_tokens": 333, "token_count_source": "tokenizer"}, "decoding": {"temperature": 0.2, "top_p": null, "top_k": null, "max_tokens": 120, "seed": 42}, "prompt_tokens": 172, "completion_tokens": 161, "total_tokens": 333, "token_count_source": "tokenizer", "diffusion_steps": null, "flops_estimate": null, "flops_arch": null, "flops_model_params": null, "flops_active_params": null, "tokens_non_final": 32, "tokens_reasoning": 0, "tokens_response": 32, "elapsed_seconds": 55.96347975730896, "judgement": "Way off"}
{"id": "discounts_000863", "topic": "discounts", "subtopic": "threshold", "prompt": "Threshold coupon applies: $10 off $25+ spend. Cart: $34.92, $8.51, $12.79. About how much do you pay?", "exact_value": 46.22, "model": "Dream-org/Dream-v0-Instruct-7B", "provider": "transformers", "response": "10's multiple.<|im_end|>\n<|im_start|>assistant\nFinal answer: 15.", "numeric_answer": 15.0, "relative_error": 0.6754651665945478, "thinking_text": null, "has_tool_call": false, "tool_call": null, "usage": {"prompt_tokens": 185, "completion_tokens": 131, "total_tokens": 316, "token_count_source": "tokenizer"}, "decoding": {"temperature": 0.2, "top_p": null, "top_k": null, "max_tokens": 120, "seed": 42}, "prompt_tokens": 185, "completion_tokens": 131, "total_tokens": 316, "token_count_source": "tokenizer", "diffusion_steps": null, "flops_estimate": null, "flops_arch": null, "flops_model_params": null, "flops_active_params": null, "tokens_non_final": 6, "tokens_reasoning": 0, "tokens_response": 6, "elapsed_seconds": 51.62874245643616, "judgement": "Way off"}
{"id": "discounts_000883", "topic": "discounts", "subtopic": "percent", "prompt": "Cart: $39.81, $20.15, $41.33, $23.55, $23.05. A 25% discount applies to everything. About how much do you pay?", "exact_value": 110.92, "model": "Dream-org/Dream-v0-Instruct-7B", "provider": "transformers", "response": "Final answer: 100.", "numeric_answer": 100.0, "relative_error": 0.09844933285250633, "thinking_text": null, "has_tool_call": false, "tool_call": null, "usage": {"prompt_tokens": 196, "completion_tokens": 120, "total_tokens": 316, "token_count_source": "tokenizer"}, "decoding": {"temperature": 0.2, "top_p": null, "top_k": null, "max_tokens": 120, "seed": 42}, "prompt_tokens": 196, "completion_tokens": 120, "total_tokens": 316, "token_count_source": "tokenizer", "diffusion_steps": null, "flops_estimate": null, "flops_arch": null, "flops_model_params": null, "flops_active_params": null, "tokens_non_final": 3, "tokens_reasoning": 0, "tokens_response": 3, "elapsed_seconds": 51.62874245643616, "judgement": "Good approximation"}
{"id": "discounts_000903", "topic": "discounts", "subtopic": "percent", "prompt": "Cart: $12.50, $16.62, $17.19. A 10% discount applies to everything. About how much do you pay?", "exact_value": 41.68, "model": "Dream-org/Dream-v0-Instruct-7B", "provider": "transformers", "response": "5 or 10's multiple.<|im_end|>\n<|im_start|>assistant\nFinal answer: $100.", "numeric_answer": 5.0, "relative_error": 0.8800383877159309, "thinking_text": null, "has_tool_call": false, "tool_call": null, "usage": {"prompt_tokens": 182, "completion_tokens": 134, "total_tokens": 316, "token_count_source": "tokenizer"}, "decoding": {"temperature": 0.2, "top_p": null, "top_k": null, "max_tokens": 120, "seed": 42}, "prompt_tokens": 182, "completion_tokens": 134, "total_tokens": 316, "token_count_source": "tokenizer", "diffusion_steps": null, "flops_estimate": null, "flops_arch": null, "flops_model_params": null, "flops_active_params": null, "tokens_non_final": 8, "tokens_reasoning": 0, "tokens_response": 8, "elapsed_seconds": 51.62874245643616, "judgement": "Way off"}
{"id": "discounts_000923", "topic": "discounts", "subtopic": "bogo", "prompt": "BOGO sale (buy one, get one free; free item is the cheaper one in each pair). Items: $10.61, $2.49. About how much do you pay?", "exact_value": 10.61, "model": "Dream-org/Dream-v0-Instruct-7B", "provider": "transformers", "response": "10's multiple.<|im_end|>\n<|im_start|>assistant\nFinal answer: 1.00", "numeric_answer": 1.0, "relative_error": 0.9057492931196984, "thinking_text": null, "has_tool_call": false, "tool_call": null, "usage": {"prompt_tokens": 185, "completion_tokens": 131, "total_tokens": 316, "token_count_source": "tokenizer"}, "decoding": {"temperature": 0.2, "top_p": null, "top_k": null, "max_tokens": 120, "seed": 42}, "prompt_tokens": 185, "completion_tokens": 131, "total_tokens": 316, "token_count_source": "tokenizer", "diffusion_steps": null, "flops_estimate": null, "flops_arch": null, "flops_model_params": null, "flops_active_params": null, "tokens_non_final": 6, "tokens_reasoning": 0, "tokens_response": 6, "elapsed_seconds": 51.62874245643616, "judgement": "Way off"}
{"id": "discounts_000943", "topic": "discounts", "subtopic": "stacked", "prompt": "Stacked deal: 20% off, then $5 coupon if you spend $50 or more. Cart: $22.54, $15.03, $37.69. About how much do you pay?", "exact_value": 55.21, "model": "Dream-org/Dream-v0-Instruct-7B", "provider": "transformers", "response": "to nearly 5 or 10's multiple.<|im_end|>\n<|im_start|>assistant\nFinal answer: 100.", "numeric_answer": 100.0, "relative_error": 0.8112660749864155, "thinking_text": null, "has_tool_call": false, "tool_call": null, "usage": {"prompt_tokens": 195, "completion_tokens": 136, "total_tokens": 331, "token_count_source": "tokenizer"}, "decoding": {"temperature": 0.2, "top_p": null, "top_k": null, "max_tokens": 120, "seed": 42}, "prompt_tokens": 195, "completion_tokens": 136, "total_tokens": 331, "token_count_source": "tokenizer", "diffusion_steps": null, "flops_estimate": null, "flops_arch": null, "flops_model_params": null, "flops_active_params": null, "tokens_non_final": 10, "tokens_reasoning": 0, "tokens_response": 10, "elapsed_seconds": 55.89490461349487, "judgement": "Way off"}
{"id": "discounts_000963", "topic": "discounts", "subtopic": "bogo", "prompt": "BOGO sale (buy one, get one free; free item is the cheaper one in each pair). Items: $23.00, $20.02, $17.46, $6.49, $2.60. About how much do you pay?", "exact_value": 43.06, "model": "Dream-org/Dream-v0-Instruct-7B", "provider": "transformers", "response": ".<|im_end|>\n<|im_start|>assistant\nFinal answer: 14.00", "numeric_answer": 14.0, "relative_error": 0.6748722712494194, "thinking_text": null, "has_tool_call": false, "tool_call": null, "usage": {"prompt_tokens": 205, "completion_tokens": 126, "total_tokens": 331, "token_count_source": "tokenizer"}, "decoding": {"temperature": 0.2, "top_p": null, "top_k": null, "max_tokens": 120, "seed": 42}, "prompt_tokens": 205, "completion_tokens": 126, "total_tokens": 331, "token_count_source": "tokenizer", "diffusion_steps": null, "flops_estimate": null, "flops_arch": null, "flops_model_params": null, "flops_active_params": null, "tokens_non_final": 5, "tokens_reasoning": 0, "tokens_response": 5, "elapsed_seconds": 55.89490461349487, "judgement": "Way off"}
{"id": "discounts_000983", "topic": "discounts", "subtopic": "bogo", "prompt": "BOGO sale (buy one, get one free; free item is the cheaper one in each pair). Items: $17.50, $15.22, $8.66. About how much do you pay?", "exact_value": 26.16, "model": "Dream-org/Dream-v0-Instruct-7B", "provider": "transformers", "response": "integer, round to nearly 5 or 10's multiple.<|im_end|>\n<|im_start|>assistant\nFinal answer: $110.", "numeric_answer": 5.0, "relative_error": 0.808868501529052, "thinking_text": null, "has_tool_call": false, "tool_call": null, "usage": {"prompt_tokens": 192, "completion_tokens": 139, "total_tokens": 331, "token_count_source": "tokenizer"}, "decoding": {"temperature": 0.2, "top_p": null, "top_k": null, "max_tokens": 120, "seed": 42}, "prompt_tokens": 192, "completion_tokens": 139, "total_tokens": 331, "token_count_source": "tokenizer", "diffusion_steps": null, "flops_estimate": null, "flops_arch": null, "flops_model_params": null, "flops_active_params": null, "tokens_non_final": 12, "tokens_reasoning": 0, "tokens_response": 12, "elapsed_seconds": 55.89490461349487, "judgement": "Way off"}
{"id": "discounts_001003", "topic": "discounts", "subtopic": "bogo", "prompt": "BOGO sale (buy one, get one free; free item is the cheaper one in each pair). Items: $22.78, $21.06, $17.56, $9.49, $3.73, $1.89. About how much do you pay?", "exact_value": 44.07, "model": "Dream-org/Dream-v0-Instruct-7B", "provider": "transformers", "response": "Final answer: 11.15", "numeric_answer": 11.15, "relative_error": 0.7469934195597913, "thinking_text": null, "has_tool_call": false, "tool_call": null, "usage": {"prompt_tokens": 211, "completion_tokens": 120, "total_tokens": 331, "token_count_source": "tokenizer"}, "decoding": {"temperature": 0.2, "top_p": null, "top_k": null, "max_tokens": 120, "seed": 42}, "prompt_tokens": 211, "completion_tokens": 120, "total_tokens": 331, "token_count_source": "tokenizer", "diffusion_steps": null, "flops_estimate": null, "flops_arch": null, "flops_model_params": null, "flops_active_params": null, "tokens_non_final": 3, "tokens_reasoning": 0, "tokens_response": 3, "elapsed_seconds": 55.89490461349487, "judgement": "Way off"}
{"id": "discounts_001023", "topic": "discounts", "subtopic": "buy_n_get_m", "prompt": "Buy 4 get 1 free on items priced $2.87 each. You take 8 total. About how much do you pay?", "exact_value": 20.09, "model": "Dream-org/Dream-v0-Instruct-7B", "provider": "transformers", "response": "the number is already an integer, round to nearly 5 or 10's multiple.<|im_end|>\n<|im_start|>assistant\nFinal answer: 1.00.", "numeric_answer": 1.0, "relative_error": 0.9502239920358387, "thinking_text": null, "has_tool_call": false, "tool_call": null, "usage": {"prompt_tokens": 172, "completion_tokens": 144, "total_tokens": 316, "token_count_source": "tokenizer"}, "decoding": {"temperature": 0.2, "top_p": null, "top_k": null, "max_tokens": 120, "seed": 42}, "prompt_tokens": 172, "completion_tokens": 144, "total_tokens": 316, "token_count_source": "tokenizer", "diffusion_steps": null, "flops_estimate": null, "flops_arch": null, "flops_model_params": null, "flops_active_params": null, "tokens_non_final": 17, "tokens_reasoning": 0, "tokens_response": 17, "elapsed_seconds": 51.65471577644348, "judgement": "Way off"}
{"id": "discounts_001043", "topic": "discounts", "subtopic": "threshold", "prompt": "Threshold coupon applies: $5 off $25+ spend. Cart: $35.97, $4.76, $38.83, $33.01. About how much do you pay?", "exact_value": 107.57, "model": "Dream-org/Dream-v0-Instruct-7B", "provider": "transformers", "response": "<|im_end|>\n<|im_start|>assistant\nFinal answer: $11.00", "numeric_answer": 11.0, "relative_error": 0.8977410058566515, "thinking_text": null, "has_tool_call": false, "tool_call": null, "usage": {"prompt_tokens": 191, "completion_tokens": 125, "total_tokens": 316, "token_count_source": "tokenizer"}, "decoding": {"temperature": 0.2, "top_p": null, "top_k": null, "max_tokens": 120, "seed": 42}, "prompt_tokens": 191, "completion_tokens": 125, "total_tokens": 316, "token_count_source": "tokenizer", "diffusion_steps": null, "flops_estimate": null, "flops_arch": null, "flops_model_params": null, "flops_active_params": null, "tokens_non_final": 5, "tokens_reasoning": 0, "tokens_response": 5, "elapsed_seconds": 51.65471577644348, "judgement": "Way off"}
{"id": "discounts_001063", "topic": "discounts", "subtopic": "stacked", "prompt": "Stacked deal: 10% off, then $5 coupon if you spend $30 or more. Cart: $3.36, $20.19, $25.37. About how much do you pay?", "exact_value": 39.03, "model": "Dream-org/Dream-v0-Instruct-7B", "provider": "transformers", "response": "assistant\nFinal answer: $11.00", "numeric_answer": 11.0, "relative_error": 0.7181655137074046, "thinking_text": null, "has_tool_call": false, "tool_call": null, "usage": {"prompt_tokens": 194, "completion_tokens": 122, "total_tokens": 316, "token_count_source": "tokenizer"}, "decoding": {"temperature": 0.2, "top_p": null, "top_k": null, "max_tokens": 120, "seed": 42}, "prompt_tokens": 194, "completion_tokens": 122, "total_tokens": 316, "token_count_source": "tokenizer", "diffusion_steps": null, "flops_estimate": null, "flops_arch": null, "flops_model_params": null, "flops_active_params": null, "tokens_non_final": 4, "tokens_reasoning": 0, "tokens_response": 4, "elapsed_seconds": 51.65471577644348, "judgement": "Way off"}
{"id": "discounts_001083", "topic": "discounts", "subtopic": "stacked", "prompt": "Stacked deal: 10% off, then $10 coupon if you spend $40 or more. Cart: $21.15, $25.92, $23.98. About how much do you pay?", "exact_value": 53.95, "model": "Dream-org/Dream-v0-Instruct-7B", "provider": "transformers", "response": "Final answer: $110.", "numeric_answer": 110.0, "relative_error": 1.0389249304911954, "thinking_text": null, "has_tool_call": false, "tool_call": null, "usage": {"prompt_tokens": 196, "completion_tokens": 120, "total_tokens": 316, "token_count_source": "tokenizer"}, "decoding": {"temperature": 0.2, "top_p": null, "top_k": null, "max_tokens": 120, "seed": 42}, "prompt_tokens": 196, "completion_tokens": 120, "total_tokens": 316, "token_count_source": "tokenizer", "diffusion_steps": null, "flops_estimate": null, "flops_arch": null, "flops_model_params": null, "flops_active_params": null, "tokens_non_final": 3, "tokens_reasoning": 0, "tokens_response": 3, "elapsed_seconds": 51.65471577644348, "judgement": "Way off"}
{"id": "discounts_001103", "topic": "discounts", "subtopic": "threshold", "prompt": "Threshold coupon applies: $10 off $40+ spend. Cart: $20.06, $17.49. About how much do you pay?", "exact_value": 37.55, "model": "Dream-org/Dream-v0-Instruct-7B", "provider": "transformers", "response": "multiple.<|im_end|>\n<|im_start|>assistant\nFinal answer: 10", "numeric_answer": 10.0, "relative_error": 0.7336884154460719, "thinking_text": null, "has_tool_call": false, "tool_call": null, "usage": {"prompt_tokens": 179, "completion_tokens": 127, "total_tokens": 306, "token_count_source": "tokenizer"}, "decoding": {"temperature": 0.2, "top_p": null, "top_k": null, "max_tokens": 120, "seed": 42}, "prompt_tokens": 179, "completion_tokens": 127, "total_tokens": 306, "token_count_source": "tokenizer", "diffusion_steps": null, "flops_estimate": null, "flops_arch": null, "flops_model_params": null, "flops_active_params": null, "tokens_non_final": 5, "tokens_reasoning": 0, "tokens_response": 5, "elapsed_seconds": 50.97894811630249, "judgement": "Way off"}
{"id": "discounts_001123", "topic": "discounts", "subtopic": "threshold", "prompt": "Threshold coupon applies: $15 off $50+ spend. Cart: $18.18, $39.52, $22.33. About how much do you pay?", "exact_value": 65.03, "model": "Dream-org/Dream-v0-Instruct-7B", "provider": "transformers", "response": "Final answer: 1.", "numeric_answer": 1.0, "relative_error": 0.9846224819314162, "thinking_text": null, "has_tool_call": false, "tool_call": null, "usage": {"prompt_tokens": 186, "completion_tokens": 120, "total_tokens": 306, "token_count_source": "tokenizer"}, "decoding": {"temperature": 0.2, "top_p": null, "top_k": null, "max_tokens": 120, "seed": 42}, "prompt_tokens": 186, "completion_tokens": 120, "total_tokens": 306, "token_count_source": "tokenizer", "diffusion_steps": null, "flops_estimate": null, "flops_arch": null, "flops_model_params": null, "flops_active_params": null, "tokens_non_final": 3, "tokens_reasoning": 0, "tokens_response": 3, "elapsed_seconds": 50.97894811630249, "judgement": "Way off"}
{"id": "discounts_001143", "topic": "discounts", "subtopic": "threshold", "prompt": "Threshold coupon applies: $5 off $25+ spend. Cart: $6.88, $33.06. About how much do you pay?", "exact_value": 34.94, "model": "Dream-org/Dream-v0-Instruct-7B", "provider": "transformers", "response": "0's multiple.<|im_end|>\n<|im_start|>assistant\nFinal answer: 2.", "numeric_answer": 2.0, "relative_error": 0.9427590154550658, "thinking_text": null, "has_tool_call": false, "tool_call": null, "usage": {"prompt_tokens": 177, "completion_tokens": 129, "total_tokens": 306, "token_count_source": "tokenizer"}, "decoding": {"temperature": 0.2, "top_p": null, "top_k": null, "max_tokens": 120, "seed": 42}, "prompt_tokens": 177, "completion_tokens": 129, "total_tokens": 306, "token_count_source": "tokenizer", "diffusion_steps": null, "flops_estimate": null, "flops_arch": null, "flops_model_params": null, "flops_active_params": null, "tokens_non_final": 6, "tokens_reasoning": 0, "tokens_response": 6, "elapsed_seconds": 50.97894811630249, "judgement": "Way off"}
{"id": "discounts_001163", "topic": "discounts", "subtopic": "buy_n_get_m", "prompt": "Buy 5 get 3 free on items priced $1.79 each. You take 12 total. About how much do you pay?", "exact_value": 16.11, "model": "Dream-org/Dream-v0-Instruct-7B", "provider": "transformers", "response": "5 or 10's multiple.<|im_end|>\n<|im_start|>assistant\nFinal answer: 1.00", "numeric_answer": 1.0, "relative_error": 0.9379267535692116, "thinking_text": null, "has_tool_call": false, "tool_call": null, "usage": {"prompt_tokens": 173, "completion_tokens": 133, "total_tokens": 306, "token_count_source": "tokenizer"}, "decoding": {"temperature": 0.2, "top_p": null, "top_k": null, "max_tokens": 120, "seed": 42}, "prompt_tokens": 173, "completion_tokens": 133, "total_tokens": 306, "token_count_source": "tokenizer", "diffusion_steps": null, "flops_estimate": null, "flops_arch": null, "flops_model_params": null, "flops_active_params": null, "tokens_non_final": 8, "tokens_reasoning": 0, "tokens_response": 8, "elapsed_seconds": 50.97894811630249, "judgement": "Way off"}
{"id": "discounts_001183", "topic": "discounts", "subtopic": "threshold", "prompt": "Threshold coupon applies: $10 off $40+ spend. Cart: $17.79, $9.82, $10.21. About how much do you pay?", "exact_value": 37.82, "model": "Dream-org/Dream-v0-Instruct-7B", "provider": "transformers", "response": ".<|im_end|>\n<|im_start|>assistant\nFinal answer: 10.", "numeric_answer": 10.0, "relative_error": 0.7355896351136965, "thinking_text": null, "has_tool_call": false, "tool_call": null, "usage": {"prompt_tokens": 185, "completion_tokens": 126, "total_tokens": 311, "token_count_source": "tokenizer"}, "decoding": {"temperature": 0.2, "top_p": null, "top_k": null, "max_tokens": 120, "seed": 42}, "prompt_tokens": 185, "completion_tokens": 126, "total_tokens": 311, "token_count_source": "tokenizer", "diffusion_steps": null, "flops_estimate": null, "flops_arch": null, "flops_model_params": null, "flops_active_params": null, "tokens_non_final": 5, "tokens_reasoning": 0, "tokens_response": 5, "elapsed_seconds": 51.323692083358765, "judgement": "Way off"}
{"id": "discounts_001203", "topic": "discounts", "subtopic": "threshold", "prompt": "Threshold coupon applies: $10 off $25+ spend. Cart: $21.83, $6.78, $19.19, $4.90. About how much do you pay?", "exact_value": 42.7, "model": "Dream-org/Dream-v0-Instruct-7B", "provider": "transformers", "response": "Final answer: 2.00", "numeric_answer": 2.0, "relative_error": 0.9531615925058547, "thinking_text": null, "has_tool_call": false, "tool_call": null, "usage": {"prompt_tokens": 191, "completion_tokens": 120, "total_tokens": 311, "token_count_source": "tokenizer"}, "decoding": {"temperature": 0.2, "top_p": null, "top_k": null, "max_tokens": 120, "seed": 42}, "prompt_tokens": 191, "completion_tokens": 120, "total_tokens": 311, "token_count_source": "tokenizer", "diffusion_steps": null, "flops_estimate": null, "flops_arch": null, "flops_model_params": null, "flops_active_params": null, "tokens_non_final": 3, "tokens_reasoning": 0, "tokens_response": 3, "elapsed_seconds": 51.323692083358765, "judgement": "Way off"}
{"id": "discounts_001223", "topic": "discounts", "subtopic": "bogo", "prompt": "BOGO sale (buy one, get one free; free item is the cheaper one in each pair). Items: $9.89, $5.43, $1.64. About how much do you pay?", "exact_value": 11.53, "model": "Dream-org/Dream-v0-Instruct-7B", "provider": "transformers", "response": "Final answer: 10", "numeric_answer": 10.0, "relative_error": 0.13269731136166518, "thinking_text": null, "has_tool_call": false, "tool_call": null, "usage": {"prompt_tokens": 190, "completion_tokens": 121, "total_tokens": 311, "token_count_source": "tokenizer"}, "decoding": {"temperature": 0.2, "top_p": null, "top_k": null, "max_tokens": 120, "seed": 42}, "prompt_tokens": 190, "completion_tokens": 121, "total_tokens": 311, "token_count_source": "tokenizer", "diffusion_steps": null, "flops_estimate": null, "flops_arch": null, "flops_model_params": null, "flops_active_params": null, "tokens_non_final": 3, "tokens_reasoning": 0, "tokens_response": 3, "elapsed_seconds": 51.323692083358765, "judgement": "Good approximation"}
{"id": "discounts_001243", "topic": "discounts", "subtopic": "bogo", "prompt": "BOGO sale (buy one, get one free; free item is the cheaper one in each pair). Items: $13.65, $11.87. About how much do you pay?", "exact_value": 13.65, "model": "Dream-org/Dream-v0-Instruct-7B", "provider": "transformers", "response": "<|im_end|>\n<|im_start|>assistant\nFinal answer: 12.0", "numeric_answer": 12.0, "relative_error": 0.12087912087912091, "thinking_text": null, "has_tool_call": false, "tool_call": null, "usage": {"prompt_tokens": 186, "completion_tokens": 125, "total_tokens": 311, "token_count_source": "tokenizer"}, "decoding": {"temperature": 0.2, "top_p": null, "top_k": null, "max_tokens": 120, "seed": 42}, "prompt_tokens": 186, "completion_tokens": 125, "total_tokens": 311, "token_count_source": "tokenizer", "diffusion_steps": null, "flops_estimate": null, "flops_arch": null, "flops_model_params": null, "flops_active_params": null, "tokens_non_final": 5, "tokens_reasoning": 0, "tokens_response": 5, "elapsed_seconds": 51.323692083358765, "judgement": "Good approximation"}
{"id": "discounts_001263", "topic": "discounts", "subtopic": "stacked", "prompt": "Stacked deal: 20% off, then $10 coupon if you spend $30 or more. Cart: $7.97, $14.01, $20.15, $6.20. About how much do you pay?", "exact_value": 28.66, "model": "Dream-org/Dream-v0-Instruct-7B", "provider": "transformers", "response": "10's multiple.<|im_end|>\n<|im_start|>assistant\nFinal answer: $10", "numeric_answer": 10.0, "relative_error": 0.6510816468946267, "thinking_text": null, "has_tool_call": false, "tool_call": null, "usage": {"prompt_tokens": 201, "completion_tokens": 131, "total_tokens": 332, "token_count_source": "tokenizer"}, "decoding": {"temperature": 0.2, "top_p": null, "top_k": null, "max_tokens": 120, "seed": 42}, "prompt_tokens": 201, "completion_tokens": 131, "total_tokens": 332, "token_count_source": "tokenizer", "diffusion_steps": null, "flops_estimate": null, "flops_arch": null, "flops_model_params": null, "flops_active_params": null, "tokens_non_final": 6, "tokens_reasoning": 0, "tokens_response": 6, "elapsed_seconds": 55.679832458496094, "judgement": "Way off"}
{"id": "discounts_001283", "topic": "discounts", "subtopic": "bogo", "prompt": "BOGO sale (buy one, get one free; free item is the cheaper one in each pair). Items: $23.99, $18.08, $15.49, $11.69, $2.98, $1.77. About how much do you pay?", "exact_value": 42.46, "model": "Dream-org/Dream-v0-Instruct-7B", "provider": "transformers", "response": "Final answer: 170.", "numeric_answer": 170.0, "relative_error": 3.0037682524729155, "thinking_text": null, "has_tool_call": false, "tool_call": null, "usage": {"prompt_tokens": 212, "completion_tokens": 120, "total_tokens": 332, "token_count_source": "tokenizer"}, "decoding": {"temperature": 0.2, "top_p": null, "top_k": null, "max_tokens": 120, "seed": 42}, "prompt_tokens": 212, "completion_tokens": 120, "total_tokens": 332, "token_count_source": "tokenizer", "diffusion_steps": null, "flops_estimate": null, "flops_arch": null, "flops_model_params": null, "flops_active_params": null, "tokens_non_final": 3, "tokens_reasoning": 0, "tokens_response": 3, "elapsed_seconds": 55.679832458496094, "judgement": "Way off"}
{"id": "discounts_001303", "topic": "discounts", "subtopic": "buy_n_get_m", "prompt": "Buy 3 get 1 free on items priced $5.20 each. You take 7 total. About how much do you pay?", "exact_value": 31.2, "model": "Dream-org/Dream-v0-Instruct-7B", "provider": "transformers", "response": "fraction, round the numbers to the nearest integer number before doing arithmetic calculations.\nIf the number is already an integer, round to nearly 5 or 10's multiple.<|im_end|>\n<|im_start|>assistant\nFinal answer: 3", "numeric_answer": 3.0, "relative_error": 0.9038461538461539, "thinking_text": null, "has_tool_call": false, "tool_call": null, "usage": {"prompt_tokens": 172, "completion_tokens": 160, "total_tokens": 332, "token_count_source": "tokenizer"}, "decoding": {"temperature": 0.2, "top_p": null, "top_k": null, "max_tokens": 120, "seed": 42}, "prompt_tokens": 172, "completion_tokens": 160, "total_tokens": 332, "token_count_source": "tokenizer", "diffusion_steps": null, "flops_estimate": null, "flops_arch": null, "flops_model_params": null, "flops_active_params": null, "tokens_non_final": 31, "tokens_reasoning": 0, "tokens_response": 31, "elapsed_seconds": 55.679832458496094, "judgement": "Way off"}
{"id": "discounts_001323", "topic": "discounts", "subtopic": "buy_n_get_m", "prompt": "Buy 5 get 2 free on items priced $6.90 each. You take 7 total. About how much do you pay?", "exact_value": 34.5, "model": "Dream-org/Dream-v0-Instruct-7B", "provider": "transformers", "response": "fraction, round the numbers to the nearest integer number before doing arithmetic calculations.\nIf the number is already an integer, round to nearly 5 or 10's multiple.<|im_end|>\n<|im_start|>assistant\nFinal answer: 100.", "numeric_answer": 100.0, "relative_error": 1.8985507246376812, "thinking_text": null, "has_tool_call": false, "tool_call": null, "usage": {"prompt_tokens": 172, "completion_tokens": 160, "total_tokens": 332, "token_count_source": "tokenizer"}, "decoding": {"temperature": 0.2, "top_p": null, "top_k": null, "max_tokens": 120, "seed": 42}, "prompt_tokens": 172, "completion_tokens": 160, "total_tokens": 332, "token_count_source": "tokenizer", "diffusion_steps": null, "flops_estimate": null, "flops_arch": null, "flops_model_params": null, "flops_active_params": null, "tokens_non_final": 31, "tokens_reasoning": 0, "tokens_response": 31, "elapsed_seconds": 55.679832458496094, "judgement": "Way off"}
{"id": "discounts_001343", "topic": "discounts", "subtopic": "threshold", "prompt": "Threshold coupon applies: $5 off $30+ spend. Cart: $14.20, $6.64, $17.41, $15.16, $33.39. About how much do you pay?", "exact_value": 81.8, "model": "Dream-org/Dream-v0-Instruct-7B", "provider": "transformers", "response": "Final answer: 10", "numeric_answer": 10.0, "relative_error": 0.8777506112469438, "thinking_text": null, "has_tool_call": false, "tool_call": null, "usage": {"prompt_tokens": 198, "completion_tokens": 120, "total_tokens": 318, "token_count_source": "tokenizer"}, "decoding": {"temperature": 0.2, "top_p": null, "top_k": null, "max_tokens": 120, "seed": 42}, "prompt_tokens": 198, "completion_tokens": 120, "total_tokens": 318, "token_count_source": "tokenizer", "diffusion_steps": null, "flops_estimate": null, "flops_arch": null, "flops_model_params": null, "flops_active_params": null, "tokens_non_final": 3, "tokens_reasoning": 0, "tokens_response": 3, "elapsed_seconds": 51.641791343688965, "judgement": "Way off"}
{"id": "discounts_001363", "topic": "discounts", "subtopic": "percent", "prompt": "Cart: $17.94, $48.32, $33.85. A 25% discount applies to everything. About how much do you pay?", "exact_value": 75.08, "model": "Dream-org/Dream-v0-Instruct-7B", "provider": "transformers", "response": "to nearly 5 or 10's multiple.<|im_end|>\n<|im_start|>assistant\nFinal answer: 100.", "numeric_answer": 100.0, "relative_error": 0.33191262653169956, "thinking_text": null, "has_tool_call": false, "tool_call": null, "usage": {"prompt_tokens": 182, "completion_tokens": 136, "total_tokens": 318, "token_count_source": "tokenizer"}, "decoding": {"temperature": 0.2, "top_p": null, "top_k": null, "max_tokens": 120, "seed": 42}, "prompt_tokens": 182, "completion_tokens": 136, "total_tokens": 318, "token_count_source": "tokenizer", "diffusion_steps": null, "flops_estimate": null, "flops_arch": null, "flops_model_params": null, "flops_active_params": null, "tokens_non_final": 10, "tokens_reasoning": 0, "tokens_response": 10, "elapsed_seconds": 51.641791343688965, "judgement": "Mildly off"}
{"id": "discounts_001383", "topic": "discounts", "subtopic": "buy_n_get_m", "prompt": "Buy 5 get 2 free on items priced $2.51 each. You take 8 total. About how much do you pay?", "exact_value": 15.06, "model": "Dream-org/Dream-v0-Instruct-7B", "provider": "transformers", "response": ".\nIf the number is already an integer, round to nearly 5 or 10's multiple.<|im_end|>\n<|im_start|>assistant\nFinal answer: 3.", "numeric_answer": 3.0, "relative_error": 0.8007968127490039, "thinking_text": null, "has_tool_call": false, "tool_call": null, "usage": {"prompt_tokens": 172, "completion_tokens": 146, "total_tokens": 318, "token_count_source": "tokenizer"}, "decoding": {"temperature": 0.2, "top_p": null, "top_k": null, "max_tokens": 120, "seed": 42}, "prompt_tokens": 172, "completion_tokens": 146, "total_tokens": 318, "token_count_source": "tokenizer", "diffusion_steps": null, "flops_estimate": null, "flops_arch": null, "flops_model_params": null, "flops_active_params": null, "tokens_non_final": 19, "tokens_reasoning": 0, "tokens_response": 19, "elapsed_seconds": 51.641791343688965, "judgement": "Way off"}
{"id": "discounts_001403", "topic": "discounts", "subtopic": "percent", "prompt": "Cart: $49.45, $5.75. A 15% discount applies to everything. About how much do you pay?", "exact_value": 46.92, "model": "Dream-org/Dream-v0-Instruct-7B", "provider": "transformers", "response": "the number is already an integer, round to nearly 5 or 10's multiple.<|im_end|>\n<|im_start|>assistant\nFinal answer: 4", "numeric_answer": 4.0, "relative_error": 0.9147485080988917, "thinking_text": null, "has_tool_call": false, "tool_call": null, "usage": {"prompt_tokens": 174, "completion_tokens": 144, "total_tokens": 318, "token_count_source": "tokenizer"}, "decoding": {"temperature": 0.2, "top_p": null, "top_k": null, "max_tokens": 120, "seed": 42}, "prompt_tokens": 174, "completion_tokens": 144, "total_tokens": 318, "token_count_source": "tokenizer", "diffusion_steps": null, "flops_estimate": null, "flops_arch": null, "flops_model_params": null, "flops_active_params": null, "tokens_non_final": 17, "tokens_reasoning": 0, "tokens_response": 17, "elapsed_seconds": 51.641791343688965, "judgement": "Way off"}
{"id": "discounts_001423", "topic": "discounts", "subtopic": "stacked", "prompt": "Stacked deal: 15% off, then $5 coupon if you spend $30 or more. Cart: $19.07, $30.50, $14.10, $29.57, $24.48, $18.89. About how much do you pay?", "exact_value": 111.12, "model": "Dream-org/Dream-v0-Instruct-7B", "provider": "transformers", "response": "Final answer: $20", "numeric_answer": 20.0, "relative_error": 0.8200143988480921, "thinking_text": null, "has_tool_call": false, "tool_call": null, "usage": {"prompt_tokens": 216, "completion_tokens": 120, "total_tokens": 336, "token_count_source": "tokenizer"}, "decoding": {"temperature": 0.2, "top_p": null, "top_k": null, "max_tokens": 120, "seed": 42}, "prompt_tokens": 216, "completion_tokens": 120, "total_tokens": 336, "token_count_source": "tokenizer", "diffusion_steps": null, "flops_estimate": null, "flops_arch": null, "flops_model_params": null, "flops_active_params": null, "tokens_non_final": 3, "tokens_reasoning": 0, "tokens_response": 3, "elapsed_seconds": 55.876561641693115, "judgement": "Way off"}
{"id": "discounts_001443", "topic": "discounts", "subtopic": "threshold", "prompt": "Threshold coupon applies: $5 off $40+ spend. Cart: $30.27, $5.01, $32.89, $4.11. About how much do you pay?", "exact_value": 67.28, "model": "Dream-org/Dream-v0-Instruct-7B", "provider": "transformers", "response": ".\nIf the number is already an integer, round to nearly 5 or 10's multiple.<|im_end|>\n<|im_start|>assistant\nFinal answer: 100.", "numeric_answer": 100.0, "relative_error": 0.4863258026159334, "thinking_text": null, "has_tool_call": false, "tool_call": null, "usage": {"prompt_tokens": 190, "completion_tokens": 146, "total_tokens": 336, "token_count_source": "tokenizer"}, "decoding": {"temperature": 0.2, "top_p": null, "top_k": null, "max_tokens": 120, "seed": 42}, "prompt_tokens": 190, "completion_tokens": 146, "total_tokens": 336, "token_count_source": "tokenizer", "diffusion_steps": null, "flops_estimate": null, "flops_arch": null, "flops_model_params": null, "flops_active_params": null, "tokens_non_final": 19, "tokens_reasoning": 0, "tokens_response": 19, "elapsed_seconds": 55.876561641693115, "judgement": "Mildly off"}
{"id": "discounts_001463", "topic": "discounts", "subtopic": "stacked", "prompt": "Stacked deal: 20% off, then $10 coupon if you spend $50 or more. Cart: $17.21, $5.84, $30.05. About how much do you pay?", "exact_value": 42.48, "model": "Dream-org/Dream-v0-Instruct-7B", "provider": "transformers", "response": "already an integer, round to nearly 5 or 10's multiple.<|im_end|>\n<|im_start|>assistant\nFinal answer: 2.0", "numeric_answer": 2.0, "relative_error": 0.9529190207156308, "thinking_text": null, "has_tool_call": false, "tool_call": null, "usage": {"prompt_tokens": 195, "completion_tokens": 141, "total_tokens": 336, "token_count_source": "tokenizer"}, "decoding": {"temperature": 0.2, "top_p": null, "top_k": null, "max_tokens": 120, "seed": 42}, "prompt_tokens": 195, "completion_tokens": 141, "total_tokens": 336, "token_count_source": "tokenizer", "diffusion_steps": null, "flops_estimate": null, "flops_arch": null, "flops_model_params": null, "flops_active_params": null, "tokens_non_final": 14, "tokens_reasoning": 0, "tokens_response": 14, "elapsed_seconds": 55.876561641693115, "judgement": "Way off"}
{"id": "discounts_001483", "topic": "discounts", "subtopic": "stacked", "prompt": "Stacked deal: 20% off, then $5 coupon if you spend $40 or more. Cart: $7.98, $13.08, $39.62, $23.53, $7.04, $16.41. About how much do you pay?", "exact_value": 81.13, "model": "Dream-org/Dream-v0-Instruct-7B", "provider": "transformers", "response": "assistant\nFinal answer: 3.", "numeric_answer": 3.0, "relative_error": 0.9630223098730433, "thinking_text": null, "has_tool_call": false, "tool_call": null, "usage": {"prompt_tokens": 214, "completion_tokens": 122, "total_tokens": 336, "token_count_source": "tokenizer"}, "decoding": {"temperature": 0.2, "top_p": null, "top_k": null, "max_tokens": 120, "seed": 42}, "prompt_tokens": 214, "completion_tokens": 122, "total_tokens": 336, "token_count_source": "tokenizer", "diffusion_steps": null, "flops_estimate": null, "flops_arch": null, "flops_model_params": null, "flops_active_params": null, "tokens_non_final": 4, "tokens_reasoning": 0, "tokens_response": 4, "elapsed_seconds": 55.876561641693115, "judgement": "Way off"}
{"id": "discounts_001503", "topic": "discounts", "subtopic": "stacked", "prompt": "Stacked deal: 15% off, then $10 coupon if you spend $30 or more. Cart: $5.05, $35.87, $13.37, $20.23, $19.52, $14.94. About how much do you pay?", "exact_value": 82.63, "model": "Dream-org/Dream-v0-Instruct-7B", "provider": "transformers", "response": "Final answer: 100.", "numeric_answer": 100.0, "relative_error": 0.210214207914801, "thinking_text": null, "has_tool_call": false, "tool_call": null, "usage": {"prompt_tokens": 216, "completion_tokens": 120, "total_tokens": 336, "token_count_source": "tokenizer"}, "decoding": {"temperature": 0.2, "top_p": null, "top_k": null, "max_tokens": 120, "seed": 42}, "prompt_tokens": 216, "completion_tokens": 120, "total_tokens": 336, "token_count_source": "tokenizer", "diffusion_steps": null, "flops_estimate": null, "flops_arch": null, "flops_model_params": null, "flops_active_params": null, "tokens_non_final": 3, "tokens_reasoning": 0, "tokens_response": 3, "elapsed_seconds": 55.7472710609436, "judgement": "Mildly off"}
{"id": "discounts_001523", "topic": "discounts", "subtopic": "percent", "prompt": "Cart: $17.62, $17.49. A 25% discount applies to everything. About how much do you pay?", "exact_value": 26.33, "model": "Dream-org/Dream-v0-Instruct-7B", "provider": "transformers", "response": "a fraction, round the numbers to the nearest integer number before doing arithmetic calculations.\nIf the number is already an integer, round to nearly 5 or 10's multiple.<|im_end|>\n<|im_start|>assistant\nFinal answer: 10.12", "numeric_answer": 10.12, "relative_error": 0.6156475503228257, "thinking_text": null, "has_tool_call": false, "tool_call": null, "usage": {"prompt_tokens": 175, "completion_tokens": 161, "total_tokens": 336, "token_count_source": "tokenizer"}, "decoding": {"temperature": 0.2, "top_p": null, "top_k": null, "max_tokens": 120, "seed": 42}, "prompt_tokens": 175, "completion_tokens": 161, "total_tokens": 336, "token_count_source": "tokenizer", "diffusion_steps": null, "flops_estimate": null, "flops_arch": null, "flops_model_params": null, "flops_active_params": null, "tokens_non_final": 32, "tokens_reasoning": 0, "tokens_response": 32, "elapsed_seconds": 55.7472710609436, "judgement": "Way off"}
{"id": "discounts_001543", "topic": "discounts", "subtopic": "percent", "prompt": "Cart: $41.40, $12.55, $25.87, $24.13. A 10% discount applies to everything. About how much do you pay?", "exact_value": 93.56, "model": "Dream-org/Dream-v0-Instruct-7B", "provider": "transformers", "response": "calculations.\nIf the number is already an integer, round to nearly 5 or 10's multiple.<|im_end|>\n<|im_start|>assistant\nFinal answer: 100.", "numeric_answer": 100.0, "relative_error": 0.06883283454467719, "thinking_text": null, "has_tool_call": false, "tool_call": null, "usage": {"prompt_tokens": 189, "completion_tokens": 147, "total_tokens": 336, "token_count_source": "tokenizer"}, "decoding": {"temperature": 0.2, "top_p": null, "top_k": null, "max_tokens": 120, "seed": 42}, "prompt_tokens": 189, "completion_tokens": 147, "total_tokens": 336, "token_count_source": "tokenizer", "diffusion_steps": null, "flops_estimate": null, "flops_arch": null, "flops_model_params": null, "flops_active_params": null, "tokens_non_final": 19, "tokens_reasoning": 0, "tokens_response": 19, "elapsed_seconds": 55.7472710609436, "judgement": "Good approximation"}
{"id": "discounts_001563", "topic": "discounts", "subtopic": "buy_n_get_m", "prompt": "Buy 5 get 2 free on items priced $6.56 each. You take 13 total. About how much do you pay?", "exact_value": 65.6, "model": "Dream-org/Dream-v0-Instruct-7B", "provider": "transformers", "response": "number is a fraction, round the numbers to the nearest integer number before doing arithmetic calculations.\nIf the number is already an integer, round to nearly 5 or 10's multiple.<|im_end|>\n<|im_start|>assistant\nFinal answer: 10.", "numeric_answer": 10.0, "relative_error": 0.8475609756097561, "thinking_text": null, "has_tool_call": false, "tool_call": null, "usage": {"prompt_tokens": 173, "completion_tokens": 163, "total_tokens": 336, "token_count_source": "tokenizer"}, "decoding": {"temperature": 0.2, "top_p": null, "top_k": null, "max_tokens": 120, "seed": 42}, "prompt_tokens": 173, "completion_tokens": 163, "total_tokens": 336, "token_count_source": "tokenizer", "diffusion_steps": null, "flops_estimate": null, "flops_arch": null, "flops_model_params": null, "flops_active_params": null, "tokens_non_final": 34, "tokens_reasoning": 0, "tokens_response": 34, "elapsed_seconds": 55.7472710609436, "judgement": "Way off"}
{"id": "discounts_001583", "topic": "discounts", "subtopic": "percent", "prompt": "Cart: $16.59, $10.20. A 25% discount applies to everything. About how much do you pay?", "exact_value": 20.09, "model": "Dream-org/Dream-v0-Instruct-7B", "provider": "transformers", "response": "nearest integer number before doing arithmetic calculations.\nIf the number is already an integer, round to nearly 5 or 10's multiple.<|im_end|>\n<|im_start|>assistant\nFinal answer: 12.", "numeric_answer": 12.0, "relative_error": 0.4026879044300647, "thinking_text": null, "has_tool_call": false, "tool_call": null, "usage": {"prompt_tokens": 175, "completion_tokens": 153, "total_tokens": 328, "token_count_source": "tokenizer"}, "decoding": {"temperature": 0.2, "top_p": null, "top_k": null, "max_tokens": 120, "seed": 42}, "prompt_tokens": 175, "completion_tokens": 153, "total_tokens": 328, "token_count_source": "tokenizer", "diffusion_steps": null, "flops_estimate": null, "flops_arch": null, "flops_model_params": null, "flops_active_params": null, "tokens_non_final": 25, "tokens_reasoning": 0, "tokens_response": 25, "elapsed_seconds": 55.4700071811676, "judgement": "Mildly off"}
{"id": "discounts_001603", "topic": "discounts", "subtopic": "stacked", "prompt": "Stacked deal: 15% off, then $5 coupon if you spend $40 or more. Cart: $30.66, $8.69, $10.48, $36.69, $30.92. About how much do you pay?", "exact_value": 94.82, "model": "Dream-org/Dream-v0-Instruct-7B", "provider": "transformers", "response": "Final answer: $30", "numeric_answer": 30.0, "relative_error": 0.6836110525205653, "thinking_text": null, "has_tool_call": false, "tool_call": null, "usage": {"prompt_tokens": 208, "completion_tokens": 120, "total_tokens": 328, "token_count_source": "tokenizer"}, "decoding": {"temperature": 0.2, "top_p": null, "top_k": null, "max_tokens": 120, "seed": 42}, "prompt_tokens": 208, "completion_tokens": 120, "total_tokens": 328, "token_count_source": "tokenizer", "diffusion_steps": null, "flops_estimate": null, "flops_arch": null, "flops_model_params": null, "flops_active_params": null, "tokens_non_final": 3, "tokens_reasoning": 0, "tokens_response": 3, "elapsed_seconds": 55.4700071811676, "judgement": "Way off"}
{"id": "discounts_001623", "topic": "discounts", "subtopic": "threshold", "prompt": "Threshold coupon applies: $15 off $25+ spend. Cart: $27.63, $11.37, $28.67, $23.20, $7.60. About how much do you pay?", "exact_value": 83.47, "model": "Dream-org/Dream-v0-Instruct-7B", "provider": "transformers", "response": "0's multiple.<|im_end|>\n<|im_start|>assistant\nFinal answer:", "numeric_answer": 0.0, "relative_error": 1.0, "thinking_text": null, "has_tool_call": false, "tool_call": null, "usage": {"prompt_tokens": 199, "completion_tokens": 129, "total_tokens": 328, "token_count_source": "tokenizer"}, "decoding": {"temperature": 0.2, "top_p": null, "top_k": null, "max_tokens": 120, "seed": 42}, "prompt_tokens": 199, "completion_tokens": 129, "total_tokens": 328, "token_count_source": "tokenizer", "diffusion_steps": null, "flops_estimate": null, "flops_arch": null, "flops_model_params": null, "flops_active_params": null, "tokens_non_final": 5, "tokens_reasoning": 0, "tokens_response": 5, "elapsed_seconds": 55.4700071811676, "judgement": "Way off"}
{"id": "discounts_001643", "topic": "discounts", "subtopic": "percent", "prompt": "Cart: $6.86, $18.76, $18.57. A 25% discount applies to everything. About how much do you pay?", "exact_value": 33.14, "model": "Dream-org/Dream-v0-Instruct-7B", "provider": "transformers", "response": "calculations.\nIf the number is already an integer, round to nearly 5 or 10's multiple.<|im_end|>\n<|im_start|>assistant\nFinal answer: 1.", "numeric_answer": 1.0, "relative_error": 0.9698249849124925, "thinking_text": null, "has_tool_call": false, "tool_call": null, "usage": {"prompt_tokens": 181, "completion_tokens": 147, "total_tokens": 328, "token_count_source": "tokenizer"}, "decoding": {"temperature": 0.2, "top_p": null, "top_k": null, "max_tokens": 120, "seed": 42}, "prompt_tokens": 181, "completion_tokens": 147, "total_tokens": 328, "token_count_source": "tokenizer", "diffusion_steps": null, "flops_estimate": null, "flops_arch": null, "flops_model_params": null, "flops_active_params": null, "tokens_non_final": 19, "tokens_reasoning": 0, "tokens_response": 19, "elapsed_seconds": 55.4700071811676, "judgement": "Way off"}
{"id": "discounts_001663", "topic": "discounts", "subtopic": "percent", "prompt": "Cart: $12.12, $48.45, $47.34, $46.59. A 15% discount applies to everything. About how much do you pay?", "exact_value": 131.33, "model": "Dream-org/Dream-v0-Instruct-7B", "provider": "transformers", "response": "10's multiple.<|im_end|>\n<|im_start|>assistant\nFinal answer: 10.00", "numeric_answer": 10.0, "relative_error": 0.9238559354298332, "thinking_text": null, "has_tool_call": false, "tool_call": null, "usage": {"prompt_tokens": 189, "completion_tokens": 130, "total_tokens": 319, "token_count_source": "tokenizer"}, "decoding": {"temperature": 0.2, "top_p": null, "top_k": null, "max_tokens": 120, "seed": 42}, "prompt_tokens": 189, "completion_tokens": 130, "total_tokens": 319, "token_count_source": "tokenizer", "diffusion_steps": null, "flops_estimate": null, "flops_arch": null, "flops_model_params": null, "flops_active_params": null, "tokens_non_final": 6, "tokens_reasoning": 0, "tokens_response": 6, "elapsed_seconds": 51.64008903503418, "judgement": "Way off"}
{"id": "discounts_001683", "topic": "discounts", "subtopic": "threshold", "prompt": "Threshold coupon applies: $10 off $50+ spend. Cart: $26.16, $9.78, $26.05, $18.31, $13.69. About how much do you pay?", "exact_value": 83.99, "model": "Dream-org/Dream-v0-Instruct-7B", "provider": "transformers", "response": "Final answer: 10.", "numeric_answer": 10.0, "relative_error": 0.8809382069293964, "thinking_text": null, "has_tool_call": false, "tool_call": null, "usage": {"prompt_tokens": 199, "completion_tokens": 120, "total_tokens": 319, "token_count_source": "tokenizer"}, "decoding": {"temperature": 0.2, "top_p": null, "top_k": null, "max_tokens": 120, "seed": 42}, "prompt_tokens": 199, "completion_tokens": 120, "total_tokens": 319, "token_count_source": "tokenizer", "diffusion_steps": null, "flops_estimate": null, "flops_arch": null, "flops_model_params": null, "flops_active_params": null, "tokens_non_final": 3, "tokens_reasoning": 0, "tokens_response": 3, "elapsed_seconds": 51.64008903503418, "judgement": "Way off"}
{"id": "discounts_001703", "topic": "discounts", "subtopic": "percent", "prompt": "Cart: $19.62, $31.18, $3.11, $24.12. A 30% discount applies to everything. About how much do you pay?", "exact_value": 54.62, "model": "Dream-org/Dream-v0-Instruct-7B", "provider": "transformers", "response": "10's multiple.<|im_end|>\n<|im_start|>assistant\nFinal answer: 10.", "numeric_answer": 10.0, "relative_error": 0.8169168802636397, "thinking_text": null, "has_tool_call": false, "tool_call": null, "usage": {"prompt_tokens": 188, "completion_tokens": 131, "total_tokens": 319, "token_count_source": "tokenizer"}, "decoding": {"temperature": 0.2, "top_p": null, "top_k": null, "max_tokens": 120, "seed": 42}, "prompt_tokens": 188, "completion_tokens": 131, "total_tokens": 319, "token_count_source": "tokenizer", "diffusion_steps": null, "flops_estimate": null, "flops_arch": null, "flops_model_params": null, "flops_active_params": null, "tokens_non_final": 6, "tokens_reasoning": 0, "tokens_response": 6, "elapsed_seconds": 51.64008903503418, "judgement": "Way off"}
{"id": "discounts_001723", "topic": "discounts", "subtopic": "buy_n_get_m", "prompt": "Buy 4 get 2 free on items priced $2.55 each. You take 8 total. About how much do you pay?", "exact_value": 15.3, "model": "Dream-org/Dream-v0-Instruct-7B", "provider": "transformers", "response": "calculations.\nIf the number is already an integer, round to nearly 5 or 10's multiple.<|im_end|>\n<|im_start|>assistant\nFinal answer: 10.", "numeric_answer": 10.0, "relative_error": 0.34640522875817, "thinking_text": null, "has_tool_call": false, "tool_call": null, "usage": {"prompt_tokens": 172, "completion_tokens": 147, "total_tokens": 319, "token_count_source": "tokenizer"}, "decoding": {"temperature": 0.2, "top_p": null, "top_k": null, "max_tokens": 120, "seed": 42}, "prompt_tokens": 172, "completion_tokens": 147, "total_tokens": 319, "token_count_source": "tokenizer", "diffusion_steps": null, "flops_estimate": null, "flops_arch": null, "flops_model_params": null, "flops_active_params": null, "tokens_non_final": 19, "tokens_reasoning": 0, "tokens_response": 19, "elapsed_seconds": 51.64008903503418, "judgement": "Mildly off"}
{"id": "discounts_001743", "topic": "discounts", "subtopic": "threshold", "prompt": "Threshold coupon applies: $5 off $30+ spend. Cart: $4.15, $6.42, $8.97. About how much do you pay?", "exact_value": 19.54, "model": "Dream-org/Dream-v0-Instruct-7B", "provider": "transformers", "response": "nearest integer number before doing arithmetic calculations.\nIf the number is already an integer, round to nearly 5 or 10's multiple.<|im_end|>\n<|im_start|>assistant\nFinal answer: 3.00", "numeric_answer": 3.0, "relative_error": 0.8464687819856704, "thinking_text": null, "has_tool_call": false, "tool_call": null, "usage": {"prompt_tokens": 182, "completion_tokens": 153, "total_tokens": 335, "token_count_source": "tokenizer"}, "decoding": {"temperature": 0.2, "top_p": null, "top_k": null, "max_tokens": 120, "seed": 42}, "prompt_tokens": 182, "completion_tokens": 153, "total_tokens": 335, "token_count_source": "tokenizer", "diffusion_steps": null, "flops_estimate": null, "flops_arch": null, "flops_model_params": null, "flops_active_params": null, "tokens_non_final": 25, "tokens_reasoning": 0, "tokens_response": 25, "elapsed_seconds": 56.048100233078, "judgement": "Way off"}
{"id": "discounts_001763", "topic": "discounts", "subtopic": "bogo", "prompt": "BOGO sale (buy one, get one free; free item is the cheaper one in each pair). Items: $12.69, $11.21, $2.47. About how much do you pay?", "exact_value": 15.16, "model": "Dream-org/Dream-v0-Instruct-7B", "provider": "transformers", "response": "number is already an integer, round to nearly 5 or 10's multiple.<|im_end|>\n<|im_start|>assistant\nFinal answer: 12.", "numeric_answer": 12.0, "relative_error": 0.20844327176781002, "thinking_text": null, "has_tool_call": false, "tool_call": null, "usage": {"prompt_tokens": 192, "completion_tokens": 143, "total_tokens": 335, "token_count_source": "tokenizer"}, "decoding": {"temperature": 0.2, "top_p": null, "top_k": null, "max_tokens": 120, "seed": 42}, "prompt_tokens": 192, "completion_tokens": 143, "total_tokens": 335, "token_count_source": "tokenizer", "diffusion_steps": null, "flops_estimate": null, "flops_arch": null, "flops_model_params": null, "flops_active_params": null, "tokens_non_final": 16, "tokens_reasoning": 0, "tokens_response": 16, "elapsed_seconds": 56.048100233078, "judgement": "Mildly off"}
{"id": "discounts_001783", "topic": "discounts", "subtopic": "stacked", "prompt": "Stacked deal: 15% off, then $5 coupon if you spend $40 or more. Cart: $7.00, $16.49, $25.56, $15.94, $17.74, $31.47. About how much do you pay?", "exact_value": 92.07, "model": "Dream-org/Dream-v0-Instruct-7B", "provider": "transformers", "response": "Final answer: 10", "numeric_answer": 10.0, "relative_error": 0.8913869881611817, "thinking_text": null, "has_tool_call": false, "tool_call": null, "usage": {"prompt_tokens": 215, "completion_tokens": 120, "total_tokens": 335, "token_count_source": "tokenizer"}, "decoding": {"temperature": 0.2, "top_p": null, "top_k": null, "max_tokens": 120, "seed": 42}, "prompt_tokens": 215, "completion_tokens": 120, "total_tokens": 335, "token_count_source": "tokenizer", "diffusion_steps": null, "flops_estimate": null, "flops_arch": null, "flops_model_params": null, "flops_active_params": null, "tokens_non_final": 3, "tokens_reasoning": 0, "tokens_response": 3, "elapsed_seconds": 56.048100233078, "judgement": "Way off"}
{"id": "discounts_001803", "topic": "discounts", "subtopic": "stacked", "prompt": "Stacked deal: 20% off, then $5 coupon if you spend $30 or more. Cart: $33.03, $6.30, $5.14, $29.72. About how much do you pay?", "exact_value": 54.35, "model": "Dream-org/Dream-v0-Instruct-7B", "provider": "transformers", "response": "nearly 5 or 10's multiple.<|im_end|>\n<|im_start|>assistant\nFinal answer: 10.", "numeric_answer": 10.0, "relative_error": 0.8160073597056118, "thinking_text": null, "has_tool_call": false, "tool_call": null, "usage": {"prompt_tokens": 200, "completion_tokens": 135, "total_tokens": 335, "token_count_source": "tokenizer"}, "decoding": {"temperature": 0.2, "top_p": null, "top_k": null, "max_tokens": 120, "seed": 42}, "prompt_tokens": 200, "completion_tokens": 135, "total_tokens": 335, "token_count_source": "tokenizer", "diffusion_steps": null, "flops_estimate": null, "flops_arch": null, "flops_model_params": null, "flops_active_params": null, "tokens_non_final": 9, "tokens_reasoning": 0, "tokens_response": 9, "elapsed_seconds": 56.048100233078, "judgement": "Way off"}
{"id": "discounts_001823", "topic": "discounts", "subtopic": "bogo", "prompt": "BOGO sale (buy one, get one free; free item is the cheaper one in each pair). Items: $12.69, $12.41, $11.69, $9.51. About how much do you pay?", "exact_value": 24.38, "model": "Dream-org/Dream-v0-Instruct-7B", "provider": "transformers", "response": "Final answer: 11.", "numeric_answer": 11.0, "relative_error": 0.5488105004101722, "thinking_text": null, "has_tool_call": false, "tool_call": null, "usage": {"prompt_tokens": 199, "completion_tokens": 120, "total_tokens": 319, "token_count_source": "tokenizer"}, "decoding": {"temperature": 0.2, "top_p": null, "top_k": null, "max_tokens": 120, "seed": 42}, "prompt_tokens": 199, "completion_tokens": 120, "total_tokens": 319, "token_count_source": "tokenizer", "diffusion_steps": null, "flops_estimate": null, "flops_arch": null, "flops_model_params": null, "flops_active_params": null, "tokens_non_final": 3, "tokens_reasoning": 0, "tokens_response": 3, "elapsed_seconds": 51.94575905799866, "judgement": "Mildly off"}
{"id": "discounts_001843", "topic": "discounts", "subtopic": "buy_n_get_m", "prompt": "Buy 4 get 2 free on items priced $5.69 each. You take 7 total. About how much do you pay?", "exact_value": 28.45, "model": "Dream-org/Dream-v0-Instruct-7B", "provider": "transformers", "response": "calculations.\nIf the number is already an integer, round to nearly 5 or 10's multiple.<|im_end|>\n<|im_start|>assistant\nFinal answer: 7.", "numeric_answer": 7.0, "relative_error": 0.7539543057996485, "thinking_text": null, "has_tool_call": false, "tool_call": null, "usage": {"prompt_tokens": 172, "completion_tokens": 147, "total_tokens": 319, "token_count_source": "tokenizer"}, "decoding": {"temperature": 0.2, "top_p": null, "top_k": null, "max_tokens": 120, "seed": 42}, "prompt_tokens": 172, "completion_tokens": 147, "total_tokens": 319, "token_count_source": "tokenizer", "diffusion_steps": null, "flops_estimate": null, "flops_arch": null, "flops_model_params": null, "flops_active_params": null, "tokens_non_final": 19, "tokens_reasoning": 0, "tokens_response": 19, "elapsed_seconds": 51.94575905799866, "judgement": "Way off"}
{"id": "discounts_001863", "topic": "discounts", "subtopic": "percent", "prompt": "Cart: $49.70, $10.83, $19.81, $44.58. A 20% discount applies to everything. About how much do you pay?", "exact_value": 99.94, "model": "Dream-org/Dream-v0-Instruct-7B", "provider": "transformers", "response": "10's multiple.<|im_end|>\n<|im_start|>assistant\nFinal answer: 110.", "numeric_answer": 110.0, "relative_error": 0.10066039623774267, "thinking_text": null, "has_tool_call": false, "tool_call": null, "usage": {"prompt_tokens": 189, "completion_tokens": 130, "total_tokens": 319, "token_count_source": "tokenizer"}, "decoding": {"temperature": 0.2, "top_p": null, "top_k": null, "max_tokens": 120, "seed": 42}, "prompt_tokens": 189, "completion_tokens": 130, "total_tokens": 319, "token_count_source": "tokenizer", "diffusion_steps": null, "flops_estimate": null, "flops_arch": null, "flops_model_params": null, "flops_active_params": null, "tokens_non_final": 6, "tokens_reasoning": 0, "tokens_response": 6, "elapsed_seconds": 51.94575905799866, "judgement": "Good approximation"}
{"id": "taxes_000125", "topic": "taxes", "subtopic": "pre_discount_tax", "prompt": "Cart: $17.54, $53.38, $24.54, $55.21. Local sales tax is 6.0% (tax calculated before discount). About how much is the total?", "exact_value": 159.71, "model": "Dream-org/Dream-v0-Instruct-7B", "provider": "transformers", "response": "<|im_end|>\n<|im_start|>assistant\nFinal answer: $14.00", "numeric_answer": 14.0, "relative_error": 0.9123411182768768, "thinking_text": null, "has_tool_call": false, "tool_call": null, "usage": {"prompt_tokens": 194, "completion_tokens": 125, "total_tokens": 319, "token_count_source": "tokenizer"}, "decoding": {"temperature": 0.2, "top_p": null, "top_k": null, "max_tokens": 120, "seed": 42}, "prompt_tokens": 194, "completion_tokens": 125, "total_tokens": 319, "token_count_source": "tokenizer", "diffusion_steps": null, "flops_estimate": null, "flops_arch": null, "flops_model_params": null, "flops_active_params": null, "tokens_non_final": 5, "tokens_reasoning": 0, "tokens_response": 5, "elapsed_seconds": 51.94575905799866, "judgement": "Way off"}
{"id": "taxes_000145", "topic": "taxes", "subtopic": "post_discount_tax", "prompt": "Cart: $18.69, $24.12, $48.37 with a 15% store discount. Local sales tax is 8.5% (tax after discount). About how much is the total?", "exact_value": 84.09, "model": "Dream-org/Dream-v0-Instruct-7B", "provider": "transformers", "response": "Final answer: 100.", "numeric_answer": 100.0, "relative_error": 0.1892020454275181, "thinking_text": null, "has_tool_call": false, "tool_call": null, "usage": {"prompt_tokens": 194, "completion_tokens": 120, "total_tokens": 314, "token_count_source": "tokenizer"}, "decoding": {"temperature": 0.2, "top_p": null, "top_k": null, "max_tokens": 120, "seed": 42}, "prompt_tokens": 194, "completion_tokens": 120, "total_tokens": 314, "token_count_source": "tokenizer", "diffusion_steps": null, "flops_estimate": null, "flops_arch": null, "flops_model_params": null, "flops_active_params": null, "tokens_non_final": 3, "tokens_reasoning": 0, "tokens_response": 3, "elapsed_seconds": 51.708587408065796, "judgement": "Good approximation"}
{"id": "taxes_000165", "topic": "taxes", "subtopic": "post_discount_tax", "prompt": "Cart: $36.35, $28.85, $37.41, $21.33. Local sales tax is 7.0% (tax after discount). About how much is the total?", "exact_value": 132.62, "model": "Dream-org/Dream-v0-Instruct-7B", "provider": "transformers", "response": "Final answer: 10.00", "numeric_answer": 10.0, "relative_error": 0.9245965917659478, "thinking_text": null, "has_tool_call": false, "tool_call": null, "usage": {"prompt_tokens": 193, "completion_tokens": 121, "total_tokens": 314, "token_count_source": "tokenizer"}, "decoding": {"temperature": 0.2, "top_p": null, "top_k": null, "max_tokens": 120, "seed": 42}, "prompt_tokens": 193, "completion_tokens": 121, "total_tokens": 314, "token_count_source": "tokenizer", "diffusion_steps": null, "flops_estimate": null, "flops_arch": null, "flops_model_params": null, "flops_active_params": null, "tokens_non_final": 3, "tokens_reasoning": 0, "tokens_response": 3, "elapsed_seconds": 51.708587408065796, "judgement": "Way off"}
{"id": "taxes_000185", "topic": "taxes", "subtopic": "post_discount_tax", "prompt": "Cart: $39.06, $55.17, $5.30 with a 10% store discount. Local sales tax is 8.5% (tax after discount). About how much is the total?", "exact_value": 97.19, "model": "Dream-org/Dream-v0-Instruct-7B", "provider": "transformers", "response": "Final answer: $11.", "numeric_answer": 11.0, "relative_error": 0.8868196316493466, "thinking_text": null, "has_tool_call": false, "tool_call": null, "usage": {"prompt_tokens": 193, "completion_tokens": 121, "total_tokens": 314, "token_count_source": "tokenizer"}, "decoding": {"temperature": 0.2, "top_p": null, "top_k": null, "max_tokens": 120, "seed": 42}, "prompt_tokens": 193, "completion_tokens": 121, "total_tokens": 314, "token_count_source": "tokenizer", "diffusion_steps": null, "flops_estimate": null, "flops_arch": null, "flops_model_params": null, "flops_active_params": null, "tokens_non_final": 3, "tokens_reasoning": 0, "tokens_response": 3, "elapsed_seconds": 51.708587408065796, "judgement": "Way off"}
{"id": "taxes_000205", "topic": "taxes", "subtopic": "post_discount_tax", "prompt": "Cart: $32.18, $47.34 with a 15% store discount. Local sales tax is 7.5% (tax after discount). About how much is the total?", "exact_value": 72.66, "model": "Dream-org/Dream-v0-Instruct-7B", "provider": "transformers", "response": "multiple.<|im_end|>\n<|im_start|>assistant\nFinal answer: 4", "numeric_answer": 4.0, "relative_error": 0.9449490778970547, "thinking_text": null, "has_tool_call": false, "tool_call": null, "usage": {"prompt_tokens": 187, "completion_tokens": 127, "total_tokens": 314, "token_count_source": "tokenizer"}, "decoding": {"temperature": 0.2, "top_p": null, "top_k": null, "max_tokens": 120, "seed": 42}, "prompt_tokens": 187, "completion_tokens": 127, "total_tokens": 314, "token_count_source": "tokenizer", "diffusion_steps": null, "flops_estimate": null, "flops_arch": null, "flops_model_params": null, "flops_active_params": null, "tokens_non_final": 5, "tokens_reasoning": 0, "tokens_response": 5, "elapsed_seconds": 51.708587408065796, "judgement": "Way off"}
{"id": "taxes_000225", "topic": "taxes", "subtopic": "pre_discount_tax", "prompt": "Cart: $46.98, $51.52 with a 20% store discount. Local sales tax is 7.0% (tax calculated before discount). About how much is the total?", "exact_value": 85.7, "model": "Dream-org/Dream-v0-Instruct-7B", "provider": "transformers", "response": "Final answer: 1", "numeric_answer": 1.0, "relative_error": 0.9883313885647608, "thinking_text": null, "has_tool_call": false, "tool_call": null, "usage": {"prompt_tokens": 188, "completion_tokens": 120, "total_tokens": 308, "token_count_source": "tokenizer"}, "decoding": {"temperature": 0.2, "top_p": null, "top_k": null, "max_tokens": 120, "seed": 42}, "prompt_tokens": 188, "completion_tokens": 120, "total_tokens": 308, "token_count_source": "tokenizer", "diffusion_steps": null, "flops_estimate": null, "flops_arch": null, "flops_model_params": null, "flops_active_params": null, "tokens_non_final": 3, "tokens_reasoning": 0, "tokens_response": 3, "elapsed_seconds": 51.62092161178589, "judgement": "Way off"}
{"id": "taxes_000245", "topic": "taxes", "subtopic": "post_discount_tax", "prompt": "Cart: $7.93, $42.44 with a 20% store discount. Local sales tax is 8.5% (tax after discount). About how much is the total?", "exact_value": 43.72, "model": "Dream-org/Dream-v0-Instruct-7B", "provider": "transformers", "response": "assistant\nFinal answer: 4.", "numeric_answer": 4.0, "relative_error": 0.9085086916742909, "thinking_text": null, "has_tool_call": false, "tool_call": null, "usage": {"prompt_tokens": 186, "completion_tokens": 122, "total_tokens": 308, "token_count_source": "tokenizer"}, "decoding": {"temperature": 0.2, "top_p": null, "top_k": null, "max_tokens": 120, "seed": 42}, "prompt_tokens": 186, "completion_tokens": 122, "total_tokens": 308, "token_count_source": "tokenizer", "diffusion_steps": null, "flops_estimate": null, "flops_arch": null, "flops_model_params": null, "flops_active_params": null, "tokens_non_final": 4, "tokens_reasoning": 0, "tokens_response": 4, "elapsed_seconds": 51.62092161178589, "judgement": "Way off"}
{"id": "taxes_000265", "topic": "taxes", "subtopic": "pre_discount_tax", "prompt": "Cart: $49.77, $52.43 with a 15% store discount. Local sales tax is 7.0% (tax calculated before discount). About how much is the total?", "exact_value": 94.02, "model": "Dream-org/Dream-v0-Instruct-7B", "provider": "transformers", "response": "Final answer: 1.", "numeric_answer": 1.0, "relative_error": 0.9893639651138055, "thinking_text": null, "has_tool_call": false, "tool_call": null, "usage": {"prompt_tokens": 188, "completion_tokens": 120, "total_tokens": 308, "token_count_source": "tokenizer"}, "decoding": {"temperature": 0.2, "top_p": null, "top_k": null, "max_tokens": 120, "seed": 42}, "prompt_tokens": 188, "completion_tokens": 120, "total_tokens": 308, "token_count_source": "tokenizer", "diffusion_steps": null, "flops_estimate": null, "flops_arch": null, "flops_model_params": null, "flops_active_params": null, "tokens_non_final": 3, "tokens_reasoning": 0, "tokens_response": 3, "elapsed_seconds": 51.62092161178589, "judgement": "Way off"}
{"id": "taxes_000285", "topic": "taxes", "subtopic": "pre_discount_tax", "prompt": "Cart: $55.10, $57.04, $26.06. Local sales tax is 8.0% (tax calculated before discount). About how much is the total?", "exact_value": 149.26, "model": "Dream-org/Dream-v0-Instruct-7B", "provider": "transformers", "response": "Final answer: 100.", "numeric_answer": 100.0, "relative_error": 0.3300281388181696, "thinking_text": null, "has_tool_call": false, "tool_call": null, "usage": {"prompt_tokens": 187, "completion_tokens": 121, "total_tokens": 308, "token_count_source": "tokenizer"}, "decoding": {"temperature": 0.2, "top_p": null, "top_k": null, "max_tokens": 120, "seed": 42}, "prompt_tokens": 187, "completion_tokens": 121, "total_tokens": 308, "token_count_source": "tokenizer", "diffusion_steps": null, "flops_estimate": null, "flops_arch": null, "flops_model_params": null, "flops_active_params": null, "tokens_non_final": 3, "tokens_reasoning": 0, "tokens_response": 3, "elapsed_seconds": 51.62092161178589, "judgement": "Mildly off"}
{"id": "taxes_000305", "topic": "taxes", "subtopic": "post_discount_tax", "prompt": "Cart: $11.77, $16.54, $39.43, $8.08 with a 15% store discount. Local sales tax is 8.0% (tax after discount). About how much is the total?", "exact_value": 69.6, "model": "Dream-org/Dream-v0-Instruct-7B", "provider": "transformers", "response": "multiple.<|im_end|>\n<|im_start|>assistant\nFinal answer: 11.62", "numeric_answer": 11.62, "relative_error": 0.8330459770114943, "thinking_text": null, "has_tool_call": false, "tool_call": null, "usage": {"prompt_tokens": 200, "completion_tokens": 127, "total_tokens": 327, "token_count_source": "tokenizer"}, "decoding": {"temperature": 0.2, "top_p": null, "top_k": null, "max_tokens": 120, "seed": 42}, "prompt_tokens": 200, "completion_tokens": 127, "total_tokens": 327, "token_count_source": "tokenizer", "diffusion_steps": null, "flops_estimate": null, "flops_arch": null, "flops_model_params": null, "flops_active_params": null, "tokens_non_final": 5, "tokens_reasoning": 0, "tokens_response": 5, "elapsed_seconds": 56.049182176589966, "judgement": "Way off"}
{"id": "taxes_000325", "topic": "taxes", "subtopic": "post_discount_tax", "prompt": "Cart: $39.73, $18.58, $45.77, $3.63, $35.20 with a 20% store discount. Local sales tax is 6.0% (tax after discount). About how much is the total?", "exact_value": 121.19, "model": "Dream-org/Dream-v0-Instruct-7B", "provider": "transformers", "response": "Final answer: 20", "numeric_answer": 20.0, "relative_error": 0.8349698820034657, "thinking_text": null, "has_tool_call": false, "tool_call": null, "usage": {"prompt_tokens": 207, "completion_tokens": 120, "total_tokens": 327, "token_count_source": "tokenizer"}, "decoding": {"temperature": 0.2, "top_p": null, "top_k": null, "max_tokens": 120, "seed": 42}, "prompt_tokens": 207, "completion_tokens": 120, "total_tokens": 327, "token_count_source": "tokenizer", "diffusion_steps": null, "flops_estimate": null, "flops_arch": null, "flops_model_params": null, "flops_active_params": null, "tokens_non_final": 3, "tokens_reasoning": 0, "tokens_response": 3, "elapsed_seconds": 56.049182176589966, "judgement": "Way off"}
{"id": "taxes_000345", "topic": "taxes", "subtopic": "post_discount_tax", "prompt": "Cart: $24.56, $46.80, $5.58, $29.56 with a 20% store discount. Local sales tax is 7.0% (tax after discount). About how much is the total?", "exact_value": 91.16, "model": "Dream-org/Dream-v0-Instruct-7B", "provider": "transformers", "response": "multiple.<|im_end|>\n<|im_start|>assistant\nFinal answer: 12.00", "numeric_answer": 12.0, "relative_error": 0.8683633172444054, "thinking_text": null, "has_tool_call": false, "tool_call": null, "usage": {"prompt_tokens": 200, "completion_tokens": 127, "total_tokens": 327, "token_count_source": "tokenizer"}, "decoding": {"temperature": 0.2, "top_p": null, "top_k": null, "max_tokens": 120, "seed": 42}, "prompt_tokens": 200, "completion_tokens": 127, "total_tokens": 327, "token_count_source": "tokenizer", "diffusion_steps": null, "flops_estimate": null, "flops_arch": null, "flops_model_params": null, "flops_active_params": null, "tokens_non_final": 5, "tokens_reasoning": 0, "tokens_response": 5, "elapsed_seconds": 56.049182176589966, "judgement": "Way off"}
{"id": "taxes_000365", "topic": "taxes", "subtopic": "pre_discount_tax", "prompt": "Cart: $25.08, $28.92, $32.37 with a 15% store discount. Local sales tax is 6.0% (tax calculated before discount). About how much is the total?", "exact_value": 78.6, "model": "Dream-org/Dream-v0-Instruct-7B", "provider": "transformers", "response": "or 10's multiple.<|im_end|>\n<|im_start|>assistant\nFinal answer: 12.01", "numeric_answer": 12.01, "relative_error": 0.8472010178117048, "thinking_text": null, "has_tool_call": false, "tool_call": null, "usage": {"prompt_tokens": 195, "completion_tokens": 132, "total_tokens": 327, "token_count_source": "tokenizer"}, "decoding": {"temperature": 0.2, "top_p": null, "top_k": null, "max_tokens": 120, "seed": 42}, "prompt_tokens": 195, "completion_tokens": 132, "total_tokens": 327, "token_count_source": "tokenizer", "diffusion_steps": null, "flops_estimate": null, "flops_arch": null, "flops_model_params": null, "flops_active_params": null, "tokens_non_final": 7, "tokens_reasoning": 0, "tokens_response": 7, "elapsed_seconds": 56.049182176589966, "judgement": "Way off"}
{"id": "taxes_000385", "topic": "taxes", "subtopic": "pre_discount_tax", "prompt": "Cart: $51.59, $30.61, $22.59, $17.83 with a 10% store discount. Local sales tax is 8.5% (tax calculated before discount). About how much is the total?", "exact_value": 120.78, "model": "Dream-org/Dream-v0-Instruct-7B", "provider": "transformers", "response": ".<|im_end|>\n<|im_start|>assistant\nFinal answer: 10.", "numeric_answer": 10.0, "relative_error": 0.9172048352376221, "thinking_text": null, "has_tool_call": false, "tool_call": null, "usage": {"prompt_tokens": 202, "completion_tokens": 126, "total_tokens": 328, "token_count_source": "tokenizer"}, "decoding": {"temperature": 0.2, "top_p": null, "top_k": null, "max_tokens": 120, "seed": 42}, "prompt_tokens": 202, "completion_tokens": 126, "total_tokens": 328, "token_count_source": "tokenizer", "diffusion_steps": null, "flops_estimate": null, "flops_arch": null, "flops_model_params": null, "flops_active_params": null, "tokens_non_final": 5, "tokens_reasoning": 0, "tokens_response": 5, "elapsed_seconds": 55.724164724349976, "judgement": "Way off"}
{"id": "taxes_000405", "topic": "taxes", "subtopic": "pre_discount_tax", "prompt": "Cart: $53.39, $53.80, $28.30, $24.65, $5.80 with a 20% store discount. Local sales tax is 7.0% (tax calculated before discount). About how much is the total?", "exact_value": 144.37, "model": "Dream-org/Dream-v0-Instruct-7B", "provider": "transformers", "response": "Final answer: 110.", "numeric_answer": 110.0, "relative_error": 0.2380688508692942, "thinking_text": null, "has_tool_call": false, "tool_call": null, "usage": {"prompt_tokens": 208, "completion_tokens": 120, "total_tokens": 328, "token_count_source": "tokenizer"}, "decoding": {"temperature": 0.2, "top_p": null, "top_k": null, "max_tokens": 120, "seed": 42}, "prompt_tokens": 208, "completion_tokens": 120, "total_tokens": 328, "token_count_source": "tokenizer", "diffusion_steps": null, "flops_estimate": null, "flops_arch": null, "flops_model_params": null, "flops_active_params": null, "tokens_non_final": 3, "tokens_reasoning": 0, "tokens_response": 3, "elapsed_seconds": 55.724164724349976, "judgement": "Mildly off"}
{"id": "taxes_000425", "topic": "taxes", "subtopic": "post_discount_tax", "prompt": "Cart: $22.61, $7.97, $56.54, $11.80. Local sales tax is 7.0% (tax after discount). About how much is the total?", "exact_value": 105.84, "model": "Dream-org/Dream-v0-Instruct-7B", "provider": "transformers", "response": "to nearly 5 or 10's multiple.<|im_end|>\n<|im_start|>assistant\nFinal answer: 12.", "numeric_answer": 12.0, "relative_error": 0.8866213151927438, "thinking_text": null, "has_tool_call": false, "tool_call": null, "usage": {"prompt_tokens": 192, "completion_tokens": 136, "total_tokens": 328, "token_count_source": "tokenizer"}, "decoding": {"temperature": 0.2, "top_p": null, "top_k": null, "max_tokens": 120, "seed": 42}, "prompt_tokens": 192, "completion_tokens": 136, "total_tokens": 328, "token_count_source": "tokenizer", "diffusion_steps": null, "flops_estimate": null, "flops_arch": null, "flops_model_params": null, "flops_active_params": null, "tokens_non_final": 10, "tokens_reasoning": 0, "tokens_response": 10, "elapsed_seconds": 55.724164724349976, "judgement": "Way off"}
{"id": "taxes_000445", "topic": "taxes", "subtopic": "pre_discount_tax", "prompt": "Cart: $46.59, $16.28. Local sales tax is 8.5% (tax calculated before discount). About how much is the total?", "exact_value": 68.21, "model": "Dream-org/Dream-v0-Instruct-7B", "provider": "transformers", "response": "arithmetic calculations.\nIf the number is already an integer, round to nearly 5 or 10's multiple.<|im_end|>\n<|im_start|>assistant\nFinal answer: 10", "numeric_answer": 10.0, "relative_error": 0.853393930508723, "thinking_text": null, "has_tool_call": false, "tool_call": null, "usage": {"prompt_tokens": 180, "completion_tokens": 148, "total_tokens": 328, "token_count_source": "tokenizer"}, "decoding": {"temperature": 0.2, "top_p": null, "top_k": null, "max_tokens": 120, "seed": 42}, "prompt_tokens": 180, "completion_tokens": 148, "total_tokens": 328, "token_count_source": "tokenizer", "diffusion_steps": null, "flops_estimate": null, "flops_arch": null, "flops_model_params": null, "flops_active_params": null, "tokens_non_final": 20, "tokens_reasoning": 0, "tokens_response": 20, "elapsed_seconds": 55.724164724349976, "judgement": "Way off"}
{"id": "taxes_000465", "topic": "taxes", "subtopic": "pre_discount_tax", "prompt": "Cart: $4.60, $30.69, $19.15 with a 10% store discount. Local sales tax is 7.0% (tax calculated before discount). About how much is the total?", "exact_value": 52.81, "model": "Dream-org/Dream-v0-Instruct-7B", "provider": "transformers", "response": "5 or 10's multiple.<|im_end|>\n<|im_start|>assistant\nFinal answer: 110.", "numeric_answer": 110.0, "relative_error": 1.0829388373414126, "thinking_text": null, "has_tool_call": false, "tool_call": null, "usage": {"prompt_tokens": 194, "completion_tokens": 134, "total_tokens": 328, "token_count_source": "tokenizer"}, "decoding": {"temperature": 0.2, "top_p": null, "top_k": null, "max_tokens": 120, "seed": 42}, "prompt_tokens": 194, "completion_tokens": 134, "total_tokens": 328, "token_count_source": "tokenizer", "diffusion_steps": null, "flops_estimate": null, "flops_arch": null, "flops_model_params": null, "flops_active_params": null, "tokens_non_final": 8, "tokens_reasoning": 0, "tokens_response": 8, "elapsed_seconds": 55.50210380554199, "judgement": "Way off"}
{"id": "taxes_000485", "topic": "taxes", "subtopic": "post_discount_tax", "prompt": "Cart: $34.84, $9.92, $58.12 with a 15% store discount. Local sales tax is 8.0% (tax after discount). About how much is the total?", "exact_value": 94.44, "model": "Dream-org/Dream-v0-Instruct-7B", "provider": "transformers", "response": "nearly 5 or 10's multiple.<|im_end|>\n<|im_start|>assistant\nFinal answer: 100.", "numeric_answer": 100.0, "relative_error": 0.05887335874629397, "thinking_text": null, "has_tool_call": false, "tool_call": null, "usage": {"prompt_tokens": 193, "completion_tokens": 135, "total_tokens": 328, "token_count_source": "tokenizer"}, "decoding": {"temperature": 0.2, "top_p": null, "top_k": null, "max_tokens": 120, "seed": 42}, "prompt_tokens": 193, "completion_tokens": 135, "total_tokens": 328, "token_count_source": "tokenizer", "diffusion_steps": null, "flops_estimate": null, "flops_arch": null, "flops_model_params": null, "flops_active_params": null, "tokens_non_final": 9, "tokens_reasoning": 0, "tokens_response": 9, "elapsed_seconds": 55.50210380554199, "judgement": "Good approximation"}
{"id": "taxes_000505", "topic": "taxes", "subtopic": "post_discount_tax", "prompt": "Cart: $21.24, $18.83, $46.12, $12.11, $38.47 with a 15% store discount. Local sales tax is 7.0% (tax after discount). About how much is the total?", "exact_value": 124.39, "model": "Dream-org/Dream-v0-Instruct-7B", "provider": "transformers", "response": "Final answer: 100.", "numeric_answer": 100.0, "relative_error": 0.19607685505265696, "thinking_text": null, "has_tool_call": false, "tool_call": null, "usage": {"prompt_tokens": 208, "completion_tokens": 120, "total_tokens": 328, "token_count_source": "tokenizer"}, "decoding": {"temperature": 0.2, "top_p": null, "top_k": null, "max_tokens": 120, "seed": 42}, "prompt_tokens": 208, "completion_tokens": 120, "total_tokens": 328, "token_count_source": "tokenizer", "diffusion_steps": null, "flops_estimate": null, "flops_arch": null, "flops_model_params": null, "flops_active_params": null, "tokens_non_final": 3, "tokens_reasoning": 0, "tokens_response": 3, "elapsed_seconds": 55.50210380554199, "judgement": "Good approximation"}
{"id": "taxes_000525", "topic": "taxes", "subtopic": "pre_discount_tax", "prompt": "Cart: $40.81, $31.93, $33.24, $7.40. Local sales tax is 7.0% (tax calculated before discount). About how much is the total?", "exact_value": 121.32, "model": "Dream-org/Dream-v0-Instruct-7B", "provider": "transformers", "response": "nearly 5 or 10's multiple.<|im_end|>\n<|im_start|>assistant\nFinal answer: 110", "numeric_answer": 110.0, "relative_error": 0.09330695680844044, "thinking_text": null, "has_tool_call": false, "tool_call": null, "usage": {"prompt_tokens": 193, "completion_tokens": 135, "total_tokens": 328, "token_count_source": "tokenizer"}, "decoding": {"temperature": 0.2, "top_p": null, "top_k": null, "max_tokens": 120, "seed": 42}, "prompt_tokens": 193, "completion_tokens": 135, "total_tokens": 328, "token_count_source": "tokenizer", "diffusion_steps": null, "flops_estimate": null, "flops_arch": null, "flops_model_params": null, "flops_active_params": null, "tokens_non_final": 9, "tokens_reasoning": 0, "tokens_response": 9, "elapsed_seconds": 55.50210380554199, "judgement": "Good approximation"}
{"id": "taxes_000545", "topic": "taxes", "subtopic": "pre_discount_tax", "prompt": "Cart: $59.68, $15.72 with a 15% store discount. Local sales tax is 8.5% (tax calculated before discount). About how much is the total?", "exact_value": 70.5, "model": "Dream-org/Dream-v0-Instruct-7B", "provider": "transformers", "response": "multiple.<|im_end|>\n<|im_start|>assistant\nFinal answer: 100.", "numeric_answer": 100.0, "relative_error": 0.41843971631205673, "thinking_text": null, "has_tool_call": false, "tool_call": null, "usage": {"prompt_tokens": 188, "completion_tokens": 127, "total_tokens": 315, "token_count_source": "tokenizer"}, "decoding": {"temperature": 0.2, "top_p": null, "top_k": null, "max_tokens": 120, "seed": 42}, "prompt_tokens": 188, "completion_tokens": 127, "total_tokens": 315, "token_count_source": "tokenizer", "diffusion_steps": null, "flops_estimate": null, "flops_arch": null, "flops_model_params": null, "flops_active_params": null, "tokens_non_final": 5, "tokens_reasoning": 0, "tokens_response": 5, "elapsed_seconds": 51.518736362457275, "judgement": "Mildly off"}
{"id": "taxes_000565", "topic": "taxes", "subtopic": "pre_discount_tax", "prompt": "Cart: $26.85, $46.69, $42.49 with a 10% store discount. Local sales tax is 8.0% (tax calculated before discount). About how much is the total?", "exact_value": 113.71, "model": "Dream-org/Dream-v0-Instruct-7B", "provider": "transformers", "response": "Final answer: 15.", "numeric_answer": 15.0, "relative_error": 0.8680854806085656, "thinking_text": null, "has_tool_call": false, "tool_call": null, "usage": {"prompt_tokens": 195, "completion_tokens": 120, "total_tokens": 315, "token_count_source": "tokenizer"}, "decoding": {"temperature": 0.2, "top_p": null, "top_k": null, "max_tokens": 120, "seed": 42}, "prompt_tokens": 195, "completion_tokens": 120, "total_tokens": 315, "token_count_source": "tokenizer", "diffusion_steps": null, "flops_estimate": null, "flops_arch": null, "flops_model_params": null, "flops_active_params": null, "tokens_non_final": 3, "tokens_reasoning": 0, "tokens_response": 3, "elapsed_seconds": 51.518736362457275, "judgement": "Way off"}
{"id": "taxes_000585", "topic": "taxes", "subtopic": "pre_discount_tax", "prompt": "Cart: $39.46, $16.46, $27.60 with a 15% store discount. Local sales tax is 7.5% (tax calculated before discount). About how much is the total?", "exact_value": 77.26, "model": "Dream-org/Dream-v0-Instruct-7B", "provider": "transformers", "response": "Final answer: 10.00", "numeric_answer": 10.0, "relative_error": 0.8705669169039607, "thinking_text": null, "has_tool_call": false, "tool_call": null, "usage": {"prompt_tokens": 195, "completion_tokens": 120, "total_tokens": 315, "token_count_source": "tokenizer"}, "decoding": {"temperature": 0.2, "top_p": null, "top_k": null, "max_tokens": 120, "seed": 42}, "prompt_tokens": 195, "completion_tokens": 120, "total_tokens": 315, "token_count_source": "tokenizer", "diffusion_steps": null, "flops_estimate": null, "flops_arch": null, "flops_model_params": null, "flops_active_params": null, "tokens_non_final": 3, "tokens_reasoning": 0, "tokens_response": 3, "elapsed_seconds": 51.518736362457275, "judgement": "Way off"}
{"id": "taxes_000605", "topic": "taxes", "subtopic": "post_discount_tax", "prompt": "Cart: $56.51, $45.65, $41.70 with a 15% store discount. Local sales tax is 8.5% (tax after discount). About how much is the total?", "exact_value": 132.67, "model": "Dream-org/Dream-v0-Instruct-7B", "provider": "transformers", "response": "Final answer: 200.", "numeric_answer": 200.0, "relative_error": 0.5074998115625237, "thinking_text": null, "has_tool_call": false, "tool_call": null, "usage": {"prompt_tokens": 194, "completion_tokens": 121, "total_tokens": 315, "token_count_source": "tokenizer"}, "decoding": {"temperature": 0.2, "top_p": null, "top_k": null, "max_tokens": 120, "seed": 42}, "prompt_tokens": 194, "completion_tokens": 121, "total_tokens": 315, "token_count_source": "tokenizer", "diffusion_steps": null, "flops_estimate": null, "flops_arch": null, "flops_model_params": null, "flops_active_params": null, "tokens_non_final": 3, "tokens_reasoning": 0, "tokens_response": 3, "elapsed_seconds": 51.518736362457275, "judgement": "Mildly off"}
{"id": "taxes_000625", "topic": "taxes", "subtopic": "post_discount_tax", "prompt": "Cart: $45.52, $11.14, $39.66 with a 15% store discount. Local sales tax is 7.5% (tax after discount). About how much is the total?", "exact_value": 88.01, "model": "Dream-org/Dream-v0-Instruct-7B", "provider": "transformers", "response": "multiple.<|im_end|>\n<|im_start|>assistant\nFinal answer: 100.", "numeric_answer": 100.0, "relative_error": 0.1362345188046812, "thinking_text": null, "has_tool_call": false, "tool_call": null, "usage": {"prompt_tokens": 194, "completion_tokens": 127, "total_tokens": 321, "token_count_source": "tokenizer"}, "decoding": {"temperature": 0.2, "top_p": null, "top_k": null, "max_tokens": 120, "seed": 42}, "prompt_tokens": 194, "completion_tokens": 127, "total_tokens": 321, "token_count_source": "tokenizer", "diffusion_steps": null, "flops_estimate": null, "flops_arch": null, "flops_model_params": null, "flops_active_params": null, "tokens_non_final": 5, "tokens_reasoning": 0, "tokens_response": 5, "elapsed_seconds": 55.29883074760437, "judgement": "Good approximation"}
{"id": "taxes_000645", "topic": "taxes", "subtopic": "post_discount_tax", "prompt": "Cart: $49.33, $22.71, $22.30, $10.61 with a 10% store discount. Local sales tax is 8.0% (tax after discount). About how much is the total?", "exact_value": 102.01, "model": "Dream-org/Dream-v0-Instruct-7B", "provider": "transformers", "response": "Final answer: $120.", "numeric_answer": 120.0, "relative_error": 0.176355259288305, "thinking_text": null, "has_tool_call": false, "tool_call": null, "usage": {"prompt_tokens": 201, "completion_tokens": 120, "total_tokens": 321, "token_count_source": "tokenizer"}, "decoding": {"temperature": 0.2, "top_p": null, "top_k": null, "max_tokens": 120, "seed": 42}, "prompt_tokens": 201, "completion_tokens": 120, "total_tokens": 321, "token_count_source": "tokenizer", "diffusion_steps": null, "flops_estimate": null, "flops_arch": null, "flops_model_params": null, "flops_active_params": null, "tokens_non_final": 3, "tokens_reasoning": 0, "tokens_response": 3, "elapsed_seconds": 55.29883074760437, "judgement": "Good approximation"}
{"id": "taxes_000665", "topic": "taxes", "subtopic": "post_discount_tax", "prompt": "Cart: $34.33, $12.25, $33.01 with a 10% store discount. Local sales tax is 8.5% (tax after discount). About how much is the total?", "exact_value": 77.72, "model": "Dream-org/Dream-v0-Instruct-7B", "provider": "transformers", "response": "multiple.<|im_end|>\n<|im_start|>assistant\nFinal answer: 10.0", "numeric_answer": 10.0, "relative_error": 0.8713329902213073, "thinking_text": null, "has_tool_call": false, "tool_call": null, "usage": {"prompt_tokens": 194, "completion_tokens": 127, "total_tokens": 321, "token_count_source": "tokenizer"}, "decoding": {"temperature": 0.2, "top_p": null, "top_k": null, "max_tokens": 120, "seed": 42}, "prompt_tokens": 194, "completion_tokens": 127, "total_tokens": 321, "token_count_source": "tokenizer", "diffusion_steps": null, "flops_estimate": null, "flops_arch": null, "flops_model_params": null, "flops_active_params": null, "tokens_non_final": 5, "tokens_reasoning": 0, "tokens_response": 5, "elapsed_seconds": 55.29883074760437, "judgement": "Way off"}
{"id": "taxes_000685", "topic": "taxes", "subtopic": "post_discount_tax", "prompt": "Cart: $45.39, $47.08, $42.29, $28.76, $33.64. Local sales tax is 8.0% (tax after discount). About how much is the total?", "exact_value": 212.93, "model": "Dream-org/Dream-v0-Instruct-7B", "provider": "transformers", "response": "Final answer: 20.", "numeric_answer": 20.0, "relative_error": 0.9060724181655944, "thinking_text": null, "has_tool_call": false, "tool_call": null, "usage": {"prompt_tokens": 200, "completion_tokens": 121, "total_tokens": 321, "token_count_source": "tokenizer"}, "decoding": {"temperature": 0.2, "top_p": null, "top_k": null, "max_tokens": 120, "seed": 42}, "prompt_tokens": 200, "completion_tokens": 121, "total_tokens": 321, "token_count_source": "tokenizer", "diffusion_steps": null, "flops_estimate": null, "flops_arch": null, "flops_model_params": null, "flops_active_params": null, "tokens_non_final": 3, "tokens_reasoning": 0, "tokens_response": 3, "elapsed_seconds": 55.29883074760437, "judgement": "Way off"}
{"id": "taxes_000705", "topic": "taxes", "subtopic": "post_discount_tax", "prompt": "Cart: $40.98, $7.11, $42.94, $15.29 with a 10% store discount. Local sales tax is 8.0% (tax after discount). About how much is the total?", "exact_value": 103.34, "model": "Dream-org/Dream-v0-Instruct-7B", "provider": "transformers", "response": "0's multiple.<|im_end|>\n<|im_start|>assistant\nFinal answer: 10.", "numeric_answer": 10.0, "relative_error": 0.9032320495451907, "thinking_text": null, "has_tool_call": false, "tool_call": null, "usage": {"prompt_tokens": 200, "completion_tokens": 129, "total_tokens": 329, "token_count_source": "tokenizer"}, "decoding": {"temperature": 0.2, "top_p": null, "top_k": null, "max_tokens": 120, "seed": 42}, "prompt_tokens": 200, "completion_tokens": 129, "total_tokens": 329, "token_count_source": "tokenizer", "diffusion_steps": null, "flops_estimate": null, "flops_arch": null, "flops_model_params": null, "flops_active_params": null, "tokens_non_final": 6, "tokens_reasoning": 0, "tokens_response": 6, "elapsed_seconds": 55.73021602630615, "judgement": "Way off"}
{"id": "taxes_000725", "topic": "taxes", "subtopic": "post_discount_tax", "prompt": "Cart: $58.29, $57.54, $3.90, $13.77, $33.83 with a 15% store discount. Local sales tax is 7.0% (tax after discount). About how much is the total?", "exact_value": 152.19, "model": "Dream-org/Dream-v0-Instruct-7B", "provider": "transformers", "response": "assistant\nFinal answer: 100.", "numeric_answer": 100.0, "relative_error": 0.3429266049017675, "thinking_text": null, "has_tool_call": false, "tool_call": null, "usage": {"prompt_tokens": 207, "completion_tokens": 122, "total_tokens": 329, "token_count_source": "tokenizer"}, "decoding": {"temperature": 0.2, "top_p": null, "top_k": null, "max_tokens": 120, "seed": 42}, "prompt_tokens": 207, "completion_tokens": 122, "total_tokens": 329, "token_count_source": "tokenizer", "diffusion_steps": null, "flops_estimate": null, "flops_arch": null, "flops_model_params": null, "flops_active_params": null, "tokens_non_final": 4, "tokens_reasoning": 0, "tokens_response": 4, "elapsed_seconds": 55.73021602630615, "judgement": "Mildly off"}
{"id": "taxes_000745", "topic": "taxes", "subtopic": "post_discount_tax", "prompt": "Cart: $54.15, $17.05, $39.04, $11.06 with a 20% store discount. Local sales tax is 6.0% (tax after discount). About how much is the total?", "exact_value": 102.86, "model": "Dream-org/Dream-v0-Instruct-7B", "provider": "transformers", "response": "'s multiple.<|im_end|>\n<|im_start|>assistant\nFinal answer: 100", "numeric_answer": 100.0, "relative_error": 0.02780478320046665, "thinking_text": null, "has_tool_call": false, "tool_call": null, "usage": {"prompt_tokens": 201, "completion_tokens": 128, "total_tokens": 329, "token_count_source": "tokenizer"}, "decoding": {"temperature": 0.2, "top_p": null, "top_k": null, "max_tokens": 120, "seed": 42}, "prompt_tokens": 201, "completion_tokens": 128, "total_tokens": 329, "token_count_source": "tokenizer", "diffusion_steps": null, "flops_estimate": null, "flops_arch": null, "flops_model_params": null, "flops_active_params": null, "tokens_non_final": 6, "tokens_reasoning": 0, "tokens_response": 6, "elapsed_seconds": 55.73021602630615, "judgement": "Good approximation"}
{"id": "taxes_000765", "topic": "taxes", "subtopic": "pre_discount_tax", "prompt": "Cart: $57.68, $16.68, $27.84, $52.23, $26.02 with a 15% store discount. Local sales tax is 6.0% (tax calculated before discount). About how much is the total?", "exact_value": 164.21, "model": "Dream-org/Dream-v0-Instruct-7B", "provider": "transformers", "response": "Final answer: 200.", "numeric_answer": 200.0, "relative_error": 0.21795262164301804, "thinking_text": null, "has_tool_call": false, "tool_call": null, "usage": {"prompt_tokens": 209, "completion_tokens": 120, "total_tokens": 329, "token_count_source": "tokenizer"}, "decoding": {"temperature": 0.2, "top_p": null, "top_k": null, "max_tokens": 120, "seed": 42}, "prompt_tokens": 209, "completion_tokens": 120, "total_tokens": 329, "token_count_source": "tokenizer", "diffusion_steps": null, "flops_estimate": null, "flops_arch": null, "flops_model_params": null, "flops_active_params": null, "tokens_non_final": 3, "tokens_reasoning": 0, "tokens_response": 3, "elapsed_seconds": 55.73021602630615, "judgement": "Mildly off"}
{"id": "taxes_000785", "topic": "taxes", "subtopic": "post_discount_tax", "prompt": "Cart: $25.69, $31.24 with a 10% store discount. Local sales tax is 6.0% (tax after discount). About how much is the total?", "exact_value": 54.31, "model": "Dream-org/Dream-v0-Instruct-7B", "provider": "transformers", "response": "an integer, round to nearly 5 or 10's multiple.<|im_end|>\n<|im_start|>assistant\nFinal answer: 6.", "numeric_answer": 6.0, "relative_error": 0.8895231080832259, "thinking_text": null, "has_tool_call": false, "tool_call": null, "usage": {"prompt_tokens": 187, "completion_tokens": 140, "total_tokens": 327, "token_count_source": "tokenizer"}, "decoding": {"temperature": 0.2, "top_p": null, "top_k": null, "max_tokens": 120, "seed": 42}, "prompt_tokens": 187, "completion_tokens": 140, "total_tokens": 327, "token_count_source": "tokenizer", "diffusion_steps": null, "flops_estimate": null, "flops_arch": null, "flops_model_params": null, "flops_active_params": null, "tokens_non_final": 13, "tokens_reasoning": 0, "tokens_response": 13, "elapsed_seconds": 55.52413034439087, "judgement": "Way off"}
{"id": "taxes_000805", "topic": "taxes", "subtopic": "post_discount_tax", "prompt": "Cart: $40.12, $28.74 with a 15% store discount. Local sales tax is 7.5% (tax after discount). About how much is the total?", "exact_value": 62.92, "model": "Dream-org/Dream-v0-Instruct-7B", "provider": "transformers", "response": "an integer, round to nearly 5 or 10's multiple.<|im_end|>\n<|im_start|>assistant\nFinal answer: 5.", "numeric_answer": 5.0, "relative_error": 0.9205340114431023, "thinking_text": null, "has_tool_call": false, "tool_call": null, "usage": {"prompt_tokens": 187, "completion_tokens": 140, "total_tokens": 327, "token_count_source": "tokenizer"}, "decoding": {"temperature": 0.2, "top_p": null, "top_k": null, "max_tokens": 120, "seed": 42}, "prompt_tokens": 187, "completion_tokens": 140, "total_tokens": 327, "token_count_source": "tokenizer", "diffusion_steps": null, "flops_estimate": null, "flops_arch": null, "flops_model_params": null, "flops_active_params": null, "tokens_non_final": 13, "tokens_reasoning": 0, "tokens_response": 13, "elapsed_seconds": 55.52413034439087, "judgement": "Way off"}
{"id": "taxes_000825", "topic": "taxes", "subtopic": "pre_discount_tax", "prompt": "Cart: $42.07, $45.58, $4.03. Local sales tax is 8.5% (tax calculated before discount). About how much is the total?", "exact_value": 99.47, "model": "Dream-org/Dream-v0-Instruct-7B", "provider": "transformers", "response": "already an integer, round to nearly 5 or 10's multiple.<|im_end|>\n<|im_start|>assistant\nFinal answer: 10.10", "numeric_answer": 10.1, "relative_error": 0.8984618477933046, "thinking_text": null, "has_tool_call": false, "tool_call": null, "usage": {"prompt_tokens": 186, "completion_tokens": 141, "total_tokens": 327, "token_count_source": "tokenizer"}, "decoding": {"temperature": 0.2, "top_p": null, "top_k": null, "max_tokens": 120, "seed": 42}, "prompt_tokens": 186, "completion_tokens": 141, "total_tokens": 327, "token_count_source": "tokenizer", "diffusion_steps": null, "flops_estimate": null, "flops_arch": null, "flops_model_params": null, "flops_active_params": null, "tokens_non_final": 14, "tokens_reasoning": 0, "tokens_response": 14, "elapsed_seconds": 55.52413034439087, "judgement": "Way off"}
{"id": "taxes_000845", "topic": "taxes", "subtopic": "post_discount_tax", "prompt": "Cart: $15.87, $9.20, $33.08, $43.65, $38.88 with a 20% store discount. Local sales tax is 6.0% (tax after discount). About how much is the total?", "exact_value": 119.3, "model": "Dream-org/Dream-v0-Instruct-7B", "provider": "transformers", "response": "Final answer: 10.", "numeric_answer": 10.0, "relative_error": 0.9161777032690696, "thinking_text": null, "has_tool_call": false, "tool_call": null, "usage": {"prompt_tokens": 207, "completion_tokens": 120, "total_tokens": 327, "token_count_source": "tokenizer"}, "decoding": {"temperature": 0.2, "top_p": null, "top_k": null, "max_tokens": 120, "seed": 42}, "prompt_tokens": 207, "completion_tokens": 120, "total_tokens": 327, "token_count_source": "tokenizer", "diffusion_steps": null, "flops_estimate": null, "flops_arch": null, "flops_model_params": null, "flops_active_params": null, "tokens_non_final": 3, "tokens_reasoning": 0, "tokens_response": 3, "elapsed_seconds": 55.52413034439087, "judgement": "Way off"}
{"id": "taxes_000865", "topic": "taxes", "subtopic": "post_discount_tax", "prompt": "Cart: $58.64, $45.63, $26.84 with a 20% store discount. Local sales tax is 7.5% (tax after discount). About how much is the total?", "exact_value": 112.75, "model": "Dream-org/Dream-v0-Instruct-7B", "provider": "transformers", "response": "or 10's multiple.<|im_end|>\n<|im_start|>assistant\nFinal answer: $27", "numeric_answer": 10.0, "relative_error": 0.9113082039911308, "thinking_text": null, "has_tool_call": false, "tool_call": null, "usage": {"prompt_tokens": 194, "completion_tokens": 132, "total_tokens": 326, "token_count_source": "tokenizer"}, "decoding": {"temperature": 0.2, "top_p": null, "top_k": null, "max_tokens": 120, "seed": 42}, "prompt_tokens": 194, "completion_tokens": 132, "total_tokens": 326, "token_count_source": "tokenizer", "diffusion_steps": null, "flops_estimate": null, "flops_arch": null, "flops_model_params": null, "flops_active_params": null, "tokens_non_final": 7, "tokens_reasoning": 0, "tokens_response": 7, "elapsed_seconds": 55.51283025741577, "judgement": "Way off"}
{"id": "taxes_000885", "topic": "taxes", "subtopic": "post_discount_tax", "prompt": "Cart: $14.40, $32.79, $9.47, $52.98, $5.25 with a 15% store discount. Local sales tax is 7.0% (tax after discount). About how much is the total?", "exact_value": 104.49, "model": "Dream-org/Dream-v0-Instruct-7B", "provider": "transformers", "response": "Final answer: 1.", "numeric_answer": 1.0, "relative_error": 0.9904297061919801, "thinking_text": null, "has_tool_call": false, "tool_call": null, "usage": {"prompt_tokens": 206, "completion_tokens": 120, "total_tokens": 326, "token_count_source": "tokenizer"}, "decoding": {"temperature": 0.2, "top_p": null, "top_k": null, "max_tokens": 120, "seed": 42}, "prompt_tokens": 206, "completion_tokens": 120, "total_tokens": 326, "token_count_source": "tokenizer", "diffusion_steps": null, "flops_estimate": null, "flops_arch": null, "flops_model_params": null, "flops_active_params": null, "tokens_non_final": 3, "tokens_reasoning": 0, "tokens_response": 3, "elapsed_seconds": 55.51283025741577, "judgement": "Way off"}
{"id": "taxes_000905", "topic": "taxes", "subtopic": "pre_discount_tax", "prompt": "Cart: $17.90, $48.48, $26.49, $5.89. Local sales tax is 8.5% (tax calculated before discount). About how much is the total?", "exact_value": 107.15, "model": "Dream-org/Dream-v0-Instruct-7B", "provider": "transformers", "response": "5 or 10's multiple.<|im_end|>\n<|im_start|>assistant\nFinal answer: 100.", "numeric_answer": 100.0, "relative_error": 0.06672888474101732, "thinking_text": null, "has_tool_call": false, "tool_call": null, "usage": {"prompt_tokens": 193, "completion_tokens": 133, "total_tokens": 326, "token_count_source": "tokenizer"}, "decoding": {"temperature": 0.2, "top_p": null, "top_k": null, "max_tokens": 120, "seed": 42}, "prompt_tokens": 193, "completion_tokens": 133, "total_tokens": 326, "token_count_source": "tokenizer", "diffusion_steps": null, "flops_estimate": null, "flops_arch": null, "flops_model_params": null, "flops_active_params": null, "tokens_non_final": 8, "tokens_reasoning": 0, "tokens_response": 8, "elapsed_seconds": 55.51283025741577, "judgement": "Good approximation"}
{"id": "taxes_000925", "topic": "taxes", "subtopic": "post_discount_tax", "prompt": "Cart: $22.10, $57.77 with a 10% store discount. Local sales tax is 8.5% (tax after discount). About how much is the total?", "exact_value": 77.99, "model": "Dream-org/Dream-v0-Instruct-7B", "provider": "transformers", "response": "integer, round to nearly 5 or 10's multiple.<|im_end|>\n<|im_start|>assistant\nFinal answer: 10", "numeric_answer": 10.0, "relative_error": 0.8717784331324528, "thinking_text": null, "has_tool_call": false, "tool_call": null, "usage": {"prompt_tokens": 187, "completion_tokens": 139, "total_tokens": 326, "token_count_source": "tokenizer"}, "decoding": {"temperature": 0.2, "top_p": null, "top_k": null, "max_tokens": 120, "seed": 42}, "prompt_tokens": 187, "completion_tokens": 139, "total_tokens": 326, "token_count_source": "tokenizer", "diffusion_steps": null, "flops_estimate": null, "flops_arch": null, "flops_model_params": null, "flops_active_params": null, "tokens_non_final": 12, "tokens_reasoning": 0, "tokens_response": 12, "elapsed_seconds": 55.51283025741577, "judgement": "Way off"}
{"id": "taxes_000945", "topic": "taxes", "subtopic": "post_discount_tax", "prompt": "Cart: $23.57, $36.87, $52.49, $25.07 with a 15% store discount. Local sales tax is 7.5% (tax after discount). About how much is the total?", "exact_value": 126.1, "model": "Dream-org/Dream-v0-Instruct-7B", "provider": "transformers", "response": "multiple.<|im_end|>\n<|im_start|>assistant\nFinal answer: 110.", "numeric_answer": 110.0, "relative_error": 0.1276764472640761, "thinking_text": null, "has_tool_call": false, "tool_call": null, "usage": {"prompt_tokens": 201, "completion_tokens": 127, "total_tokens": 328, "token_count_source": "tokenizer"}, "decoding": {"temperature": 0.2, "top_p": null, "top_k": null, "max_tokens": 120, "seed": 42}, "prompt_tokens": 201, "completion_tokens": 127, "total_tokens": 328, "token_count_source": "tokenizer", "diffusion_steps": null, "flops_estimate": null, "flops_arch": null, "flops_model_params": null, "flops_active_params": null, "tokens_non_final": 5, "tokens_reasoning": 0, "tokens_response": 5, "elapsed_seconds": 55.61672067642212, "judgement": "Good approximation"}
{"id": "taxes_000965", "topic": "taxes", "subtopic": "post_discount_tax", "prompt": "Cart: $29.91, $42.03, $30.26 with a 15% store discount. Local sales tax is 6.0% (tax after discount). About how much is the total?", "exact_value": 92.08, "model": "Dream-org/Dream-v0-Instruct-7B", "provider": "transformers", "response": "5 or 10's multiple.<|im_end|>\n<|im_start|>assistant\nFinal answer: 101.", "numeric_answer": 101.0, "relative_error": 0.09687228496959167, "thinking_text": null, "has_tool_call": false, "tool_call": null, "usage": {"prompt_tokens": 194, "completion_tokens": 134, "total_tokens": 328, "token_count_source": "tokenizer"}, "decoding": {"temperature": 0.2, "top_p": null, "top_k": null, "max_tokens": 120, "seed": 42}, "prompt_tokens": 194, "completion_tokens": 134, "total_tokens": 328, "token_count_source": "tokenizer", "diffusion_steps": null, "flops_estimate": null, "flops_arch": null, "flops_model_params": null, "flops_active_params": null, "tokens_non_final": 8, "tokens_reasoning": 0, "tokens_response": 8, "elapsed_seconds": 55.61672067642212, "judgement": "Good approximation"}
{"id": "taxes_000985", "topic": "taxes", "subtopic": "post_discount_tax", "prompt": "Cart: $14.82, $23.08, $24.88, $58.19, $52.19 with a 15% store discount. Local sales tax is 8.5% (tax after discount). About how much is the total?", "exact_value": 159.7, "model": "Dream-org/Dream-v0-Instruct-7B", "provider": "transformers", "response": "Final answer: 200.", "numeric_answer": 200.0, "relative_error": 0.2523481527864747, "thinking_text": null, "has_tool_call": false, "tool_call": null, "usage": {"prompt_tokens": 208, "completion_tokens": 120, "total_tokens": 328, "token_count_source": "tokenizer"}, "decoding": {"temperature": 0.2, "top_p": null, "top_k": null, "max_tokens": 120, "seed": 42}, "prompt_tokens": 208, "completion_tokens": 120, "total_tokens": 328, "token_count_source": "tokenizer", "diffusion_steps": null, "flops_estimate": null, "flops_arch": null, "flops_model_params": null, "flops_active_params": null, "tokens_non_final": 3, "tokens_reasoning": 0, "tokens_response": 3, "elapsed_seconds": 55.61672067642212, "judgement": "Mildly off"}
{"id": "taxes_001005", "topic": "taxes", "subtopic": "post_discount_tax", "prompt": "Cart: $35.46, $30.01, $32.78, $59.76, $52.25 with a 20% store discount. Local sales tax is 6.0% (tax after discount). About how much is the total?", "exact_value": 178.3, "model": "Dream-org/Dream-v0-Instruct-7B", "provider": "transformers", "response": "Final answer: 82.", "numeric_answer": 82.0, "relative_error": 0.5401009534492429, "thinking_text": null, "has_tool_call": false, "tool_call": null, "usage": {"prompt_tokens": 208, "completion_tokens": 120, "total_tokens": 328, "token_count_source": "tokenizer"}, "decoding": {"temperature": 0.2, "top_p": null, "top_k": null, "max_tokens": 120, "seed": 42}, "prompt_tokens": 208, "completion_tokens": 120, "total_tokens": 328, "token_count_source": "tokenizer", "diffusion_steps": null, "flops_estimate": null, "flops_arch": null, "flops_model_params": null, "flops_active_params": null, "tokens_non_final": 3, "tokens_reasoning": 0, "tokens_response": 3, "elapsed_seconds": 55.61672067642212, "judgement": "Mildly off"}
{"id": "taxes_001025", "topic": "taxes", "subtopic": "post_discount_tax", "prompt": "Cart: $48.98, $51.04, $48.93, $42.06 with a 10% store discount. Local sales tax is 7.0% (tax after discount). About how much is the total?", "exact_value": 183.94, "model": "Dream-org/Dream-v0-Instruct-7B", "provider": "transformers", "response": "multiple.<|im_end|>\n<|im_start|>assistant\nFinal answer: 30.0", "numeric_answer": 30.0, "relative_error": 0.8369033380450147, "thinking_text": null, "has_tool_call": false, "tool_call": null, "usage": {"prompt_tokens": 201, "completion_tokens": 127, "total_tokens": 328, "token_count_source": "tokenizer"}, "decoding": {"temperature": 0.2, "top_p": null, "top_k": null, "max_tokens": 120, "seed": 42}, "prompt_tokens": 201, "completion_tokens": 127, "total_tokens": 328, "token_count_source": "tokenizer", "diffusion_steps": null, "flops_estimate": null, "flops_arch": null, "flops_model_params": null, "flops_active_params": null, "tokens_non_final": 5, "tokens_reasoning": 0, "tokens_response": 5, "elapsed_seconds": 55.59902358055115, "judgement": "Way off"}
{"id": "taxes_001045", "topic": "taxes", "subtopic": "pre_discount_tax", "prompt": "Cart: $7.00, $19.59, $22.19, $24.07, $59.04 with a 15% store discount. Local sales tax is 8.5% (tax calculated before discount). About how much is the total?", "exact_value": 123.32, "model": "Dream-org/Dream-v0-Instruct-7B", "provider": "transformers", "response": "Final answer: 200.", "numeric_answer": 200.0, "relative_error": 0.6217969510217322, "thinking_text": null, "has_tool_call": false, "tool_call": null, "usage": {"prompt_tokens": 208, "completion_tokens": 120, "total_tokens": 328, "token_count_source": "tokenizer"}, "decoding": {"temperature": 0.2, "top_p": null, "top_k": null, "max_tokens": 120, "seed": 42}, "prompt_tokens": 208, "completion_tokens": 120, "total_tokens": 328, "token_count_source": "tokenizer", "diffusion_steps": null, "flops_estimate": null, "flops_arch": null, "flops_model_params": null, "flops_active_params": null, "tokens_non_final": 3, "tokens_reasoning": 0, "tokens_response": 3, "elapsed_seconds": 55.59902358055115, "judgement": "Way off"}
{"id": "taxes_001065", "topic": "taxes", "subtopic": "post_discount_tax", "prompt": "Cart: $30.65, $11.90, $49.60, $20.83 with a 15% store discount. Local sales tax is 6.0% (tax after discount). About how much is the total?", "exact_value": 101.79, "model": "Dream-org/Dream-v0-Instruct-7B", "provider": "transformers", "response": "multiple.<|im_end|>\n<|im_start|>assistant\nFinal answer:1", "numeric_answer": 1.0, "relative_error": 0.9901758522448177, "thinking_text": null, "has_tool_call": false, "tool_call": null, "usage": {"prompt_tokens": 201, "completion_tokens": 127, "total_tokens": 328, "token_count_source": "tokenizer"}, "decoding": {"temperature": 0.2, "top_p": null, "top_k": null, "max_tokens": 120, "seed": 42}, "prompt_tokens": 201, "completion_tokens": 127, "total_tokens": 328, "token_count_source": "tokenizer", "diffusion_steps": null, "flops_estimate": null, "flops_arch": null, "flops_model_params": null, "flops_active_params": null, "tokens_non_final": 4, "tokens_reasoning": 0, "tokens_response": 4, "elapsed_seconds": 55.59902358055115, "judgement": "Way off"}
{"id": "taxes_001085", "topic": "taxes", "subtopic": "pre_discount_tax", "prompt": "Cart: $51.75, $41.44, $42.58 with a 15% store discount. Local sales tax is 6.0% (tax calculated before discount). About how much is the total?", "exact_value": 123.55, "model": "Dream-org/Dream-v0-Instruct-7B", "provider": "transformers", "response": "5 or 10's multiple.<|im_end|>\n<|im_start|>assistant\nFinal answer: 4.", "numeric_answer": 4.0, "relative_error": 0.9676244435451234, "thinking_text": null, "has_tool_call": false, "tool_call": null, "usage": {"prompt_tokens": 195, "completion_tokens": 133, "total_tokens": 328, "token_count_source": "tokenizer"}, "decoding": {"temperature": 0.2, "top_p": null, "top_k": null, "max_tokens": 120, "seed": 42}, "prompt_tokens": 195, "completion_tokens": 133, "total_tokens": 328, "token_count_source": "tokenizer", "diffusion_steps": null, "flops_estimate": null, "flops_arch": null, "flops_model_params": null, "flops_active_params": null, "tokens_non_final": 8, "tokens_reasoning": 0, "tokens_response": 8, "elapsed_seconds": 55.59902358055115, "judgement": "Way off"}
{"id": "taxes_001105", "topic": "taxes", "subtopic": "post_discount_tax", "prompt": "Cart: $35.89, $11.55 with a 15% store discount. Local sales tax is 6.0% (tax after discount). About how much is the total?", "exact_value": 42.74, "model": "Dream-org/Dream-v0-Instruct-7B", "provider": "transformers", "response": "already an integer, round to nearly 5 or 10's multiple.<|im_end|>\n<|im_start|>assistant\nFinal answer: 11.00", "numeric_answer": 11.0, "relative_error": 0.7426298549368273, "thinking_text": null, "has_tool_call": false, "tool_call": null, "usage": {"prompt_tokens": 187, "completion_tokens": 141, "total_tokens": 328, "token_count_source": "tokenizer"}, "decoding": {"temperature": 0.2, "top_p": null, "top_k": null, "max_tokens": 120, "seed": 42}, "prompt_tokens": 187, "completion_tokens": 141, "total_tokens": 328, "token_count_source": "tokenizer", "diffusion_steps": null, "flops_estimate": null, "flops_arch": null, "flops_model_params": null, "flops_active_params": null, "tokens_non_final": 14, "tokens_reasoning": 0, "tokens_response": 14, "elapsed_seconds": 55.54945349693298, "judgement": "Way off"}
{"id": "taxes_001125", "topic": "taxes", "subtopic": "post_discount_tax", "prompt": "Cart: $33.29, $22.97, $51.18 with a 20% store discount. Local sales tax is 8.5% (tax after discount). About how much is the total?", "exact_value": 93.26, "model": "Dream-org/Dream-v0-Instruct-7B", "provider": "transformers", "response": "5 or 10's multiple.<|im_end|>\n<|im_start|>assistant\nFinal answer: 100.", "numeric_answer": 100.0, "relative_error": 0.07227107012652793, "thinking_text": null, "has_tool_call": false, "tool_call": null, "usage": {"prompt_tokens": 194, "completion_tokens": 134, "total_tokens": 328, "token_count_source": "tokenizer"}, "decoding": {"temperature": 0.2, "top_p": null, "top_k": null, "max_tokens": 120, "seed": 42}, "prompt_tokens": 194, "completion_tokens": 134, "total_tokens": 328, "token_count_source": "tokenizer", "diffusion_steps": null, "flops_estimate": null, "flops_arch": null, "flops_model_params": null, "flops_active_params": null, "tokens_non_final": 8, "tokens_reasoning": 0, "tokens_response": 8, "elapsed_seconds": 55.54945349693298, "judgement": "Good approximation"}
{"id": "taxes_001145", "topic": "taxes", "subtopic": "pre_discount_tax", "prompt": "Cart: $20.48, $7.68, $10.58, $20.51, $20.54 with a 10% store discount. Local sales tax is 7.5% (tax calculated before discount). About how much is the total?", "exact_value": 77.8, "model": "Dream-org/Dream-v0-Instruct-7B", "provider": "transformers", "response": "Final answer: 10.0.", "numeric_answer": 10.0, "relative_error": 0.87146529562982, "thinking_text": null, "has_tool_call": false, "tool_call": null, "usage": {"prompt_tokens": 208, "completion_tokens": 120, "total_tokens": 328, "token_count_source": "tokenizer"}, "decoding": {"temperature": 0.2, "top_p": null, "top_k": null, "max_tokens": 120, "seed": 42}, "prompt_tokens": 208, "completion_tokens": 120, "total_tokens": 328, "token_count_source": "tokenizer", "diffusion_steps": null, "flops_estimate": null, "flops_arch": null, "flops_model_params": null, "flops_active_params": null, "tokens_non_final": 3, "tokens_reasoning": 0, "tokens_response": 3, "elapsed_seconds": 55.54945349693298, "judgement": "Way off"}
{"id": "taxes_001165", "topic": "taxes", "subtopic": "post_discount_tax", "prompt": "Cart: $14.32, $41.58 with a 20% store discount. Local sales tax is 8.0% (tax after discount). About how much is the total?", "exact_value": 48.3, "model": "Dream-org/Dream-v0-Instruct-7B", "provider": "transformers", "response": "already an integer, round to nearly 5 or 10's multiple.<|im_end|>\n<|im_start|>assistant\nFinal answer:", "numeric_answer": 5.0, "relative_error": 0.8964803312629399, "thinking_text": null, "has_tool_call": false, "tool_call": null, "usage": {"prompt_tokens": 187, "completion_tokens": 141, "total_tokens": 328, "token_count_source": "tokenizer"}, "decoding": {"temperature": 0.2, "top_p": null, "top_k": null, "max_tokens": 120, "seed": 42}, "prompt_tokens": 187, "completion_tokens": 141, "total_tokens": 328, "token_count_source": "tokenizer", "diffusion_steps": null, "flops_estimate": null, "flops_arch": null, "flops_model_params": null, "flops_active_params": null, "tokens_non_final": 13, "tokens_reasoning": 0, "tokens_response": 13, "elapsed_seconds": 55.54945349693298, "judgement": "Way off"}
{"id": "taxes_001185", "topic": "taxes", "subtopic": "pre_discount_tax", "prompt": "Cart: $17.11, $15.84 with a 15% store discount. Local sales tax is 6.0% (tax calculated before discount). About how much is the total?", "exact_value": 29.98, "model": "Dream-org/Dream-v0-Instruct-7B", "provider": "transformers", "response": "already an integer, round to nearly 5 or 10's multiple.<|im_end|>\n<|im_start|>assistant\nFinal answer: 100.", "numeric_answer": 100.0, "relative_error": 2.33555703802535, "thinking_text": null, "has_tool_call": false, "tool_call": null, "usage": {"prompt_tokens": 188, "completion_tokens": 141, "total_tokens": 329, "token_count_source": "tokenizer"}, "decoding": {"temperature": 0.2, "top_p": null, "top_k": null, "max_tokens": 120, "seed": 42}, "prompt_tokens": 188, "completion_tokens": 141, "total_tokens": 329, "token_count_source": "tokenizer", "diffusion_steps": null, "flops_estimate": null, "flops_arch": null, "flops_model_params": null, "flops_active_params": null, "tokens_non_final": 14, "tokens_reasoning": 0, "tokens_response": 14, "elapsed_seconds": 55.74925518035889, "judgement": "Way off"}
{"id": "taxes_001205", "topic": "taxes", "subtopic": "pre_discount_tax", "prompt": "Cart: $16.90, $53.37, $54.66, $11.44, $18.23 with a 20% store discount. Local sales tax is 8.0% (tax calculated before discount). About how much is the total?", "exact_value": 136.05, "model": "Dream-org/Dream-v0-Instruct-7B", "provider": "transformers", "response": "Final answer: 150", "numeric_answer": 150.0, "relative_error": 0.10253583241455339, "thinking_text": null, "has_tool_call": false, "tool_call": null, "usage": {"prompt_tokens": 209, "completion_tokens": 120, "total_tokens": 329, "token_count_source": "tokenizer"}, "decoding": {"temperature": 0.2, "top_p": null, "top_k": null, "max_tokens": 120, "seed": 42}, "prompt_tokens": 209, "completion_tokens": 120, "total_tokens": 329, "token_count_source": "tokenizer", "diffusion_steps": null, "flops_estimate": null, "flops_arch": null, "flops_model_params": null, "flops_active_params": null, "tokens_non_final": 3, "tokens_reasoning": 0, "tokens_response": 3, "elapsed_seconds": 55.74925518035889, "judgement": "Good approximation"}
{"id": "taxes_001225", "topic": "taxes", "subtopic": "pre_discount_tax", "prompt": "Cart: $48.12, $37.76, $8.24 with a 10% store discount. Local sales tax is 8.5% (tax calculated before discount). About how much is the total?", "exact_value": 92.71, "model": "Dream-org/Dream-v0-Instruct-7B", "provider": "transformers", "response": "nearly 5 or 10's multiple.<|im_end|>\n<|im_start|>assistant\nFinal answer: 10.", "numeric_answer": 10.0, "relative_error": 0.892136770574911, "thinking_text": null, "has_tool_call": false, "tool_call": null, "usage": {"prompt_tokens": 194, "completion_tokens": 135, "total_tokens": 329, "token_count_source": "tokenizer"}, "decoding": {"temperature": 0.2, "top_p": null, "top_k": null, "max_tokens": 120, "seed": 42}, "prompt_tokens": 194, "completion_tokens": 135, "total_tokens": 329, "token_count_source": "tokenizer", "diffusion_steps": null, "flops_estimate": null, "flops_arch": null, "flops_model_params": null, "flops_active_params": null, "tokens_non_final": 9, "tokens_reasoning": 0, "tokens_response": 9, "elapsed_seconds": 55.74925518035889, "judgement": "Way off"}
{"id": "taxes_001245", "topic": "taxes", "subtopic": "post_discount_tax", "prompt": "Cart: $16.15, $46.13, $29.68, $11.10 with a 20% store discount. Local sales tax is 8.0% (tax after discount). About how much is the total?", "exact_value": 89.04, "model": "Dream-org/Dream-v0-Instruct-7B", "provider": "transformers", "response": "'s multiple.<|im_end|>\n<|im_start|>assistant\nFinal answer: 15.", "numeric_answer": 15.0, "relative_error": 0.8315363881401617, "thinking_text": null, "has_tool_call": false, "tool_call": null, "usage": {"prompt_tokens": 201, "completion_tokens": 128, "total_tokens": 329, "token_count_source": "tokenizer"}, "decoding": {"temperature": 0.2, "top_p": null, "top_k": null, "max_tokens": 120, "seed": 42}, "prompt_tokens": 201, "completion_tokens": 128, "total_tokens": 329, "token_count_source": "tokenizer", "diffusion_steps": null, "flops_estimate": null, "flops_arch": null, "flops_model_params": null, "flops_active_params": null, "tokens_non_final": 6, "tokens_reasoning": 0, "tokens_response": 6, "elapsed_seconds": 55.74925518035889, "judgement": "Way off"}
{"id": "taxes_001265", "topic": "taxes", "subtopic": "pre_discount_tax", "prompt": "Cart: $5.07, $49.02, $21.35, $52.81. Local sales tax is 8.5% (tax calculated before discount). About how much is the total?", "exact_value": 139.15, "model": "Dream-org/Dream-v0-Instruct-7B", "provider": "transformers", "response": "to nearly 5 or 10's multiple.<|im_end|>\n<|im_start|>assistant\nFinal answer: 100", "numeric_answer": 100.0, "relative_error": 0.2813510600071865, "thinking_text": null, "has_tool_call": false, "tool_call": null, "usage": {"prompt_tokens": 193, "completion_tokens": 136, "total_tokens": 329, "token_count_source": "tokenizer"}, "decoding": {"temperature": 0.2, "top_p": null, "top_k": null, "max_tokens": 120, "seed": 42}, "prompt_tokens": 193, "completion_tokens": 136, "total_tokens": 329, "token_count_source": "tokenizer", "diffusion_steps": null, "flops_estimate": null, "flops_arch": null, "flops_model_params": null, "flops_active_params": null, "tokens_non_final": 10, "tokens_reasoning": 0, "tokens_response": 10, "elapsed_seconds": 55.6792995929718, "judgement": "Mildly off"}
{"id": "taxes_001285", "topic": "taxes", "subtopic": "pre_discount_tax", "prompt": "Cart: $23.28, $56.47 with a 10% store discount. Local sales tax is 7.0% (tax calculated before discount). About how much is the total?", "exact_value": 77.36, "model": "Dream-org/Dream-v0-Instruct-7B", "provider": "transformers", "response": "already an integer, round to nearly 5 or 10's multiple.<|im_end|>\n<|im_start|>assistant\nFinal answer: 10", "numeric_answer": 10.0, "relative_error": 0.8707342295760083, "thinking_text": null, "has_tool_call": false, "tool_call": null, "usage": {"prompt_tokens": 188, "completion_tokens": 141, "total_tokens": 329, "token_count_source": "tokenizer"}, "decoding": {"temperature": 0.2, "top_p": null, "top_k": null, "max_tokens": 120, "seed": 42}, "prompt_tokens": 188, "completion_tokens": 141, "total_tokens": 329, "token_count_source": "tokenizer", "diffusion_steps": null, "flops_estimate": null, "flops_arch": null, "flops_model_params": null, "flops_active_params": null, "tokens_non_final": 14, "tokens_reasoning": 0, "tokens_response": 14, "elapsed_seconds": 55.6792995929718, "judgement": "Way off"}
{"id": "taxes_001305", "topic": "taxes", "subtopic": "post_discount_tax", "prompt": "Cart: $32.63, $47.64, $21.83, $42.07. Local sales tax is 7.5% (tax after discount). About how much is the total?", "exact_value": 154.98, "model": "Dream-org/Dream-v0-Instruct-7B", "provider": "transformers", "response": "to nearly 5 or 10's multiple.<|im_end|>\n<|im_start|>assistant\nFinal answer: 10", "numeric_answer": 10.0, "relative_error": 0.9354755452316428, "thinking_text": null, "has_tool_call": false, "tool_call": null, "usage": {"prompt_tokens": 193, "completion_tokens": 136, "total_tokens": 329, "token_count_source": "tokenizer"}, "decoding": {"temperature": 0.2, "top_p": null, "top_k": null, "max_tokens": 120, "seed": 42}, "prompt_tokens": 193, "completion_tokens": 136, "total_tokens": 329, "token_count_source": "tokenizer", "diffusion_steps": null, "flops_estimate": null, "flops_arch": null, "flops_model_params": null, "flops_active_params": null, "tokens_non_final": 10, "tokens_reasoning": 0, "tokens_response": 10, "elapsed_seconds": 55.6792995929718, "judgement": "Way off"}
{"id": "taxes_001325", "topic": "taxes", "subtopic": "pre_discount_tax", "prompt": "Cart: $22.61, $14.17, $36.73, $21.75, $44.86 with a 15% store discount. Local sales tax is 8.5% (tax calculated before discount). About how much is the total?", "exact_value": 131.01, "model": "Dream-org/Dream-v0-Instruct-7B", "provider": "transformers", "response": "Final answer: 122.", "numeric_answer": 122.0, "relative_error": 0.0687733760781619, "thinking_text": null, "has_tool_call": false, "tool_call": null, "usage": {"prompt_tokens": 209, "completion_tokens": 120, "total_tokens": 329, "token_count_source": "tokenizer"}, "decoding": {"temperature": 0.2, "top_p": null, "top_k": null, "max_tokens": 120, "seed": 42}, "prompt_tokens": 209, "completion_tokens": 120, "total_tokens": 329, "token_count_source": "tokenizer", "diffusion_steps": null, "flops_estimate": null, "flops_arch": null, "flops_model_params": null, "flops_active_params": null, "tokens_non_final": 3, "tokens_reasoning": 0, "tokens_response": 3, "elapsed_seconds": 55.6792995929718, "judgement": "Good approximation"}
{"id": "units_000127", "topic": "units", "subtopic": "kg_g", "prompt": "An item costs $13.16 per kg. You take 500 g. About how much is that?", "exact_value": 6.58, "model": "Dream-org/Dream-v0-Instruct-7B", "provider": "transformers", "response": "Final answer: 0.02.", "numeric_answer": 0.02, "relative_error": 0.9969604863221885, "thinking_text": null, "has_tool_call": false, "tool_call": null, "usage": {"prompt_tokens": 168, "completion_tokens": 120, "total_tokens": 288, "token_count_source": "tokenizer"}, "decoding": {"temperature": 0.2, "top_p": null, "top_k": null, "max_tokens": 120, "seed": 42}, "prompt_tokens": 168, "completion_tokens": 120, "total_tokens": 288, "token_count_source": "tokenizer", "diffusion_steps": null, "flops_estimate": null, "flops_arch": null, "flops_model_params": null, "flops_active_params": null, "tokens_non_final": 3, "tokens_reasoning": 0, "tokens_response": 3, "elapsed_seconds": 48.952810525894165, "judgement": "Way off"}
{"id": "units_000147", "topic": "units", "subtopic": "kg_g", "prompt": "An item costs $9.68 per kg. You take 500 g. About how much is that?", "exact_value": 4.84, "model": "Dream-org/Dream-v0-Instruct-7B", "provider": "transformers", "response": "Final answer: 0.00.", "numeric_answer": 0.0, "relative_error": 1.0, "thinking_text": null, "has_tool_call": false, "tool_call": null, "usage": {"prompt_tokens": 167, "completion_tokens": 121, "total_tokens": 288, "token_count_source": "tokenizer"}, "decoding": {"temperature": 0.2, "top_p": null, "top_k": null, "max_tokens": 120, "seed": 42}, "prompt_tokens": 167, "completion_tokens": 121, "total_tokens": 288, "token_count_source": "tokenizer", "diffusion_steps": null, "flops_estimate": null, "flops_arch": null, "flops_model_params": null, "flops_active_params": null, "tokens_non_final": 3, "tokens_reasoning": 0, "tokens_response": 3, "elapsed_seconds": 48.952810525894165, "judgement": "Way off"}
{"id": "units_000167", "topic": "units", "subtopic": "lb_oz", "prompt": "You buy 5.37 lb at $7.71 per lb. About how much is that total?", "exact_value": 41.4, "model": "Dream-org/Dream-v0-Instruct-7B", "provider": "transformers", "response": "assistant\nFinal answer: 11", "numeric_answer": 11.0, "relative_error": 0.7342995169082126, "thinking_text": null, "has_tool_call": false, "tool_call": null, "usage": {"prompt_tokens": 166, "completion_tokens": 122, "total_tokens": 288, "token_count_source": "tokenizer"}, "decoding": {"temperature": 0.2, "top_p": null, "top_k": null, "max_tokens": 120, "seed": 42}, "prompt_tokens": 166, "completion_tokens": 122, "total_tokens": 288, "token_count_source": "tokenizer", "diffusion_steps": null, "flops_estimate": null, "flops_arch": null, "flops_model_params": null, "flops_active_params": null, "tokens_non_final": 4, "tokens_reasoning": 0, "tokens_response": 4, "elapsed_seconds": 48.952810525894165, "judgement": "Way off"}
{"id": "units_000187", "topic": "units", "subtopic": "kg_g", "prompt": "An item costs $7.01 per kg. You take 300 g. About how much is that?", "exact_value": 2.1, "model": "Dream-org/Dream-v0-Instruct-7B", "provider": "transformers", "response": "Final answer: 0.01.", "numeric_answer": 0.01, "relative_error": 0.9952380952380954, "thinking_text": null, "has_tool_call": false, "tool_call": null, "usage": {"prompt_tokens": 167, "completion_tokens": 121, "total_tokens": 288, "token_count_source": "tokenizer"}, "decoding": {"temperature": 0.2, "top_p": null, "top_k": null, "max_tokens": 120, "seed": 42}, "prompt_tokens": 167, "completion_tokens": 121, "total_tokens": 288, "token_count_source": "tokenizer", "diffusion_steps": null, "flops_estimate": null, "flops_arch": null, "flops_model_params": null, "flops_active_params": null, "tokens_non_final": 3, "tokens_reasoning": 0, "tokens_response": 3, "elapsed_seconds": 48.952810525894165, "judgement": "Way off"}
{"id": "units_000207", "topic": "units", "subtopic": "kg_g", "prompt": "An item costs $19.14 per kg. You take 350 g. About how much is that?", "exact_value": 6.7, "model": "Dream-org/Dream-v0-Instruct-7B", "provider": "transformers", "response": "Final answer: 0.10", "numeric_answer": 0.1, "relative_error": 0.9850746268656717, "thinking_text": null, "has_tool_call": false, "tool_call": null, "usage": {"prompt_tokens": 168, "completion_tokens": 120, "total_tokens": 288, "token_count_source": "tokenizer"}, "decoding": {"temperature": 0.2, "top_p": null, "top_k": null, "max_tokens": 120, "seed": 42}, "prompt_tokens": 168, "completion_tokens": 120, "total_tokens": 288, "token_count_source": "tokenizer", "diffusion_steps": null, "flops_estimate": null, "flops_arch": null, "flops_model_params": null, "flops_active_params": null, "tokens_non_final": 3, "tokens_reasoning": 0, "tokens_response": 3, "elapsed_seconds": 48.92070651054382, "judgement": "Way off"}
{"id": "units_000227", "topic": "units", "subtopic": "lb_oz", "prompt": "You buy 4.2 lb at $8.05 per lb. About how much is that total?", "exact_value": 33.81, "model": "Dream-org/Dream-v0-Instruct-7B", "provider": "transformers", "response": "<|im_start|>assistant\nFinal answer: 8.2", "numeric_answer": 8.2, "relative_error": 0.7574682046731737, "thinking_text": null, "has_tool_call": false, "tool_call": null, "usage": {"prompt_tokens": 165, "completion_tokens": 123, "total_tokens": 288, "token_count_source": "tokenizer"}, "decoding": {"temperature": 0.2, "top_p": null, "top_k": null, "max_tokens": 120, "seed": 42}, "prompt_tokens": 165, "completion_tokens": 123, "total_tokens": 288, "token_count_source": "tokenizer", "diffusion_steps": null, "flops_estimate": null, "flops_arch": null, "flops_model_params": null, "flops_active_params": null, "tokens_non_final": 4, "tokens_reasoning": 0, "tokens_response": 4, "elapsed_seconds": 48.92070651054382, "judgement": "Way off"}
{"id": "units_000247", "topic": "units", "subtopic": "lb_oz", "prompt": "You buy 1.27 lb at $10.60 per lb. About how much is that total?", "exact_value": 13.46, "model": "Dream-org/Dream-v0-Instruct-7B", "provider": "transformers", "response": "Final answer: 1.18.", "numeric_answer": 1.18, "relative_error": 0.912332838038633, "thinking_text": null, "has_tool_call": false, "tool_call": null, "usage": {"prompt_tokens": 167, "completion_tokens": 121, "total_tokens": 288, "token_count_source": "tokenizer"}, "decoding": {"temperature": 0.2, "top_p": null, "top_k": null, "max_tokens": 120, "seed": 42}, "prompt_tokens": 167, "completion_tokens": 121, "total_tokens": 288, "token_count_source": "tokenizer", "diffusion_steps": null, "flops_estimate": null, "flops_arch": null, "flops_model_params": null, "flops_active_params": null, "tokens_non_final": 3, "tokens_reasoning": 0, "tokens_response": 3, "elapsed_seconds": 48.92070651054382, "judgement": "Way off"}
{"id": "units_000267", "topic": "units", "subtopic": "kg_g", "prompt": "An item costs $16.62 per kg. You take 250 g. About how much is that?", "exact_value": 4.16, "model": "Dream-org/Dream-v0-Instruct-7B", "provider": "transformers", "response": "Final answer: 1", "numeric_answer": 1.0, "relative_error": 0.7596153846153846, "thinking_text": null, "has_tool_call": false, "tool_call": null, "usage": {"prompt_tokens": 168, "completion_tokens": 120, "total_tokens": 288, "token_count_source": "tokenizer"}, "decoding": {"temperature": 0.2, "top_p": null, "top_k": null, "max_tokens": 120, "seed": 42}, "prompt_tokens": 168, "completion_tokens": 120, "total_tokens": 288, "token_count_source": "tokenizer", "diffusion_steps": null, "flops_estimate": null, "flops_arch": null, "flops_model_params": null, "flops_active_params": null, "tokens_non_final": 3, "tokens_reasoning": 0, "tokens_response": 3, "elapsed_seconds": 48.92070651054382, "judgement": "Way off"}
{"id": "units_000287", "topic": "units", "subtopic": "kg_g", "prompt": "An item costs $4.52 per kg. You take 750 g. About how much is that?", "exact_value": 3.39, "model": "Dream-org/Dream-v0-Instruct-7B", "provider": "transformers", "response": "Final answer: 0.1", "numeric_answer": 0.1, "relative_error": 0.9705014749262537, "thinking_text": null, "has_tool_call": false, "tool_call": null, "usage": {"prompt_tokens": 167, "completion_tokens": 120, "total_tokens": 287, "token_count_source": "tokenizer"}, "decoding": {"temperature": 0.2, "top_p": null, "top_k": null, "max_tokens": 120, "seed": 42}, "prompt_tokens": 167, "completion_tokens": 120, "total_tokens": 287, "token_count_source": "tokenizer", "diffusion_steps": null, "flops_estimate": null, "flops_arch": null, "flops_model_params": null, "flops_active_params": null, "tokens_non_final": 3, "tokens_reasoning": 0, "tokens_response": 3, "elapsed_seconds": 48.972116470336914, "judgement": "Way off"}
{"id": "units_000307", "topic": "units", "subtopic": "lb_oz", "prompt": "You buy 4.54 lb at $6.92 per lb. About how much is that total?", "exact_value": 31.42, "model": "Dream-org/Dream-v0-Instruct-7B", "provider": "transformers", "response": "Final answer: 2", "numeric_answer": 2.0, "relative_error": 0.936346276257161, "thinking_text": null, "has_tool_call": false, "tool_call": null, "usage": {"prompt_tokens": 166, "completion_tokens": 121, "total_tokens": 287, "token_count_source": "tokenizer"}, "decoding": {"temperature": 0.2, "top_p": null, "top_k": null, "max_tokens": 120, "seed": 42}, "prompt_tokens": 166, "completion_tokens": 121, "total_tokens": 287, "token_count_source": "tokenizer", "diffusion_steps": null, "flops_estimate": null, "flops_arch": null, "flops_model_params": null, "flops_active_params": null, "tokens_non_final": 3, "tokens_reasoning": 0, "tokens_response": 3, "elapsed_seconds": 48.972116470336914, "judgement": "Way off"}
{"id": "units_000327", "topic": "units", "subtopic": "lb_oz", "prompt": "You buy 3.49 lb at $9.52 per lb. About how much is that total?", "exact_value": 33.22, "model": "Dream-org/Dream-v0-Instruct-7B", "provider": "transformers", "response": "Final answer: 9.", "numeric_answer": 9.0, "relative_error": 0.7290788681517159, "thinking_text": null, "has_tool_call": false, "tool_call": null, "usage": {"prompt_tokens": 166, "completion_tokens": 121, "total_tokens": 287, "token_count_source": "tokenizer"}, "decoding": {"temperature": 0.2, "top_p": null, "top_k": null, "max_tokens": 120, "seed": 42}, "prompt_tokens": 166, "completion_tokens": 121, "total_tokens": 287, "token_count_source": "tokenizer", "diffusion_steps": null, "flops_estimate": null, "flops_arch": null, "flops_model_params": null, "flops_active_params": null, "tokens_non_final": 3, "tokens_reasoning": 0, "tokens_response": 3, "elapsed_seconds": 48.972116470336914, "judgement": "Way off"}
{"id": "units_000347", "topic": "units", "subtopic": "lb_oz", "prompt": "You buy 3.01 lb at $10.95 per lb. About how much is that total?", "exact_value": 32.96, "model": "Dream-org/Dream-v0-Instruct-7B", "provider": "transformers", "response": "Final answer: 1.", "numeric_answer": 1.0, "relative_error": 0.9696601941747572, "thinking_text": null, "has_tool_call": false, "tool_call": null, "usage": {"prompt_tokens": 167, "completion_tokens": 120, "total_tokens": 287, "token_count_source": "tokenizer"}, "decoding": {"temperature": 0.2, "top_p": null, "top_k": null, "max_tokens": 120, "seed": 42}, "prompt_tokens": 167, "completion_tokens": 120, "total_tokens": 287, "token_count_source": "tokenizer", "diffusion_steps": null, "flops_estimate": null, "flops_arch": null, "flops_model_params": null, "flops_active_params": null, "tokens_non_final": 3, "tokens_reasoning": 0, "tokens_response": 3, "elapsed_seconds": 48.972116470336914, "judgement": "Way off"}
{"id": "units_000367", "topic": "units", "subtopic": "lb_oz", "prompt": "You buy 3.8 lb at $7.49 per lb. About how much is that total?", "exact_value": 28.46, "model": "Dream-org/Dream-v0-Instruct-7B", "provider": "transformers", "response": "<|im_start|>assistant\nFinal answer: 10.0.", "numeric_answer": 10.0, "relative_error": 0.6486296556570625, "thinking_text": null, "has_tool_call": false, "tool_call": null, "usage": {"prompt_tokens": 165, "completion_tokens": 123, "total_tokens": 288, "token_count_source": "tokenizer"}, "decoding": {"temperature": 0.2, "top_p": null, "top_k": null, "max_tokens": 120, "seed": 42}, "prompt_tokens": 165, "completion_tokens": 123, "total_tokens": 288, "token_count_source": "tokenizer", "diffusion_steps": null, "flops_estimate": null, "flops_arch": null, "flops_model_params": null, "flops_active_params": null, "tokens_non_final": 4, "tokens_reasoning": 0, "tokens_response": 4, "elapsed_seconds": 48.935041189193726, "judgement": "Way off"}
{"id": "units_000387", "topic": "units", "subtopic": "lb_oz", "prompt": "You buy 4.21 lb at $6.38 per lb. About how much is that total?", "exact_value": 26.86, "model": "Dream-org/Dream-v0-Instruct-7B", "provider": "transformers", "response": "assistant\nFinal answer: 10.", "numeric_answer": 10.0, "relative_error": 0.6276991809381981, "thinking_text": null, "has_tool_call": false, "tool_call": null, "usage": {"prompt_tokens": 166, "completion_tokens": 122, "total_tokens": 288, "token_count_source": "tokenizer"}, "decoding": {"temperature": 0.2, "top_p": null, "top_k": null, "max_tokens": 120, "seed": 42}, "prompt_tokens": 166, "completion_tokens": 122, "total_tokens": 288, "token_count_source": "tokenizer", "diffusion_steps": null, "flops_estimate": null, "flops_arch": null, "flops_model_params": null, "flops_active_params": null, "tokens_non_final": 4, "tokens_reasoning": 0, "tokens_response": 4, "elapsed_seconds": 48.935041189193726, "judgement": "Way off"}
{"id": "units_000407", "topic": "units", "subtopic": "lb_oz", "prompt": "You buy 0.85 lb at $12.01 per lb. About how much is that total?", "exact_value": 10.21, "model": "Dream-org/Dream-v0-Instruct-7B", "provider": "transformers", "response": "Final answer: 11.", "numeric_answer": 11.0, "relative_error": 0.0773751224289911, "thinking_text": null, "has_tool_call": false, "tool_call": null, "usage": {"prompt_tokens": 167, "completion_tokens": 121, "total_tokens": 288, "token_count_source": "tokenizer"}, "decoding": {"temperature": 0.2, "top_p": null, "top_k": null, "max_tokens": 120, "seed": 42}, "prompt_tokens": 167, "completion_tokens": 121, "total_tokens": 288, "token_count_source": "tokenizer", "diffusion_steps": null, "flops_estimate": null, "flops_arch": null, "flops_model_params": null, "flops_active_params": null, "tokens_non_final": 3, "tokens_reasoning": 0, "tokens_response": 3, "elapsed_seconds": 48.935041189193726, "judgement": "Good approximation"}
{"id": "units_000427", "topic": "units", "subtopic": "kg_g", "prompt": "An item costs $11.43 per kg. You take 400 g. About how much is that?", "exact_value": 4.57, "model": "Dream-org/Dream-v0-Instruct-7B", "provider": "transformers", "response": "Final answer: 11.10.", "numeric_answer": 11.1, "relative_error": 1.4288840262582054, "thinking_text": null, "has_tool_call": false, "tool_call": null, "usage": {"prompt_tokens": 168, "completion_tokens": 120, "total_tokens": 288, "token_count_source": "tokenizer"}, "decoding": {"temperature": 0.2, "top_p": null, "top_k": null, "max_tokens": 120, "seed": 42}, "prompt_tokens": 168, "completion_tokens": 120, "total_tokens": 288, "token_count_source": "tokenizer", "diffusion_steps": null, "flops_estimate": null, "flops_arch": null, "flops_model_params": null, "flops_active_params": null, "tokens_non_final": 3, "tokens_reasoning": 0, "tokens_response": 3, "elapsed_seconds": 48.935041189193726, "judgement": "Way off"}
{"id": "units_000447", "topic": "units", "subtopic": "lb_oz", "prompt": "You buy 3.87 lb at $13.72 per lb. About how much is that total?", "exact_value": 53.1, "model": "Dream-org/Dream-v0-Instruct-7B", "provider": "transformers", "response": "Final answer:", "numeric_answer": null, "relative_error": null, "thinking_text": null, "has_tool_call": false, "tool_call": null, "usage": {"prompt_tokens": 167, "completion_tokens": 120, "total_tokens": 287, "token_count_source": "tokenizer"}, "decoding": {"temperature": 0.2, "top_p": null, "top_k": null, "max_tokens": 120, "seed": 42}, "prompt_tokens": 167, "completion_tokens": 120, "total_tokens": 287, "token_count_source": "tokenizer", "diffusion_steps": null, "flops_estimate": null, "flops_arch": null, "flops_model_params": null, "flops_active_params": null, "tokens_non_final": 2, "tokens_reasoning": 0, "tokens_response": 2, "elapsed_seconds": 48.987011671066284, "judgement": "Uncategorized"}
{"id": "units_000467", "topic": "units", "subtopic": "lb_oz", "prompt": "You buy 0.68 lb at $7.36 per lb. About how much is that total?", "exact_value": 5.0, "model": "Dream-org/Dream-v0-Instruct-7B", "provider": "transformers", "response": "Final answer: 10", "numeric_answer": 10.0, "relative_error": 1.0, "thinking_text": null, "has_tool_call": false, "tool_call": null, "usage": {"prompt_tokens": 166, "completion_tokens": 121, "total_tokens": 287, "token_count_source": "tokenizer"}, "decoding": {"temperature": 0.2, "top_p": null, "top_k": null, "max_tokens": 120, "seed": 42}, "prompt_tokens": 166, "completion_tokens": 121, "total_tokens": 287, "token_count_source": "tokenizer", "diffusion_steps": null, "flops_estimate": null, "flops_arch": null, "flops_model_params": null, "flops_active_params": null, "tokens_non_final": 3, "tokens_reasoning": 0, "tokens_response": 3, "elapsed_seconds": 48.987011671066284, "judgement": "Way off"}
{"id": "units_000487", "topic": "units", "subtopic": "lb_oz", "prompt": "You buy 4.95 lb at $8.57 per lb. About how much is that total?", "exact_value": 42.42, "model": "Dream-org/Dream-v0-Instruct-7B", "provider": "transformers", "response": "Final answer: 8.", "numeric_answer": 8.0, "relative_error": 0.8114097123998114, "thinking_text": null, "has_tool_call": false, "tool_call": null, "usage": {"prompt_tokens": 166, "completion_tokens": 121, "total_tokens": 287, "token_count_source": "tokenizer"}, "decoding": {"temperature": 0.2, "top_p": null, "top_k": null, "max_tokens": 120, "seed": 42}, "prompt_tokens": 166, "completion_tokens": 121, "total_tokens": 287, "token_count_source": "tokenizer", "diffusion_steps": null, "flops_estimate": null, "flops_arch": null, "flops_model_params": null, "flops_active_params": null, "tokens_non_final": 3, "tokens_reasoning": 0, "tokens_response": 3, "elapsed_seconds": 48.987011671066284, "judgement": "Way off"}
{"id": "units_000507", "topic": "units", "subtopic": "lb_oz", "prompt": "You buy 0.55 lb at $7.62 per lb. About how much is that total?", "exact_value": 4.19, "model": "Dream-org/Dream-v0-Instruct-7B", "provider": "transformers", "response": "Final answer: 1.", "numeric_answer": 1.0, "relative_error": 0.7613365155131265, "thinking_text": null, "has_tool_call": false, "tool_call": null, "usage": {"prompt_tokens": 166, "completion_tokens": 121, "total_tokens": 287, "token_count_source": "tokenizer"}, "decoding": {"temperature": 0.2, "top_p": null, "top_k": null, "max_tokens": 120, "seed": 42}, "prompt_tokens": 166, "completion_tokens": 121, "total_tokens": 287, "token_count_source": "tokenizer", "diffusion_steps": null, "flops_estimate": null, "flops_arch": null, "flops_model_params": null, "flops_active_params": null, "tokens_non_final": 3, "tokens_reasoning": 0, "tokens_response": 3, "elapsed_seconds": 48.987011671066284, "judgement": "Way off"}
{"id": "units_000527", "topic": "units", "subtopic": "kg_g", "prompt": "An item costs $6.70 per kg. You take 750 g. About how much is that?", "exact_value": 5.03, "model": "Dream-org/Dream-v0-Instruct-7B", "provider": "transformers", "response": "Final answer: 0.00.", "numeric_answer": 0.0, "relative_error": 1.0, "thinking_text": null, "has_tool_call": false, "tool_call": null, "usage": {"prompt_tokens": 167, "completion_tokens": 121, "total_tokens": 288, "token_count_source": "tokenizer"}, "decoding": {"temperature": 0.2, "top_p": null, "top_k": null, "max_tokens": 120, "seed": 42}, "prompt_tokens": 167, "completion_tokens": 121, "total_tokens": 288, "token_count_source": "tokenizer", "diffusion_steps": null, "flops_estimate": null, "flops_arch": null, "flops_model_params": null, "flops_active_params": null, "tokens_non_final": 3, "tokens_reasoning": 0, "tokens_response": 3, "elapsed_seconds": 48.96527338027954, "judgement": "Way off"}
{"id": "units_000547", "topic": "units", "subtopic": "kg_g", "prompt": "An item costs $7.37 per kg. You take 350 g. About how much is that?", "exact_value": 2.58, "model": "Dream-org/Dream-v0-Instruct-7B", "provider": "transformers", "response": "Final answer: 1", "numeric_answer": 1.0, "relative_error": 0.6124031007751938, "thinking_text": null, "has_tool_call": false, "tool_call": null, "usage": {"prompt_tokens": 167, "completion_tokens": 121, "total_tokens": 288, "token_count_source": "tokenizer"}, "decoding": {"temperature": 0.2, "top_p": null, "top_k": null, "max_tokens": 120, "seed": 42}, "prompt_tokens": 167, "completion_tokens": 121, "total_tokens": 288, "token_count_source": "tokenizer", "diffusion_steps": null, "flops_estimate": null, "flops_arch": null, "flops_model_params": null, "flops_active_params": null, "tokens_non_final": 3, "tokens_reasoning": 0, "tokens_response": 3, "elapsed_seconds": 48.96527338027954, "judgement": "Way off"}
{"id": "units_000567", "topic": "units", "subtopic": "kg_g", "prompt": "An item costs $10.70 per kg. You take 900 g. About how much is that?", "exact_value": 9.63, "model": "Dream-org/Dream-v0-Instruct-7B", "provider": "transformers", "response": "Final answer: $12.00.", "numeric_answer": 12.0, "relative_error": 0.24610591900311515, "thinking_text": null, "has_tool_call": false, "tool_call": null, "usage": {"prompt_tokens": 168, "completion_tokens": 120, "total_tokens": 288, "token_count_source": "tokenizer"}, "decoding": {"temperature": 0.2, "top_p": null, "top_k": null, "max_tokens": 120, "seed": 42}, "prompt_tokens": 168, "completion_tokens": 120, "total_tokens": 288, "token_count_source": "tokenizer", "diffusion_steps": null, "flops_estimate": null, "flops_arch": null, "flops_model_params": null, "flops_active_params": null, "tokens_non_final": 3, "tokens_reasoning": 0, "tokens_response": 3, "elapsed_seconds": 48.96527338027954, "judgement": "Mildly off"}
{"id": "units_000587", "topic": "units", "subtopic": "kg_g", "prompt": "An item costs $4.94 per kg. You take 350 g. About how much is that?", "exact_value": 1.73, "model": "Dream-org/Dream-v0-Instruct-7B", "provider": "transformers", "response": "Final answer: $0.05", "numeric_answer": 0.05, "relative_error": 0.9710982658959537, "thinking_text": null, "has_tool_call": false, "tool_call": null, "usage": {"prompt_tokens": 167, "completion_tokens": 121, "total_tokens": 288, "token_count_source": "tokenizer"}, "decoding": {"temperature": 0.2, "top_p": null, "top_k": null, "max_tokens": 120, "seed": 42}, "prompt_tokens": 167, "completion_tokens": 121, "total_tokens": 288, "token_count_source": "tokenizer", "diffusion_steps": null, "flops_estimate": null, "flops_arch": null, "flops_model_params": null, "flops_active_params": null, "tokens_non_final": 3, "tokens_reasoning": 0, "tokens_response": 3, "elapsed_seconds": 48.96527338027954, "judgement": "Way off"}
{"id": "units_000607", "topic": "units", "subtopic": "kg_g", "prompt": "An item costs $11.97 per kg. You take 400 g. About how much is that?", "exact_value": 4.79, "model": "Dream-org/Dream-v0-Instruct-7B", "provider": "transformers", "response": "Final answer: 0.03.", "numeric_answer": 0.03, "relative_error": 0.9937369519832985, "thinking_text": null, "has_tool_call": false, "tool_call": null, "usage": {"prompt_tokens": 168, "completion_tokens": 120, "total_tokens": 288, "token_count_source": "tokenizer"}, "decoding": {"temperature": 0.2, "top_p": null, "top_k": null, "max_tokens": 120, "seed": 42}, "prompt_tokens": 168, "completion_tokens": 120, "total_tokens": 288, "token_count_source": "tokenizer", "diffusion_steps": null, "flops_estimate": null, "flops_arch": null, "flops_model_params": null, "flops_active_params": null, "tokens_non_final": 3, "tokens_reasoning": 0, "tokens_response": 3, "elapsed_seconds": 49.14371848106384, "judgement": "Way off"}
{"id": "units_000627", "topic": "units", "subtopic": "lb_oz", "prompt": "You buy 2.13 lb at $11.95 per lb. About how much is that total?", "exact_value": 25.45, "model": "Dream-org/Dream-v0-Instruct-7B", "provider": "transformers", "response": "Final answer: 1.", "numeric_answer": 1.0, "relative_error": 0.9607072691552063, "thinking_text": null, "has_tool_call": false, "tool_call": null, "usage": {"prompt_tokens": 167, "completion_tokens": 121, "total_tokens": 288, "token_count_source": "tokenizer"}, "decoding": {"temperature": 0.2, "top_p": null, "top_k": null, "max_tokens": 120, "seed": 42}, "prompt_tokens": 167, "completion_tokens": 121, "total_tokens": 288, "token_count_source": "tokenizer", "diffusion_steps": null, "flops_estimate": null, "flops_arch": null, "flops_model_params": null, "flops_active_params": null, "tokens_non_final": 3, "tokens_reasoning": 0, "tokens_response": 3, "elapsed_seconds": 49.14371848106384, "judgement": "Way off"}
{"id": "units_000647", "topic": "units", "subtopic": "kg_g", "prompt": "An item costs $10.91 per kg. You take 900 g. About how much is that?", "exact_value": 9.82, "model": "Dream-org/Dream-v0-Instruct-7B", "provider": "transformers", "response": "Final answer: 10.", "numeric_answer": 10.0, "relative_error": 0.018329938900203638, "thinking_text": null, "has_tool_call": false, "tool_call": null, "usage": {"prompt_tokens": 168, "completion_tokens": 120, "total_tokens": 288, "token_count_source": "tokenizer"}, "decoding": {"temperature": 0.2, "top_p": null, "top_k": null, "max_tokens": 120, "seed": 42}, "prompt_tokens": 168, "completion_tokens": 120, "total_tokens": 288, "token_count_source": "tokenizer", "diffusion_steps": null, "flops_estimate": null, "flops_arch": null, "flops_model_params": null, "flops_active_params": null, "tokens_non_final": 3, "tokens_reasoning": 0, "tokens_response": 3, "elapsed_seconds": 49.14371848106384, "judgement": "Good approximation"}
{"id": "units_000667", "topic": "units", "subtopic": "kg_g", "prompt": "An item costs $13.39 per kg. You take 300 g. About how much is that?", "exact_value": 4.02, "model": "Dream-org/Dream-v0-Instruct-7B", "provider": "transformers", "response": "Final answer: $0.02.", "numeric_answer": 0.02, "relative_error": 0.9950248756218906, "thinking_text": null, "has_tool_call": false, "tool_call": null, "usage": {"prompt_tokens": 168, "completion_tokens": 120, "total_tokens": 288, "token_count_source": "tokenizer"}, "decoding": {"temperature": 0.2, "top_p": null, "top_k": null, "max_tokens": 120, "seed": 42}, "prompt_tokens": 168, "completion_tokens": 120, "total_tokens": 288, "token_count_source": "tokenizer", "diffusion_steps": null, "flops_estimate": null, "flops_arch": null, "flops_model_params": null, "flops_active_params": null, "tokens_non_final": 3, "tokens_reasoning": 0, "tokens_response": 3, "elapsed_seconds": 49.14371848106384, "judgement": "Way off"}
{"id": "units_000687", "topic": "units", "subtopic": "lb_oz", "prompt": "You buy 1.93 lb at $5.24 per lb. About how much is that total?", "exact_value": 10.11, "model": "Dream-org/Dream-v0-Instruct-7B", "provider": "transformers", "response": "Final answer:", "numeric_answer": null, "relative_error": null, "thinking_text": null, "has_tool_call": false, "tool_call": null, "usage": {"prompt_tokens": 166, "completion_tokens": 121, "total_tokens": 287, "token_count_source": "tokenizer"}, "decoding": {"temperature": 0.2, "top_p": null, "top_k": null, "max_tokens": 120, "seed": 42}, "prompt_tokens": 166, "completion_tokens": 121, "total_tokens": 287, "token_count_source": "tokenizer", "diffusion_steps": null, "flops_estimate": null, "flops_arch": null, "flops_model_params": null, "flops_active_params": null, "tokens_non_final": 2, "tokens_reasoning": 0, "tokens_response": 2, "elapsed_seconds": 49.38804841041565, "judgement": "Uncategorized"}
{"id": "units_000707", "topic": "units", "subtopic": "kg_g", "prompt": "An item costs $7.61 per kg. You take 400 g. About how much is that?", "exact_value": 3.04, "model": "Dream-org/Dream-v0-Instruct-7B", "provider": "transformers", "response": "Final answer: 0.01", "numeric_answer": 0.01, "relative_error": 0.9967105263157895, "thinking_text": null, "has_tool_call": false, "tool_call": null, "usage": {"prompt_tokens": 167, "completion_tokens": 120, "total_tokens": 287, "token_count_source": "tokenizer"}, "decoding": {"temperature": 0.2, "top_p": null, "top_k": null, "max_tokens": 120, "seed": 42}, "prompt_tokens": 167, "completion_tokens": 120, "total_tokens": 287, "token_count_source": "tokenizer", "diffusion_steps": null, "flops_estimate": null, "flops_arch": null, "flops_model_params": null, "flops_active_params": null, "tokens_non_final": 3, "tokens_reasoning": 0, "tokens_response": 3, "elapsed_seconds": 49.38804841041565, "judgement": "Way off"}
{"id": "units_000727", "topic": "units", "subtopic": "lb_oz", "prompt": "You buy 3.59 lb at $10.93 per lb. About how much is that total?", "exact_value": 39.24, "model": "Dream-org/Dream-v0-Instruct-7B", "provider": "transformers", "response": "Final answer: 10.", "numeric_answer": 10.0, "relative_error": 0.745158002038736, "thinking_text": null, "has_tool_call": false, "tool_call": null, "usage": {"prompt_tokens": 167, "completion_tokens": 120, "total_tokens": 287, "token_count_source": "tokenizer"}, "decoding": {"temperature": 0.2, "top_p": null, "top_k": null, "max_tokens": 120, "seed": 42}, "prompt_tokens": 167, "completion_tokens": 120, "total_tokens": 287, "token_count_source": "tokenizer", "diffusion_steps": null, "flops_estimate": null, "flops_arch": null, "flops_model_params": null, "flops_active_params": null, "tokens_non_final": 3, "tokens_reasoning": 0, "tokens_response": 3, "elapsed_seconds": 49.38804841041565, "judgement": "Way off"}
{"id": "units_000747", "topic": "units", "subtopic": "lb_oz", "prompt": "You buy 2.72 lb at $3.64 per lb. About how much is that total?", "exact_value": 9.9, "model": "Dream-org/Dream-v0-Instruct-7B", "provider": "transformers", "response": "Final answer: 3", "numeric_answer": 3.0, "relative_error": 0.696969696969697, "thinking_text": null, "has_tool_call": false, "tool_call": null, "usage": {"prompt_tokens": 166, "completion_tokens": 121, "total_tokens": 287, "token_count_source": "tokenizer"}, "decoding": {"temperature": 0.2, "top_p": null, "top_k": null, "max_tokens": 120, "seed": 42}, "prompt_tokens": 166, "completion_tokens": 121, "total_tokens": 287, "token_count_source": "tokenizer", "diffusion_steps": null, "flops_estimate": null, "flops_arch": null, "flops_model_params": null, "flops_active_params": null, "tokens_non_final": 3, "tokens_reasoning": 0, "tokens_response": 3, "elapsed_seconds": 49.38804841041565, "judgement": "Way off"}
{"id": "units_000767", "topic": "units", "subtopic": "kg_g", "prompt": "An item costs $11.67 per kg. You take 900 g. About how much is that?", "exact_value": 10.5, "model": "Dream-org/Dream-v0-Instruct-7B", "provider": "transformers", "response": "Final answer: 0.02", "numeric_answer": 0.02, "relative_error": 0.9980952380952381, "thinking_text": null, "has_tool_call": false, "tool_call": null, "usage": {"prompt_tokens": 168, "completion_tokens": 120, "total_tokens": 288, "token_count_source": "tokenizer"}, "decoding": {"temperature": 0.2, "top_p": null, "top_k": null, "max_tokens": 120, "seed": 42}, "prompt_tokens": 168, "completion_tokens": 120, "total_tokens": 288, "token_count_source": "tokenizer", "diffusion_steps": null, "flops_estimate": null, "flops_arch": null, "flops_model_params": null, "flops_active_params": null, "tokens_non_final": 3, "tokens_reasoning": 0, "tokens_response": 3, "elapsed_seconds": 49.32478594779968, "judgement": "Way off"}
{"id": "units_000787", "topic": "units", "subtopic": "kg_g", "prompt": "An item costs $10.33 per kg. You take 400 g. About how much is that?", "exact_value": 4.13, "model": "Dream-org/Dream-v0-Instruct-7B", "provider": "transformers", "response": "Final answer: $0.01.", "numeric_answer": 0.01, "relative_error": 0.9975786924939468, "thinking_text": null, "has_tool_call": false, "tool_call": null, "usage": {"prompt_tokens": 168, "completion_tokens": 120, "total_tokens": 288, "token_count_source": "tokenizer"}, "decoding": {"temperature": 0.2, "top_p": null, "top_k": null, "max_tokens": 120, "seed": 42}, "prompt_tokens": 168, "completion_tokens": 120, "total_tokens": 288, "token_count_source": "tokenizer", "diffusion_steps": null, "flops_estimate": null, "flops_arch": null, "flops_model_params": null, "flops_active_params": null, "tokens_non_final": 3, "tokens_reasoning": 0, "tokens_response": 3, "elapsed_seconds": 49.32478594779968, "judgement": "Way off"}
{"id": "units_000807", "topic": "units", "subtopic": "kg_g", "prompt": "An item costs $17.42 per kg. You take 400 g. About how much is that?", "exact_value": 6.97, "model": "Dream-org/Dream-v0-Instruct-7B", "provider": "transformers", "response": "Final answer: 0.12", "numeric_answer": 0.12, "relative_error": 0.9827833572453372, "thinking_text": null, "has_tool_call": false, "tool_call": null, "usage": {"prompt_tokens": 168, "completion_tokens": 120, "total_tokens": 288, "token_count_source": "tokenizer"}, "decoding": {"temperature": 0.2, "top_p": null, "top_k": null, "max_tokens": 120, "seed": 42}, "prompt_tokens": 168, "completion_tokens": 120, "total_tokens": 288, "token_count_source": "tokenizer", "diffusion_steps": null, "flops_estimate": null, "flops_arch": null, "flops_model_params": null, "flops_active_params": null, "tokens_non_final": 3, "tokens_reasoning": 0, "tokens_response": 3, "elapsed_seconds": 49.32478594779968, "judgement": "Way off"}
{"id": "units_000827", "topic": "units", "subtopic": "lb_oz", "prompt": "You buy 3.71 lb at $14.59 per lb. About how much is that total?", "exact_value": 54.13, "model": "Dream-org/Dream-v0-Instruct-7B", "provider": "transformers", "response": "Final answer: 100.", "numeric_answer": 100.0, "relative_error": 0.8474043968224644, "thinking_text": null, "has_tool_call": false, "tool_call": null, "usage": {"prompt_tokens": 167, "completion_tokens": 121, "total_tokens": 288, "token_count_source": "tokenizer"}, "decoding": {"temperature": 0.2, "top_p": null, "top_k": null, "max_tokens": 120, "seed": 42}, "prompt_tokens": 167, "completion_tokens": 121, "total_tokens": 288, "token_count_source": "tokenizer", "diffusion_steps": null, "flops_estimate": null, "flops_arch": null, "flops_model_params": null, "flops_active_params": null, "tokens_non_final": 3, "tokens_reasoning": 0, "tokens_response": 3, "elapsed_seconds": 49.32478594779968, "judgement": "Way off"}
{"id": "units_000847", "topic": "units", "subtopic": "kg_g", "prompt": "An item costs $16.02 per kg. You take 300 g. About how much is that?", "exact_value": 4.81, "model": "Dream-org/Dream-v0-Instruct-7B", "provider": "transformers", "response": "Final answer: $1.", "numeric_answer": 1.0, "relative_error": 0.7920997920997921, "thinking_text": null, "has_tool_call": false, "tool_call": null, "usage": {"prompt_tokens": 168, "completion_tokens": 120, "total_tokens": 288, "token_count_source": "tokenizer"}, "decoding": {"temperature": 0.2, "top_p": null, "top_k": null, "max_tokens": 120, "seed": 42}, "prompt_tokens": 168, "completion_tokens": 120, "total_tokens": 288, "token_count_source": "tokenizer", "diffusion_steps": null, "flops_estimate": null, "flops_arch": null, "flops_model_params": null, "flops_active_params": null, "tokens_non_final": 3, "tokens_reasoning": 0, "tokens_response": 3, "elapsed_seconds": 49.3477942943573, "judgement": "Way off"}
{"id": "units_000867", "topic": "units", "subtopic": "kg_g", "prompt": "An item costs $19.16 per kg. You take 750 g. About how much is that?", "exact_value": 14.37, "model": "Dream-org/Dream-v0-Instruct-7B", "provider": "transformers", "response": "Final answer: $1.0", "numeric_answer": 1.0, "relative_error": 0.930410577592206, "thinking_text": null, "has_tool_call": false, "tool_call": null, "usage": {"prompt_tokens": 168, "completion_tokens": 120, "total_tokens": 288, "token_count_source": "tokenizer"}, "decoding": {"temperature": 0.2, "top_p": null, "top_k": null, "max_tokens": 120, "seed": 42}, "prompt_tokens": 168, "completion_tokens": 120, "total_tokens": 288, "token_count_source": "tokenizer", "diffusion_steps": null, "flops_estimate": null, "flops_arch": null, "flops_model_params": null, "flops_active_params": null, "tokens_non_final": 3, "tokens_reasoning": 0, "tokens_response": 3, "elapsed_seconds": 49.3477942943573, "judgement": "Way off"}
{"id": "units_000887", "topic": "units", "subtopic": "kg_g", "prompt": "An item costs $4.82 per kg. You take 750 g. About how much is that?", "exact_value": 3.62, "model": "Dream-org/Dream-v0-Instruct-7B", "provider": "transformers", "response": "Final answer:  0.05.", "numeric_answer": 0.05, "relative_error": 0.9861878453038675, "thinking_text": null, "has_tool_call": false, "tool_call": null, "usage": {"prompt_tokens": 167, "completion_tokens": 121, "total_tokens": 288, "token_count_source": "tokenizer"}, "decoding": {"temperature": 0.2, "top_p": null, "top_k": null, "max_tokens": 120, "seed": 42}, "prompt_tokens": 167, "completion_tokens": 121, "total_tokens": 288, "token_count_source": "tokenizer", "diffusion_steps": null, "flops_estimate": null, "flops_arch": null, "flops_model_params": null, "flops_active_params": null, "tokens_non_final": 3, "tokens_reasoning": 0, "tokens_response": 3, "elapsed_seconds": 49.3477942943573, "judgement": "Way off"}
{"id": "units_000907", "topic": "units", "subtopic": "lb_oz", "prompt": "You buy 1.03 lb at $7.95 per lb. About how much is that total?", "exact_value": 8.19, "model": "Dream-org/Dream-v0-Instruct-7B", "provider": "transformers", "response": "assistant\nFinal answer: 10.", "numeric_answer": 10.0, "relative_error": 0.22100122100122108, "thinking_text": null, "has_tool_call": false, "tool_call": null, "usage": {"prompt_tokens": 166, "completion_tokens": 122, "total_tokens": 288, "token_count_source": "tokenizer"}, "decoding": {"temperature": 0.2, "top_p": null, "top_k": null, "max_tokens": 120, "seed": 42}, "prompt_tokens": 166, "completion_tokens": 122, "total_tokens": 288, "token_count_source": "tokenizer", "diffusion_steps": null, "flops_estimate": null, "flops_arch": null, "flops_model_params": null, "flops_active_params": null, "tokens_non_final": 4, "tokens_reasoning": 0, "tokens_response": 4, "elapsed_seconds": 49.3477942943573, "judgement": "Mildly off"}
{"id": "units_000927", "topic": "units", "subtopic": "lb_oz", "prompt": "You buy 4.57 lb at $4.76 per lb. About how much is that total?", "exact_value": 21.75, "model": "Dream-org/Dream-v0-Instruct-7B", "provider": "transformers", "response": "assistant\nFinal answer: 10.", "numeric_answer": 10.0, "relative_error": 0.5402298850574713, "thinking_text": null, "has_tool_call": false, "tool_call": null, "usage": {"prompt_tokens": 166, "completion_tokens": 122, "total_tokens": 288, "token_count_source": "tokenizer"}, "decoding": {"temperature": 0.2, "top_p": null, "top_k": null, "max_tokens": 120, "seed": 42}, "prompt_tokens": 166, "completion_tokens": 122, "total_tokens": 288, "token_count_source": "tokenizer", "diffusion_steps": null, "flops_estimate": null, "flops_arch": null, "flops_model_params": null, "flops_active_params": null, "tokens_non_final": 4, "tokens_reasoning": 0, "tokens_response": 4, "elapsed_seconds": 49.35267758369446, "judgement": "Mildly off"}
{"id": "units_000947", "topic": "units", "subtopic": "lb_oz", "prompt": "You buy 1.79 lb at $7.65 per lb. About how much is that total?", "exact_value": 13.69, "model": "Dream-org/Dream-v0-Instruct-7B", "provider": "transformers", "response": "assistant\nFinal answer: 1", "numeric_answer": 1.0, "relative_error": 0.926953981008035, "thinking_text": null, "has_tool_call": false, "tool_call": null, "usage": {"prompt_tokens": 166, "completion_tokens": 122, "total_tokens": 288, "token_count_source": "tokenizer"}, "decoding": {"temperature": 0.2, "top_p": null, "top_k": null, "max_tokens": 120, "seed": 42}, "prompt_tokens": 166, "completion_tokens": 122, "total_tokens": 288, "token_count_source": "tokenizer", "diffusion_steps": null, "flops_estimate": null, "flops_arch": null, "flops_model_params": null, "flops_active_params": null, "tokens_non_final": 4, "tokens_reasoning": 0, "tokens_response": 4, "elapsed_seconds": 49.35267758369446, "judgement": "Way off"}
{"id": "units_000967", "topic": "units", "subtopic": "lb_oz", "prompt": "You buy 2.01 lb at $13.92 per lb. About how much is that total?", "exact_value": 27.98, "model": "Dream-org/Dream-v0-Instruct-7B", "provider": "transformers", "response": "Final answer: 1.", "numeric_answer": 1.0, "relative_error": 0.9642601858470335, "thinking_text": null, "has_tool_call": false, "tool_call": null, "usage": {"prompt_tokens": 167, "completion_tokens": 121, "total_tokens": 288, "token_count_source": "tokenizer"}, "decoding": {"temperature": 0.2, "top_p": null, "top_k": null, "max_tokens": 120, "seed": 42}, "prompt_tokens": 167, "completion_tokens": 121, "total_tokens": 288, "token_count_source": "tokenizer", "diffusion_steps": null, "flops_estimate": null, "flops_arch": null, "flops_model_params": null, "flops_active_params": null, "tokens_non_final": 3, "tokens_reasoning": 0, "tokens_response": 3, "elapsed_seconds": 49.35267758369446, "judgement": "Way off"}
{"id": "units_000987", "topic": "units", "subtopic": "kg_g", "prompt": "An item costs $17.96 per kg. You take 500 g. About how much is that?", "exact_value": 8.98, "model": "Dream-org/Dream-v0-Instruct-7B", "provider": "transformers", "response": "Final answer: 0.00", "numeric_answer": 0.0, "relative_error": 1.0, "thinking_text": null, "has_tool_call": false, "tool_call": null, "usage": {"prompt_tokens": 168, "completion_tokens": 120, "total_tokens": 288, "token_count_source": "tokenizer"}, "decoding": {"temperature": 0.2, "top_p": null, "top_k": null, "max_tokens": 120, "seed": 42}, "prompt_tokens": 168, "completion_tokens": 120, "total_tokens": 288, "token_count_source": "tokenizer", "diffusion_steps": null, "flops_estimate": null, "flops_arch": null, "flops_model_params": null, "flops_active_params": null, "tokens_non_final": 3, "tokens_reasoning": 0, "tokens_response": 3, "elapsed_seconds": 49.35267758369446, "judgement": "Way off"}
{"id": "units_001007", "topic": "units", "subtopic": "lb_oz", "prompt": "You buy 3.75 lb at $12.94 per lb. About how much is that total?", "exact_value": 48.53, "model": "Dream-org/Dream-v0-Instruct-7B", "provider": "transformers", "response": "Final answer: 13.3.", "numeric_answer": 13.3, "relative_error": 0.7259427158458686, "thinking_text": null, "has_tool_call": false, "tool_call": null, "usage": {"prompt_tokens": 167, "completion_tokens": 121, "total_tokens": 288, "token_count_source": "tokenizer"}, "decoding": {"temperature": 0.2, "top_p": null, "top_k": null, "max_tokens": 120, "seed": 42}, "prompt_tokens": 167, "completion_tokens": 121, "total_tokens": 288, "token_count_source": "tokenizer", "diffusion_steps": null, "flops_estimate": null, "flops_arch": null, "flops_model_params": null, "flops_active_params": null, "tokens_non_final": 3, "tokens_reasoning": 0, "tokens_response": 3, "elapsed_seconds": 49.19352054595947, "judgement": "Way off"}
{"id": "units_001027", "topic": "units", "subtopic": "kg_g", "prompt": "An item costs $17.61 per kg. You take 900 g. About how much is that?", "exact_value": 15.85, "model": "Dream-org/Dream-v0-Instruct-7B", "provider": "transformers", "response": "Final answer: 0.00.", "numeric_answer": 0.0, "relative_error": 1.0, "thinking_text": null, "has_tool_call": false, "tool_call": null, "usage": {"prompt_tokens": 168, "completion_tokens": 120, "total_tokens": 288, "token_count_source": "tokenizer"}, "decoding": {"temperature": 0.2, "top_p": null, "top_k": null, "max_tokens": 120, "seed": 42}, "prompt_tokens": 168, "completion_tokens": 120, "total_tokens": 288, "token_count_source": "tokenizer", "diffusion_steps": null, "flops_estimate": null, "flops_arch": null, "flops_model_params": null, "flops_active_params": null, "tokens_non_final": 3, "tokens_reasoning": 0, "tokens_response": 3, "elapsed_seconds": 49.19352054595947, "judgement": "Way off"}
{"id": "units_001047", "topic": "units", "subtopic": "kg_g", "prompt": "An item costs $4.66 per kg. You take 750 g. About how much is that?", "exact_value": 3.5, "model": "Dream-org/Dream-v0-Instruct-7B", "provider": "transformers", "response": "Final answer: 2", "numeric_answer": 2.0, "relative_error": 0.42857142857142855, "thinking_text": null, "has_tool_call": false, "tool_call": null, "usage": {"prompt_tokens": 167, "completion_tokens": 121, "total_tokens": 288, "token_count_source": "tokenizer"}, "decoding": {"temperature": 0.2, "top_p": null, "top_k": null, "max_tokens": 120, "seed": 42}, "prompt_tokens": 167, "completion_tokens": 121, "total_tokens": 288, "token_count_source": "tokenizer", "diffusion_steps": null, "flops_estimate": null, "flops_arch": null, "flops_model_params": null, "flops_active_params": null, "tokens_non_final": 3, "tokens_reasoning": 0, "tokens_response": 3, "elapsed_seconds": 49.19352054595947, "judgement": "Mildly off"}
{"id": "units_001067", "topic": "units", "subtopic": "lb_oz", "prompt": "You buy 5.21 lb at $3.37 per lb. About how much is that total?", "exact_value": 17.56, "model": "Dream-org/Dream-v0-Instruct-7B", "provider": "transformers", "response": "assistant\nFinal answer: 7.", "numeric_answer": 7.0, "relative_error": 0.6013667425968109, "thinking_text": null, "has_tool_call": false, "tool_call": null, "usage": {"prompt_tokens": 166, "completion_tokens": 122, "total_tokens": 288, "token_count_source": "tokenizer"}, "decoding": {"temperature": 0.2, "top_p": null, "top_k": null, "max_tokens": 120, "seed": 42}, "prompt_tokens": 166, "completion_tokens": 122, "total_tokens": 288, "token_count_source": "tokenizer", "diffusion_steps": null, "flops_estimate": null, "flops_arch": null, "flops_model_params": null, "flops_active_params": null, "tokens_non_final": 4, "tokens_reasoning": 0, "tokens_response": 4, "elapsed_seconds": 49.19352054595947, "judgement": "Way off"}
{"id": "units_001087", "topic": "units", "subtopic": "kg_g", "prompt": "An item costs $7.42 per kg. You take 400 g. About how much is that?", "exact_value": 2.97, "model": "Dream-org/Dream-v0-Instruct-7B", "provider": "transformers", "response": "Final answer: 10.", "numeric_answer": 10.0, "relative_error": 2.3670033670033668, "thinking_text": null, "has_tool_call": false, "tool_call": null, "usage": {"prompt_tokens": 167, "completion_tokens": 121, "total_tokens": 288, "token_count_source": "tokenizer"}, "decoding": {"temperature": 0.2, "top_p": null, "top_k": null, "max_tokens": 120, "seed": 42}, "prompt_tokens": 167, "completion_tokens": 121, "total_tokens": 288, "token_count_source": "tokenizer", "diffusion_steps": null, "flops_estimate": null, "flops_arch": null, "flops_model_params": null, "flops_active_params": null, "tokens_non_final": 3, "tokens_reasoning": 0, "tokens_response": 3, "elapsed_seconds": 48.97441816329956, "judgement": "Way off"}
{"id": "units_001107", "topic": "units", "subtopic": "kg_g", "prompt": "An item costs $19.86 per kg. You take 400 g. About how much is that?", "exact_value": 7.94, "model": "Dream-org/Dream-v0-Instruct-7B", "provider": "transformers", "response": "Final answer: 0.00", "numeric_answer": 0.0, "relative_error": 1.0, "thinking_text": null, "has_tool_call": false, "tool_call": null, "usage": {"prompt_tokens": 168, "completion_tokens": 120, "total_tokens": 288, "token_count_source": "tokenizer"}, "decoding": {"temperature": 0.2, "top_p": null, "top_k": null, "max_tokens": 120, "seed": 42}, "prompt_tokens": 168, "completion_tokens": 120, "total_tokens": 288, "token_count_source": "tokenizer", "diffusion_steps": null, "flops_estimate": null, "flops_arch": null, "flops_model_params": null, "flops_active_params": null, "tokens_non_final": 3, "tokens_reasoning": 0, "tokens_response": 3, "elapsed_seconds": 48.97441816329956, "judgement": "Way off"}
{"id": "units_001127", "topic": "units", "subtopic": "kg_g", "prompt": "An item costs $5.63 per kg. You take 400 g. About how much is that?", "exact_value": 2.25, "model": "Dream-org/Dream-v0-Instruct-7B", "provider": "transformers", "response": "Final answer: 0.02", "numeric_answer": 0.02, "relative_error": 0.991111111111111, "thinking_text": null, "has_tool_call": false, "tool_call": null, "usage": {"prompt_tokens": 167, "completion_tokens": 121, "total_tokens": 288, "token_count_source": "tokenizer"}, "decoding": {"temperature": 0.2, "top_p": null, "top_k": null, "max_tokens": 120, "seed": 42}, "prompt_tokens": 167, "completion_tokens": 121, "total_tokens": 288, "token_count_source": "tokenizer", "diffusion_steps": null, "flops_estimate": null, "flops_arch": null, "flops_model_params": null, "flops_active_params": null, "tokens_non_final": 3, "tokens_reasoning": 0, "tokens_response": 3, "elapsed_seconds": 48.97441816329956, "judgement": "Way off"}
{"id": "units_001147", "topic": "units", "subtopic": "lb_oz", "prompt": "You buy 0.86 lb at $7.70 per lb. About how much is that total?", "exact_value": 6.62, "model": "Dream-org/Dream-v0-Instruct-7B", "provider": "transformers", "response": "assistant\nFinal answer: 10", "numeric_answer": 10.0, "relative_error": 0.5105740181268882, "thinking_text": null, "has_tool_call": false, "tool_call": null, "usage": {"prompt_tokens": 166, "completion_tokens": 122, "total_tokens": 288, "token_count_source": "tokenizer"}, "decoding": {"temperature": 0.2, "top_p": null, "top_k": null, "max_tokens": 120, "seed": 42}, "prompt_tokens": 166, "completion_tokens": 122, "total_tokens": 288, "token_count_source": "tokenizer", "diffusion_steps": null, "flops_estimate": null, "flops_arch": null, "flops_model_params": null, "flops_active_params": null, "tokens_non_final": 4, "tokens_reasoning": 0, "tokens_response": 4, "elapsed_seconds": 48.97441816329956, "judgement": "Mildly off"}
{"id": "units_001167", "topic": "units", "subtopic": "kg_g", "prompt": "An item costs $5.90 per kg. You take 400 g. About how much is that?", "exact_value": 2.36, "model": "Dream-org/Dream-v0-Instruct-7B", "provider": "transformers", "response": "Final answer: 0.00", "numeric_answer": 0.0, "relative_error": 1.0, "thinking_text": null, "has_tool_call": false, "tool_call": null, "usage": {"prompt_tokens": 167, "completion_tokens": 120, "total_tokens": 287, "token_count_source": "tokenizer"}, "decoding": {"temperature": 0.2, "top_p": null, "top_k": null, "max_tokens": 120, "seed": 42}, "prompt_tokens": 167, "completion_tokens": 120, "total_tokens": 287, "token_count_source": "tokenizer", "diffusion_steps": null, "flops_estimate": null, "flops_arch": null, "flops_model_params": null, "flops_active_params": null, "tokens_non_final": 3, "tokens_reasoning": 0, "tokens_response": 3, "elapsed_seconds": 48.97597122192383, "judgement": "Way off"}
{"id": "units_001187", "topic": "units", "subtopic": "lb_oz", "prompt": "You buy 3.21 lb at $10.48 per lb. About how much is that total?", "exact_value": 33.64, "model": "Dream-org/Dream-v0-Instruct-7B", "provider": "transformers", "response": "Final answer: 7", "numeric_answer": 7.0, "relative_error": 0.7919143876337693, "thinking_text": null, "has_tool_call": false, "tool_call": null, "usage": {"prompt_tokens": 167, "completion_tokens": 120, "total_tokens": 287, "token_count_source": "tokenizer"}, "decoding": {"temperature": 0.2, "top_p": null, "top_k": null, "max_tokens": 120, "seed": 42}, "prompt_tokens": 167, "completion_tokens": 120, "total_tokens": 287, "token_count_source": "tokenizer", "diffusion_steps": null, "flops_estimate": null, "flops_arch": null, "flops_model_params": null, "flops_active_params": null, "tokens_non_final": 3, "tokens_reasoning": 0, "tokens_response": 3, "elapsed_seconds": 48.97597122192383, "judgement": "Way off"}
{"id": "units_001207", "topic": "units", "subtopic": "lb_oz", "prompt": "You buy 1.97 lb at $9.55 per lb. About how much is that total?", "exact_value": 18.81, "model": "Dream-org/Dream-v0-Instruct-7B", "provider": "transformers", "response": "Final answer: 2", "numeric_answer": 2.0, "relative_error": 0.8936735778841042, "thinking_text": null, "has_tool_call": false, "tool_call": null, "usage": {"prompt_tokens": 166, "completion_tokens": 121, "total_tokens": 287, "token_count_source": "tokenizer"}, "decoding": {"temperature": 0.2, "top_p": null, "top_k": null, "max_tokens": 120, "seed": 42}, "prompt_tokens": 166, "completion_tokens": 121, "total_tokens": 287, "token_count_source": "tokenizer", "diffusion_steps": null, "flops_estimate": null, "flops_arch": null, "flops_model_params": null, "flops_active_params": null, "tokens_non_final": 3, "tokens_reasoning": 0, "tokens_response": 3, "elapsed_seconds": 48.97597122192383, "judgement": "Way off"}
{"id": "units_001227", "topic": "units", "subtopic": "lb_oz", "prompt": "You buy 5.24 lb at $7.66 per lb. About how much is that total?", "exact_value": 40.14, "model": "Dream-org/Dream-v0-Instruct-7B", "provider": "transformers", "response": "Final answer: 6.", "numeric_answer": 6.0, "relative_error": 0.8505231689088192, "thinking_text": null, "has_tool_call": false, "tool_call": null, "usage": {"prompt_tokens": 166, "completion_tokens": 121, "total_tokens": 287, "token_count_source": "tokenizer"}, "decoding": {"temperature": 0.2, "top_p": null, "top_k": null, "max_tokens": 120, "seed": 42}, "prompt_tokens": 166, "completion_tokens": 121, "total_tokens": 287, "token_count_source": "tokenizer", "diffusion_steps": null, "flops_estimate": null, "flops_arch": null, "flops_model_params": null, "flops_active_params": null, "tokens_non_final": 3, "tokens_reasoning": 0, "tokens_response": 3, "elapsed_seconds": 48.97597122192383, "judgement": "Way off"}
{"id": "units_001247", "topic": "units", "subtopic": "kg_g", "prompt": "An item costs $5.89 per kg. You take 750 g. About how much is that?", "exact_value": 4.42, "model": "Dream-org/Dream-v0-Instruct-7B", "provider": "transformers", "response": "Final answer: 1", "numeric_answer": 1.0, "relative_error": 0.7737556561085973, "thinking_text": null, "has_tool_call": false, "tool_call": null, "usage": {"prompt_tokens": 167, "completion_tokens": 121, "total_tokens": 288, "token_count_source": "tokenizer"}, "decoding": {"temperature": 0.2, "top_p": null, "top_k": null, "max_tokens": 120, "seed": 42}, "prompt_tokens": 167, "completion_tokens": 121, "total_tokens": 288, "token_count_source": "tokenizer", "diffusion_steps": null, "flops_estimate": null, "flops_arch": null, "flops_model_params": null, "flops_active_params": null, "tokens_non_final": 3, "tokens_reasoning": 0, "tokens_response": 3, "elapsed_seconds": 48.89753174781799, "judgement": "Way off"}
{"id": "units_001267", "topic": "units", "subtopic": "kg_g", "prompt": "An item costs $17.87 per kg. You take 250 g. About how much is that?", "exact_value": 4.47, "model": "Dream-org/Dream-v0-Instruct-7B", "provider": "transformers", "response": "Final answer: 0.01", "numeric_answer": 0.01, "relative_error": 0.9977628635346757, "thinking_text": null, "has_tool_call": false, "tool_call": null, "usage": {"prompt_tokens": 168, "completion_tokens": 120, "total_tokens": 288, "token_count_source": "tokenizer"}, "decoding": {"temperature": 0.2, "top_p": null, "top_k": null, "max_tokens": 120, "seed": 42}, "prompt_tokens": 168, "completion_tokens": 120, "total_tokens": 288, "token_count_source": "tokenizer", "diffusion_steps": null, "flops_estimate": null, "flops_arch": null, "flops_model_params": null, "flops_active_params": null, "tokens_non_final": 3, "tokens_reasoning": 0, "tokens_response": 3, "elapsed_seconds": 48.89753174781799, "judgement": "Way off"}
{"id": "units_001287", "topic": "units", "subtopic": "kg_g", "prompt": "An item costs $6.27 per kg. You take 350 g. About how much is that?", "exact_value": 2.19, "model": "Dream-org/Dream-v0-Instruct-7B", "provider": "transformers", "response": "Final answer: 0.06.", "numeric_answer": 0.06, "relative_error": 0.9726027397260274, "thinking_text": null, "has_tool_call": false, "tool_call": null, "usage": {"prompt_tokens": 167, "completion_tokens": 121, "total_tokens": 288, "token_count_source": "tokenizer"}, "decoding": {"temperature": 0.2, "top_p": null, "top_k": null, "max_tokens": 120, "seed": 42}, "prompt_tokens": 167, "completion_tokens": 121, "total_tokens": 288, "token_count_source": "tokenizer", "diffusion_steps": null, "flops_estimate": null, "flops_arch": null, "flops_model_params": null, "flops_active_params": null, "tokens_non_final": 3, "tokens_reasoning": 0, "tokens_response": 3, "elapsed_seconds": 48.89753174781799, "judgement": "Way off"}
{"id": "units_001307", "topic": "units", "subtopic": "lb_oz", "prompt": "You buy 5.85 lb at $4.79 per lb. About how much is that total?", "exact_value": 28.02, "model": "Dream-org/Dream-v0-Instruct-7B", "provider": "transformers", "response": "assistant\nFinal answer: 10", "numeric_answer": 10.0, "relative_error": 0.643112062812277, "thinking_text": null, "has_tool_call": false, "tool_call": null, "usage": {"prompt_tokens": 166, "completion_tokens": 122, "total_tokens": 288, "token_count_source": "tokenizer"}, "decoding": {"temperature": 0.2, "top_p": null, "top_k": null, "max_tokens": 120, "seed": 42}, "prompt_tokens": 166, "completion_tokens": 122, "total_tokens": 288, "token_count_source": "tokenizer", "diffusion_steps": null, "flops_estimate": null, "flops_arch": null, "flops_model_params": null, "flops_active_params": null, "tokens_non_final": 4, "tokens_reasoning": 0, "tokens_response": 4, "elapsed_seconds": 48.89753174781799, "judgement": "Way off"}
{"id": "units_001327", "topic": "units", "subtopic": "lb_oz", "prompt": "You buy 3.55 lb at $11.49 per lb. About how much is that total?", "exact_value": 40.79, "model": "Dream-org/Dream-v0-Instruct-7B", "provider": "transformers", "response": "<|im_end|>\n<|im_start|>assistant\nFinal answer: 10.", "numeric_answer": 10.0, "relative_error": 0.7548418730080902, "thinking_text": null, "has_tool_call": false, "tool_call": null, "usage": {"prompt_tokens": 167, "completion_tokens": 125, "total_tokens": 292, "token_count_source": "tokenizer"}, "decoding": {"temperature": 0.2, "top_p": null, "top_k": null, "max_tokens": 120, "seed": 42}, "prompt_tokens": 167, "completion_tokens": 125, "total_tokens": 292, "token_count_source": "tokenizer", "diffusion_steps": null, "flops_estimate": null, "flops_arch": null, "flops_model_params": null, "flops_active_params": null, "tokens_non_final": 5, "tokens_reasoning": 0, "tokens_response": 5, "elapsed_seconds": 50.13972544670105, "judgement": "Way off"}
{"id": "tips_000127", "topic": "tips", "subtopic": "tips_service", "prompt": "Bill is $61.32; service fee 0% and tip 22%. About how much do you pay in total?", "exact_value": 74.81, "model": "Dream-org/Dream-v0-Instruct-7B", "provider": "transformers", "response": "Final answer: 11.12.", "numeric_answer": 11.12, "relative_error": 0.8513567704852293, "thinking_text": null, "has_tool_call": false, "tool_call": null, "usage": {"prompt_tokens": 171, "completion_tokens": 121, "total_tokens": 292, "token_count_source": "tokenizer"}, "decoding": {"temperature": 0.2, "top_p": null, "top_k": null, "max_tokens": 120, "seed": 42}, "prompt_tokens": 171, "completion_tokens": 121, "total_tokens": 292, "token_count_source": "tokenizer", "diffusion_steps": null, "flops_estimate": null, "flops_arch": null, "flops_model_params": null, "flops_active_params": null, "tokens_non_final": 3, "tokens_reasoning": 0, "tokens_response": 3, "elapsed_seconds": 50.13972544670105, "judgement": "Way off"}
{"id": "tips_000147", "topic": "tips", "subtopic": "tips_service", "prompt": "Bill is $28.37; service fee 3% and tip 15%. About how much do you pay in total?", "exact_value": 33.6, "model": "Dream-org/Dream-v0-Instruct-7B", "provider": "transformers", "response": "Final answer: 1.", "numeric_answer": 1.0, "relative_error": 0.9702380952380952, "thinking_text": null, "has_tool_call": false, "tool_call": null, "usage": {"prompt_tokens": 171, "completion_tokens": 121, "total_tokens": 292, "token_count_source": "tokenizer"}, "decoding": {"temperature": 0.2, "top_p": null, "top_k": null, "max_tokens": 120, "seed": 42}, "prompt_tokens": 171, "completion_tokens": 121, "total_tokens": 292, "token_count_source": "tokenizer", "diffusion_steps": null, "flops_estimate": null, "flops_arch": null, "flops_model_params": null, "flops_active_params": null, "tokens_non_final": 3, "tokens_reasoning": 0, "tokens_response": 3, "elapsed_seconds": 50.13972544670105, "judgement": "Way off"}
{"id": "tips_000167", "topic": "tips", "subtopic": "tips_service", "prompt": "Bill is $104.95; service fee 3% and tip 22%. About how much do you pay in total?", "exact_value": 131.88, "model": "Dream-org/Dream-v0-Instruct-7B", "provider": "transformers", "response": "Final answer: 110", "numeric_answer": 110.0, "relative_error": 0.16590840157719136, "thinking_text": null, "has_tool_call": false, "tool_call": null, "usage": {"prompt_tokens": 172, "completion_tokens": 120, "total_tokens": 292, "token_count_source": "tokenizer"}, "decoding": {"temperature": 0.2, "top_p": null, "top_k": null, "max_tokens": 120, "seed": 42}, "prompt_tokens": 172, "completion_tokens": 120, "total_tokens": 292, "token_count_source": "tokenizer", "diffusion_steps": null, "flops_estimate": null, "flops_arch": null, "flops_model_params": null, "flops_active_params": null, "tokens_non_final": 3, "tokens_reasoning": 0, "tokens_response": 3, "elapsed_seconds": 50.13972544670105, "judgement": "Good approximation"}
{"id": "tips_000187", "topic": "tips", "subtopic": "tips_service", "prompt": "Bill is $21.63; service fee 5% and tip 18%. About how much do you pay in total?", "exact_value": 26.8, "model": "Dream-org/Dream-v0-Instruct-7B", "provider": "transformers", "response": "Final answer: 5.", "numeric_answer": 5.0, "relative_error": 0.8134328358208955, "thinking_text": null, "has_tool_call": false, "tool_call": null, "usage": {"prompt_tokens": 171, "completion_tokens": 120, "total_tokens": 291, "token_count_source": "tokenizer"}, "decoding": {"temperature": 0.2, "top_p": null, "top_k": null, "max_tokens": 120, "seed": 42}, "prompt_tokens": 171, "completion_tokens": 120, "total_tokens": 291, "token_count_source": "tokenizer", "diffusion_steps": null, "flops_estimate": null, "flops_arch": null, "flops_model_params": null, "flops_active_params": null, "tokens_non_final": 3, "tokens_reasoning": 0, "tokens_response": 3, "elapsed_seconds": 49.53977990150452, "judgement": "Way off"}
{"id": "tips_000207", "topic": "tips", "subtopic": "tips_service", "prompt": "Bill is $33.06; service fee 0% and tip 18%. About how much do you pay in total?", "exact_value": 39.01, "model": "Dream-org/Dream-v0-Instruct-7B", "provider": "transformers", "response": "Final answer: $10", "numeric_answer": 10.0, "relative_error": 0.7436554729556524, "thinking_text": null, "has_tool_call": false, "tool_call": null, "usage": {"prompt_tokens": 171, "completion_tokens": 120, "total_tokens": 291, "token_count_source": "tokenizer"}, "decoding": {"temperature": 0.2, "top_p": null, "top_k": null, "max_tokens": 120, "seed": 42}, "prompt_tokens": 171, "completion_tokens": 120, "total_tokens": 291, "token_count_source": "tokenizer", "diffusion_steps": null, "flops_estimate": null, "flops_arch": null, "flops_model_params": null, "flops_active_params": null, "tokens_non_final": 3, "tokens_reasoning": 0, "tokens_response": 3, "elapsed_seconds": 49.53977990150452, "judgement": "Way off"}
{"id": "tips_000227", "topic": "tips", "subtopic": "tips_service", "prompt": "Bill is $72.70; service fee 3% and tip 22%. About how much do you pay in total?", "exact_value": 91.35, "model": "Dream-org/Dream-v0-Instruct-7B", "provider": "transformers", "response": "Final answer: $80.00.", "numeric_answer": 80.0, "relative_error": 0.12424740010946903, "thinking_text": null, "has_tool_call": false, "tool_call": null, "usage": {"prompt_tokens": 171, "completion_tokens": 120, "total_tokens": 291, "token_count_source": "tokenizer"}, "decoding": {"temperature": 0.2, "top_p": null, "top_k": null, "max_tokens": 120, "seed": 42}, "prompt_tokens": 171, "completion_tokens": 120, "total_tokens": 291, "token_count_source": "tokenizer", "diffusion_steps": null, "flops_estimate": null, "flops_arch": null, "flops_model_params": null, "flops_active_params": null, "tokens_non_final": 3, "tokens_reasoning": 0, "tokens_response": 3, "elapsed_seconds": 49.53977990150452, "judgement": "Good approximation"}
{"id": "tips_000247", "topic": "tips", "subtopic": "tips_service", "prompt": "Bill is $79.43; service fee 0% and tip 22%. About how much do you pay in total?", "exact_value": 96.9, "model": "Dream-org/Dream-v0-Instruct-7B", "provider": "transformers", "response": "Final answer: 80.", "numeric_answer": 80.0, "relative_error": 0.17440660474716208, "thinking_text": null, "has_tool_call": false, "tool_call": null, "usage": {"prompt_tokens": 171, "completion_tokens": 120, "total_tokens": 291, "token_count_source": "tokenizer"}, "decoding": {"temperature": 0.2, "top_p": null, "top_k": null, "max_tokens": 120, "seed": 42}, "prompt_tokens": 171, "completion_tokens": 120, "total_tokens": 291, "token_count_source": "tokenizer", "diffusion_steps": null, "flops_estimate": null, "flops_arch": null, "flops_model_params": null, "flops_active_params": null, "tokens_non_final": 3, "tokens_reasoning": 0, "tokens_response": 3, "elapsed_seconds": 49.53977990150452, "judgement": "Good approximation"}
{"id": "tips_000267", "topic": "tips", "subtopic": "tips_service", "prompt": "Bill is $66.82; service fee 3% and tip 22%. About how much do you pay in total?", "exact_value": 83.97, "model": "Dream-org/Dream-v0-Instruct-7B", "provider": "transformers", "response": "Final answer: 100.", "numeric_answer": 100.0, "relative_error": 0.19090151244492082, "thinking_text": null, "has_tool_call": false, "tool_call": null, "usage": {"prompt_tokens": 171, "completion_tokens": 121, "total_tokens": 292, "token_count_source": "tokenizer"}, "decoding": {"temperature": 0.2, "top_p": null, "top_k": null, "max_tokens": 120, "seed": 42}, "prompt_tokens": 171, "completion_tokens": 121, "total_tokens": 292, "token_count_source": "tokenizer", "diffusion_steps": null, "flops_estimate": null, "flops_arch": null, "flops_model_params": null, "flops_active_params": null, "tokens_non_final": 3, "tokens_reasoning": 0, "tokens_response": 3, "elapsed_seconds": 50.232232332229614, "judgement": "Good approximation"}
{"id": "tips_000287", "topic": "tips", "subtopic": "tips_service", "prompt": "Bill is $54.76; service fee 5% and tip 18%. About how much do you pay in total?", "exact_value": 67.85, "model": "Dream-org/Dream-v0-Instruct-7B", "provider": "transformers", "response": "Final answer: 57..", "numeric_answer": 57.0, "relative_error": 0.1599115696389093, "thinking_text": null, "has_tool_call": false, "tool_call": null, "usage": {"prompt_tokens": 171, "completion_tokens": 121, "total_tokens": 292, "token_count_source": "tokenizer"}, "decoding": {"temperature": 0.2, "top_p": null, "top_k": null, "max_tokens": 120, "seed": 42}, "prompt_tokens": 171, "completion_tokens": 121, "total_tokens": 292, "token_count_source": "tokenizer", "diffusion_steps": null, "flops_estimate": null, "flops_arch": null, "flops_model_params": null, "flops_active_params": null, "tokens_non_final": 3, "tokens_reasoning": 0, "tokens_response": 3, "elapsed_seconds": 50.232232332229614, "judgement": "Good approximation"}
{"id": "tips_000307", "topic": "tips", "subtopic": "tips_service", "prompt": "Bill is $114.55; service fee 3% and tip 22%. About how much do you pay in total?", "exact_value": 143.94, "model": "Dream-org/Dream-v0-Instruct-7B", "provider": "transformers", "response": "Final answer: 13.0", "numeric_answer": 13.0, "relative_error": 0.9096845908017229, "thinking_text": null, "has_tool_call": false, "tool_call": null, "usage": {"prompt_tokens": 172, "completion_tokens": 120, "total_tokens": 292, "token_count_source": "tokenizer"}, "decoding": {"temperature": 0.2, "top_p": null, "top_k": null, "max_tokens": 120, "seed": 42}, "prompt_tokens": 172, "completion_tokens": 120, "total_tokens": 292, "token_count_source": "tokenizer", "diffusion_steps": null, "flops_estimate": null, "flops_arch": null, "flops_model_params": null, "flops_active_params": null, "tokens_non_final": 3, "tokens_reasoning": 0, "tokens_response": 3, "elapsed_seconds": 50.232232332229614, "judgement": "Way off"}
{"id": "tips_000327", "topic": "tips", "subtopic": "tips_service", "prompt": "Bill is $31.62; service fee 5% and tip 18%. About how much do you pay in total?", "exact_value": 39.18, "model": "Dream-org/Dream-v0-Instruct-7B", "provider": "transformers", "response": "Final answer: 1.", "numeric_answer": 1.0, "relative_error": 0.9744767738642164, "thinking_text": null, "has_tool_call": false, "tool_call": null, "usage": {"prompt_tokens": 171, "completion_tokens": 121, "total_tokens": 292, "token_count_source": "tokenizer"}, "decoding": {"temperature": 0.2, "top_p": null, "top_k": null, "max_tokens": 120, "seed": 42}, "prompt_tokens": 171, "completion_tokens": 121, "total_tokens": 292, "token_count_source": "tokenizer", "diffusion_steps": null, "flops_estimate": null, "flops_arch": null, "flops_model_params": null, "flops_active_params": null, "tokens_non_final": 3, "tokens_reasoning": 0, "tokens_response": 3, "elapsed_seconds": 50.232232332229614, "judgement": "Way off"}
{"id": "tips_000347", "topic": "tips", "subtopic": "tips_service", "prompt": "Bill is $22.85; service fee 3% and tip 15%. About how much do you pay in total?", "exact_value": 27.07, "model": "Dream-org/Dream-v0-Instruct-7B", "provider": "transformers", "response": "Final answer: 2.", "numeric_answer": 2.0, "relative_error": 0.9261174732175841, "thinking_text": null, "has_tool_call": false, "tool_call": null, "usage": {"prompt_tokens": 171, "completion_tokens": 120, "total_tokens": 291, "token_count_source": "tokenizer"}, "decoding": {"temperature": 0.2, "top_p": null, "top_k": null, "max_tokens": 120, "seed": 42}, "prompt_tokens": 171, "completion_tokens": 120, "total_tokens": 291, "token_count_source": "tokenizer", "diffusion_steps": null, "flops_estimate": null, "flops_arch": null, "flops_model_params": null, "flops_active_params": null, "tokens_non_final": 3, "tokens_reasoning": 0, "tokens_response": 3, "elapsed_seconds": 49.6512656211853, "judgement": "Way off"}
{"id": "tips_000367", "topic": "tips", "subtopic": "tips_service", "prompt": "Bill is $82.68; service fee 0% and tip 15%. About how much do you pay in total?", "exact_value": 95.08, "model": "Dream-org/Dream-v0-Instruct-7B", "provider": "transformers", "response": "Final answer: 92.00", "numeric_answer": 92.0, "relative_error": 0.03239377366428269, "thinking_text": null, "has_tool_call": false, "tool_call": null, "usage": {"prompt_tokens": 171, "completion_tokens": 120, "total_tokens": 291, "token_count_source": "tokenizer"}, "decoding": {"temperature": 0.2, "top_p": null, "top_k": null, "max_tokens": 120, "seed": 42}, "prompt_tokens": 171, "completion_tokens": 120, "total_tokens": 291, "token_count_source": "tokenizer", "diffusion_steps": null, "flops_estimate": null, "flops_arch": null, "flops_model_params": null, "flops_active_params": null, "tokens_non_final": 3, "tokens_reasoning": 0, "tokens_response": 3, "elapsed_seconds": 49.6512656211853, "judgement": "Good approximation"}
{"id": "tips_000387", "topic": "tips", "subtopic": "tips_service", "prompt": "Bill is $87.76; service fee 3% and tip 22%. About how much do you pay in total?", "exact_value": 110.28, "model": "Dream-org/Dream-v0-Instruct-7B", "provider": "transformers", "response": "Final answer: 90.", "numeric_answer": 90.0, "relative_error": 0.1838955386289445, "thinking_text": null, "has_tool_call": false, "tool_call": null, "usage": {"prompt_tokens": 171, "completion_tokens": 120, "total_tokens": 291, "token_count_source": "tokenizer"}, "decoding": {"temperature": 0.2, "top_p": null, "top_k": null, "max_tokens": 120, "seed": 42}, "prompt_tokens": 171, "completion_tokens": 120, "total_tokens": 291, "token_count_source": "tokenizer", "diffusion_steps": null, "flops_estimate": null, "flops_arch": null, "flops_model_params": null, "flops_active_params": null, "tokens_non_final": 3, "tokens_reasoning": 0, "tokens_response": 3, "elapsed_seconds": 49.6512656211853, "judgement": "Good approximation"}
{"id": "tips_000407", "topic": "tips", "subtopic": "tips_service", "prompt": "Bill is $81.00; service fee 3% and tip 20%. About how much do you pay in total?", "exact_value": 100.12, "model": "Dream-org/Dream-v0-Instruct-7B", "provider": "transformers", "response": "Final answer: 91.00", "numeric_answer": 91.0, "relative_error": 0.09109069117059533, "thinking_text": null, "has_tool_call": false, "tool_call": null, "usage": {"prompt_tokens": 171, "completion_tokens": 120, "total_tokens": 291, "token_count_source": "tokenizer"}, "decoding": {"temperature": 0.2, "top_p": null, "top_k": null, "max_tokens": 120, "seed": 42}, "prompt_tokens": 171, "completion_tokens": 120, "total_tokens": 291, "token_count_source": "tokenizer", "diffusion_steps": null, "flops_estimate": null, "flops_arch": null, "flops_model_params": null, "flops_active_params": null, "tokens_non_final": 3, "tokens_reasoning": 0, "tokens_response": 3, "elapsed_seconds": 49.6512656211853, "judgement": "Good approximation"}
{"id": "tips_000427", "topic": "tips", "subtopic": "tips_service", "prompt": "Bill is $99.26; service fee 0% and tip 22%. About how much do you pay in total?", "exact_value": 121.1, "model": "Dream-org/Dream-v0-Instruct-7B", "provider": "transformers", "response": "Final answer: 100.00", "numeric_answer": 100.0, "relative_error": 0.1742361684558216, "thinking_text": null, "has_tool_call": false, "tool_call": null, "usage": {"prompt_tokens": 171, "completion_tokens": 120, "total_tokens": 291, "token_count_source": "tokenizer"}, "decoding": {"temperature": 0.2, "top_p": null, "top_k": null, "max_tokens": 120, "seed": 42}, "prompt_tokens": 171, "completion_tokens": 120, "total_tokens": 291, "token_count_source": "tokenizer", "diffusion_steps": null, "flops_estimate": null, "flops_arch": null, "flops_model_params": null, "flops_active_params": null, "tokens_non_final": 3, "tokens_reasoning": 0, "tokens_response": 3, "elapsed_seconds": 49.66956400871277, "judgement": "Good approximation"}
{"id": "tips_000447", "topic": "tips", "subtopic": "tips_service", "prompt": "Bill is $13.43; service fee 3% and tip 18%. About how much do you pay in total?", "exact_value": 16.32, "model": "Dream-org/Dream-v0-Instruct-7B", "provider": "transformers", "response": "Final answer: 110.", "numeric_answer": 110.0, "relative_error": 5.740196078431373, "thinking_text": null, "has_tool_call": false, "tool_call": null, "usage": {"prompt_tokens": 171, "completion_tokens": 120, "total_tokens": 291, "token_count_source": "tokenizer"}, "decoding": {"temperature": 0.2, "top_p": null, "top_k": null, "max_tokens": 120, "seed": 42}, "prompt_tokens": 171, "completion_tokens": 120, "total_tokens": 291, "token_count_source": "tokenizer", "diffusion_steps": null, "flops_estimate": null, "flops_arch": null, "flops_model_params": null, "flops_active_params": null, "tokens_non_final": 3, "tokens_reasoning": 0, "tokens_response": 3, "elapsed_seconds": 49.66956400871277, "judgement": "Way off"}
{"id": "tips_000467", "topic": "tips", "subtopic": "tips_service", "prompt": "Bill is $47.68; service fee 5% and tip 22%. About how much do you pay in total?", "exact_value": 61.08, "model": "Dream-org/Dream-v0-Instruct-7B", "provider": "transformers", "response": "Final answer: 50.", "numeric_answer": 50.0, "relative_error": 0.1814014407334643, "thinking_text": null, "has_tool_call": false, "tool_call": null, "usage": {"prompt_tokens": 171, "completion_tokens": 120, "total_tokens": 291, "token_count_source": "tokenizer"}, "decoding": {"temperature": 0.2, "top_p": null, "top_k": null, "max_tokens": 120, "seed": 42}, "prompt_tokens": 171, "completion_tokens": 120, "total_tokens": 291, "token_count_source": "tokenizer", "diffusion_steps": null, "flops_estimate": null, "flops_arch": null, "flops_model_params": null, "flops_active_params": null, "tokens_non_final": 3, "tokens_reasoning": 0, "tokens_response": 3, "elapsed_seconds": 49.66956400871277, "judgement": "Good approximation"}
{"id": "tips_000487", "topic": "tips", "subtopic": "tips_service", "prompt": "Bill is $84.77; service fee 0% and tip 22%. About how much do you pay in total?", "exact_value": 103.42, "model": "Dream-org/Dream-v0-Instruct-7B", "provider": "transformers", "response": "Final answer: 9.", "numeric_answer": 9.0, "relative_error": 0.9129762134983562, "thinking_text": null, "has_tool_call": false, "tool_call": null, "usage": {"prompt_tokens": 171, "completion_tokens": 120, "total_tokens": 291, "token_count_source": "tokenizer"}, "decoding": {"temperature": 0.2, "top_p": null, "top_k": null, "max_tokens": 120, "seed": 42}, "prompt_tokens": 171, "completion_tokens": 120, "total_tokens": 291, "token_count_source": "tokenizer", "diffusion_steps": null, "flops_estimate": null, "flops_arch": null, "flops_model_params": null, "flops_active_params": null, "tokens_non_final": 3, "tokens_reasoning": 0, "tokens_response": 3, "elapsed_seconds": 49.66956400871277, "judgement": "Way off"}
{"id": "tips_000507", "topic": "tips", "subtopic": "tips_service", "prompt": "Bill is $71.65; service fee 5% and tip 22%. About how much do you pay in total?", "exact_value": 91.78, "model": "Dream-org/Dream-v0-Instruct-7B", "provider": "transformers", "response": "Final answer: 7.", "numeric_answer": 7.0, "relative_error": 0.9237306602745696, "thinking_text": null, "has_tool_call": false, "tool_call": null, "usage": {"prompt_tokens": 171, "completion_tokens": 121, "total_tokens": 292, "token_count_source": "tokenizer"}, "decoding": {"temperature": 0.2, "top_p": null, "top_k": null, "max_tokens": 120, "seed": 42}, "prompt_tokens": 171, "completion_tokens": 121, "total_tokens": 292, "token_count_source": "tokenizer", "diffusion_steps": null, "flops_estimate": null, "flops_arch": null, "flops_model_params": null, "flops_active_params": null, "tokens_non_final": 3, "tokens_reasoning": 0, "tokens_response": 3, "elapsed_seconds": 50.32502293586731, "judgement": "Way off"}
{"id": "tips_000527", "topic": "tips", "subtopic": "tips_service", "prompt": "Bill is $84.44; service fee 5% and tip 18%. About how much do you pay in total?", "exact_value": 104.62, "model": "Dream-org/Dream-v0-Instruct-7B", "provider": "transformers", "response": "Final answer: 9.", "numeric_answer": 9.0, "relative_error": 0.9139743834830817, "thinking_text": null, "has_tool_call": false, "tool_call": null, "usage": {"prompt_tokens": 171, "completion_tokens": 121, "total_tokens": 292, "token_count_source": "tokenizer"}, "decoding": {"temperature": 0.2, "top_p": null, "top_k": null, "max_tokens": 120, "seed": 42}, "prompt_tokens": 171, "completion_tokens": 121, "total_tokens": 292, "token_count_source": "tokenizer", "diffusion_steps": null, "flops_estimate": null, "flops_arch": null, "flops_model_params": null, "flops_active_params": null, "tokens_non_final": 3, "tokens_reasoning": 0, "tokens_response": 3, "elapsed_seconds": 50.32502293586731, "judgement": "Way off"}
{"id": "tips_000547", "topic": "tips", "subtopic": "tips_service", "prompt": "Bill is $32.84; service fee 0% and tip 18%. About how much do you pay in total?", "exact_value": 38.75, "model": "Dream-org/Dream-v0-Instruct-7B", "provider": "transformers", "response": "Final answer: 30", "numeric_answer": 30.0, "relative_error": 0.22580645161290322, "thinking_text": null, "has_tool_call": false, "tool_call": null, "usage": {"prompt_tokens": 171, "completion_tokens": 121, "total_tokens": 292, "token_count_source": "tokenizer"}, "decoding": {"temperature": 0.2, "top_p": null, "top_k": null, "max_tokens": 120, "seed": 42}, "prompt_tokens": 171, "completion_tokens": 121, "total_tokens": 292, "token_count_source": "tokenizer", "diffusion_steps": null, "flops_estimate": null, "flops_arch": null, "flops_model_params": null, "flops_active_params": null, "tokens_non_final": 3, "tokens_reasoning": 0, "tokens_response": 3, "elapsed_seconds": 50.32502293586731, "judgement": "Mildly off"}
{"id": "tips_000567", "topic": "tips", "subtopic": "tips_service", "prompt": "Bill is $102.88; service fee 3% and tip 20%. About how much do you pay in total?", "exact_value": 127.16, "model": "Dream-org/Dream-v0-Instruct-7B", "provider": "transformers", "response": "Final answer: 111", "numeric_answer": 111.0, "relative_error": 0.12708398867568416, "thinking_text": null, "has_tool_call": false, "tool_call": null, "usage": {"prompt_tokens": 172, "completion_tokens": 120, "total_tokens": 292, "token_count_source": "tokenizer"}, "decoding": {"temperature": 0.2, "top_p": null, "top_k": null, "max_tokens": 120, "seed": 42}, "prompt_tokens": 172, "completion_tokens": 120, "total_tokens": 292, "token_count_source": "tokenizer", "diffusion_steps": null, "flops_estimate": null, "flops_arch": null, "flops_model_params": null, "flops_active_params": null, "tokens_non_final": 3, "tokens_reasoning": 0, "tokens_response": 3, "elapsed_seconds": 50.32502293586731, "judgement": "Good approximation"}
{"id": "tips_000587", "topic": "tips", "subtopic": "tips_service", "prompt": "Bill is $100.09; service fee 0% and tip 18%. About how much do you pay in total?", "exact_value": 118.11, "model": "Dream-org/Dream-v0-Instruct-7B", "provider": "transformers", "response": "Final answer: 100.10", "numeric_answer": 100.1, "relative_error": 0.15248497163660998, "thinking_text": null, "has_tool_call": false, "tool_call": null, "usage": {"prompt_tokens": 172, "completion_tokens": 120, "total_tokens": 292, "token_count_source": "tokenizer"}, "decoding": {"temperature": 0.2, "top_p": null, "top_k": null, "max_tokens": 120, "seed": 42}, "prompt_tokens": 172, "completion_tokens": 120, "total_tokens": 292, "token_count_source": "tokenizer", "diffusion_steps": null, "flops_estimate": null, "flops_arch": null, "flops_model_params": null, "flops_active_params": null, "tokens_non_final": 3, "tokens_reasoning": 0, "tokens_response": 3, "elapsed_seconds": 50.31926965713501, "judgement": "Good approximation"}
{"id": "tips_000607", "topic": "tips", "subtopic": "tips_service", "prompt": "Bill is $35.03; service fee 0% and tip 18%. About how much do you pay in total?", "exact_value": 41.34, "model": "Dream-org/Dream-v0-Instruct-7B", "provider": "transformers", "response": "Final answer: 5.", "numeric_answer": 5.0, "relative_error": 0.8790517658442187, "thinking_text": null, "has_tool_call": false, "tool_call": null, "usage": {"prompt_tokens": 171, "completion_tokens": 121, "total_tokens": 292, "token_count_source": "tokenizer"}, "decoding": {"temperature": 0.2, "top_p": null, "top_k": null, "max_tokens": 120, "seed": 42}, "prompt_tokens": 171, "completion_tokens": 121, "total_tokens": 292, "token_count_source": "tokenizer", "diffusion_steps": null, "flops_estimate": null, "flops_arch": null, "flops_model_params": null, "flops_active_params": null, "tokens_non_final": 3, "tokens_reasoning": 0, "tokens_response": 3, "elapsed_seconds": 50.31926965713501, "judgement": "Way off"}
{"id": "tips_000627", "topic": "tips", "subtopic": "tips_service", "prompt": "Bill is $17.92; service fee 0% and tip 20%. About how much do you pay in total?", "exact_value": 21.5, "model": "Dream-org/Dream-v0-Instruct-7B", "provider": "transformers", "response": "Final answer: 100.", "numeric_answer": 100.0, "relative_error": 3.6511627906976742, "thinking_text": null, "has_tool_call": false, "tool_call": null, "usage": {"prompt_tokens": 171, "completion_tokens": 121, "total_tokens": 292, "token_count_source": "tokenizer"}, "decoding": {"temperature": 0.2, "top_p": null, "top_k": null, "max_tokens": 120, "seed": 42}, "prompt_tokens": 171, "completion_tokens": 121, "total_tokens": 292, "token_count_source": "tokenizer", "diffusion_steps": null, "flops_estimate": null, "flops_arch": null, "flops_model_params": null, "flops_active_params": null, "tokens_non_final": 3, "tokens_reasoning": 0, "tokens_response": 3, "elapsed_seconds": 50.31926965713501, "judgement": "Way off"}
{"id": "tips_000647", "topic": "tips", "subtopic": "tips_service", "prompt": "Bill is $72.20; service fee 0% and tip 18%. About how much do you pay in total?", "exact_value": 85.2, "model": "Dream-org/Dream-v0-Instruct-7B", "provider": "transformers", "response": "Final answer: 77.", "numeric_answer": 77.0, "relative_error": 0.09624413145539909, "thinking_text": null, "has_tool_call": false, "tool_call": null, "usage": {"prompt_tokens": 171, "completion_tokens": 121, "total_tokens": 292, "token_count_source": "tokenizer"}, "decoding": {"temperature": 0.2, "top_p": null, "top_k": null, "max_tokens": 120, "seed": 42}, "prompt_tokens": 171, "completion_tokens": 121, "total_tokens": 292, "token_count_source": "tokenizer", "diffusion_steps": null, "flops_estimate": null, "flops_arch": null, "flops_model_params": null, "flops_active_params": null, "tokens_non_final": 3, "tokens_reasoning": 0, "tokens_response": 3, "elapsed_seconds": 50.31926965713501, "judgement": "Good approximation"}
{"id": "tips_000667", "topic": "tips", "subtopic": "tips_service", "prompt": "Bill is $28.54; service fee 5% and tip 15%. About how much do you pay in total?", "exact_value": 34.46, "model": "Dream-org/Dream-v0-Instruct-7B", "provider": "transformers", "response": "Final answer: 10.00", "numeric_answer": 10.0, "relative_error": 0.7098084735925712, "thinking_text": null, "has_tool_call": false, "tool_call": null, "usage": {"prompt_tokens": 171, "completion_tokens": 121, "total_tokens": 292, "token_count_source": "tokenizer"}, "decoding": {"temperature": 0.2, "top_p": null, "top_k": null, "max_tokens": 120, "seed": 42}, "prompt_tokens": 171, "completion_tokens": 121, "total_tokens": 292, "token_count_source": "tokenizer", "diffusion_steps": null, "flops_estimate": null, "flops_arch": null, "flops_model_params": null, "flops_active_params": null, "tokens_non_final": 3, "tokens_reasoning": 0, "tokens_response": 3, "elapsed_seconds": 50.29898452758789, "judgement": "Way off"}
{"id": "tips_000687", "topic": "tips", "subtopic": "tips_service", "prompt": "Bill is $24.54; service fee 0% and tip 20%. About how much do you pay in total?", "exact_value": 29.45, "model": "Dream-org/Dream-v0-Instruct-7B", "provider": "transformers", "response": "Final answer: 100.", "numeric_answer": 100.0, "relative_error": 2.395585738539898, "thinking_text": null, "has_tool_call": false, "tool_call": null, "usage": {"prompt_tokens": 171, "completion_tokens": 121, "total_tokens": 292, "token_count_source": "tokenizer"}, "decoding": {"temperature": 0.2, "top_p": null, "top_k": null, "max_tokens": 120, "seed": 42}, "prompt_tokens": 171, "completion_tokens": 121, "total_tokens": 292, "token_count_source": "tokenizer", "diffusion_steps": null, "flops_estimate": null, "flops_arch": null, "flops_model_params": null, "flops_active_params": null, "tokens_non_final": 3, "tokens_reasoning": 0, "tokens_response": 3, "elapsed_seconds": 50.29898452758789, "judgement": "Way off"}
{"id": "tips_000707", "topic": "tips", "subtopic": "tips_service", "prompt": "Bill is $115.78; service fee 0% and tip 15%. About how much do you pay in total?", "exact_value": 133.15, "model": "Dream-org/Dream-v0-Instruct-7B", "provider": "transformers", "response": "Final answer: 120.", "numeric_answer": 120.0, "relative_error": 0.09876079609463015, "thinking_text": null, "has_tool_call": false, "tool_call": null, "usage": {"prompt_tokens": 172, "completion_tokens": 120, "total_tokens": 292, "token_count_source": "tokenizer"}, "decoding": {"temperature": 0.2, "top_p": null, "top_k": null, "max_tokens": 120, "seed": 42}, "prompt_tokens": 172, "completion_tokens": 120, "total_tokens": 292, "token_count_source": "tokenizer", "diffusion_steps": null, "flops_estimate": null, "flops_arch": null, "flops_model_params": null, "flops_active_params": null, "tokens_non_final": 3, "tokens_reasoning": 0, "tokens_response": 3, "elapsed_seconds": 50.29898452758789, "judgement": "Good approximation"}
{"id": "tips_000727", "topic": "tips", "subtopic": "tips_service", "prompt": "Bill is $100.10; service fee 0% and tip 18%. About how much do you pay in total?", "exact_value": 118.12, "model": "Dream-org/Dream-v0-Instruct-7B", "provider": "transformers", "response": "Final answer: 10.", "numeric_answer": 10.0, "relative_error": 0.9153403318658991, "thinking_text": null, "has_tool_call": false, "tool_call": null, "usage": {"prompt_tokens": 172, "completion_tokens": 120, "total_tokens": 292, "token_count_source": "tokenizer"}, "decoding": {"temperature": 0.2, "top_p": null, "top_k": null, "max_tokens": 120, "seed": 42}, "prompt_tokens": 172, "completion_tokens": 120, "total_tokens": 292, "token_count_source": "tokenizer", "diffusion_steps": null, "flops_estimate": null, "flops_arch": null, "flops_model_params": null, "flops_active_params": null, "tokens_non_final": 3, "tokens_reasoning": 0, "tokens_response": 3, "elapsed_seconds": 50.29898452758789, "judgement": "Way off"}
{"id": "tips_000747", "topic": "tips", "subtopic": "tips_service", "prompt": "Bill is $119.18; service fee 0% and tip 15%. About how much do you pay in total?", "exact_value": 137.06, "model": "Dream-org/Dream-v0-Instruct-7B", "provider": "transformers", "response": "Final answer: 2", "numeric_answer": 2.0, "relative_error": 0.9854078505763899, "thinking_text": null, "has_tool_call": false, "tool_call": null, "usage": {"prompt_tokens": 172, "completion_tokens": 120, "total_tokens": 292, "token_count_source": "tokenizer"}, "decoding": {"temperature": 0.2, "top_p": null, "top_k": null, "max_tokens": 120, "seed": 42}, "prompt_tokens": 172, "completion_tokens": 120, "total_tokens": 292, "token_count_source": "tokenizer", "diffusion_steps": null, "flops_estimate": null, "flops_arch": null, "flops_model_params": null, "flops_active_params": null, "tokens_non_final": 3, "tokens_reasoning": 0, "tokens_response": 3, "elapsed_seconds": 50.23054385185242, "judgement": "Way off"}
{"id": "tips_000767", "topic": "tips", "subtopic": "tips_service", "prompt": "Bill is $12.91; service fee 3% and tip 18%. About how much do you pay in total?", "exact_value": 15.69, "model": "Dream-org/Dream-v0-Instruct-7B", "provider": "transformers", "response": "Final answer: 4.", "numeric_answer": 4.0, "relative_error": 0.7450605481198216, "thinking_text": null, "has_tool_call": false, "tool_call": null, "usage": {"prompt_tokens": 171, "completion_tokens": 121, "total_tokens": 292, "token_count_source": "tokenizer"}, "decoding": {"temperature": 0.2, "top_p": null, "top_k": null, "max_tokens": 120, "seed": 42}, "prompt_tokens": 171, "completion_tokens": 121, "total_tokens": 292, "token_count_source": "tokenizer", "diffusion_steps": null, "flops_estimate": null, "flops_arch": null, "flops_model_params": null, "flops_active_params": null, "tokens_non_final": 3, "tokens_reasoning": 0, "tokens_response": 3, "elapsed_seconds": 50.23054385185242, "judgement": "Way off"}
{"id": "tips_000787", "topic": "tips", "subtopic": "tips_service", "prompt": "Bill is $77.28; service fee 5% and tip 22%. About how much do you pay in total?", "exact_value": 99.0, "model": "Dream-org/Dream-v0-Instruct-7B", "provider": "transformers", "response": "Final answer: 10.", "numeric_answer": 10.0, "relative_error": 0.898989898989899, "thinking_text": null, "has_tool_call": false, "tool_call": null, "usage": {"prompt_tokens": 171, "completion_tokens": 121, "total_tokens": 292, "token_count_source": "tokenizer"}, "decoding": {"temperature": 0.2, "top_p": null, "top_k": null, "max_tokens": 120, "seed": 42}, "prompt_tokens": 171, "completion_tokens": 121, "total_tokens": 292, "token_count_source": "tokenizer", "diffusion_steps": null, "flops_estimate": null, "flops_arch": null, "flops_model_params": null, "flops_active_params": null, "tokens_non_final": 3, "tokens_reasoning": 0, "tokens_response": 3, "elapsed_seconds": 50.23054385185242, "judgement": "Way off"}
{"id": "tips_000807", "topic": "tips", "subtopic": "tips_service", "prompt": "Bill is $114.97; service fee 3% and tip 20%. About how much do you pay in total?", "exact_value": 142.1, "model": "Dream-org/Dream-v0-Instruct-7B", "provider": "transformers", "response": "Final answer: 115.20", "numeric_answer": 115.2, "relative_error": 0.18930330752990845, "thinking_text": null, "has_tool_call": false, "tool_call": null, "usage": {"prompt_tokens": 172, "completion_tokens": 120, "total_tokens": 292, "token_count_source": "tokenizer"}, "decoding": {"temperature": 0.2, "top_p": null, "top_k": null, "max_tokens": 120, "seed": 42}, "prompt_tokens": 172, "completion_tokens": 120, "total_tokens": 292, "token_count_source": "tokenizer", "diffusion_steps": null, "flops_estimate": null, "flops_arch": null, "flops_model_params": null, "flops_active_params": null, "tokens_non_final": 3, "tokens_reasoning": 0, "tokens_response": 3, "elapsed_seconds": 50.23054385185242, "judgement": "Good approximation"}
{"id": "tips_000827", "topic": "tips", "subtopic": "tips_service", "prompt": "Bill is $39.73; service fee 5% and tip 22%. About how much do you pay in total?", "exact_value": 50.89, "model": "Dream-org/Dream-v0-Instruct-7B", "provider": "transformers", "response": "Final answer: 20.00", "numeric_answer": 20.0, "relative_error": 0.6069954804480252, "thinking_text": null, "has_tool_call": false, "tool_call": null, "usage": {"prompt_tokens": 171, "completion_tokens": 121, "total_tokens": 292, "token_count_source": "tokenizer"}, "decoding": {"temperature": 0.2, "top_p": null, "top_k": null, "max_tokens": 120, "seed": 42}, "prompt_tokens": 171, "completion_tokens": 121, "total_tokens": 292, "token_count_source": "tokenizer", "diffusion_steps": null, "flops_estimate": null, "flops_arch": null, "flops_model_params": null, "flops_active_params": null, "tokens_non_final": 3, "tokens_reasoning": 0, "tokens_response": 3, "elapsed_seconds": 50.19230127334595, "judgement": "Way off"}
{"id": "tips_000847", "topic": "tips", "subtopic": "tips_service", "prompt": "Bill is $108.02; service fee 3% and tip 20%. About how much do you pay in total?", "exact_value": 133.51, "model": "Dream-org/Dream-v0-Instruct-7B", "provider": "transformers", "response": "Final answer: 122.0", "numeric_answer": 122.0, "relative_error": 0.0862107707287843, "thinking_text": null, "has_tool_call": false, "tool_call": null, "usage": {"prompt_tokens": 172, "completion_tokens": 120, "total_tokens": 292, "token_count_source": "tokenizer"}, "decoding": {"temperature": 0.2, "top_p": null, "top_k": null, "max_tokens": 120, "seed": 42}, "prompt_tokens": 172, "completion_tokens": 120, "total_tokens": 292, "token_count_source": "tokenizer", "diffusion_steps": null, "flops_estimate": null, "flops_arch": null, "flops_model_params": null, "flops_active_params": null, "tokens_non_final": 3, "tokens_reasoning": 0, "tokens_response": 3, "elapsed_seconds": 50.19230127334595, "judgement": "Good approximation"}
{"id": "tips_000867", "topic": "tips", "subtopic": "tips_service", "prompt": "Bill is $93.22; service fee 3% and tip 22%. About how much do you pay in total?", "exact_value": 117.14, "model": "Dream-org/Dream-v0-Instruct-7B", "provider": "transformers", "response": "Final answer:", "numeric_answer": null, "relative_error": null, "thinking_text": null, "has_tool_call": false, "tool_call": null, "usage": {"prompt_tokens": 171, "completion_tokens": 121, "total_tokens": 292, "token_count_source": "tokenizer"}, "decoding": {"temperature": 0.2, "top_p": null, "top_k": null, "max_tokens": 120, "seed": 42}, "prompt_tokens": 171, "completion_tokens": 121, "total_tokens": 292, "token_count_source": "tokenizer", "diffusion_steps": null, "flops_estimate": null, "flops_arch": null, "flops_model_params": null, "flops_active_params": null, "tokens_non_final": 2, "tokens_reasoning": 0, "tokens_response": 2, "elapsed_seconds": 50.19230127334595, "judgement": "Uncategorized"}
{"id": "tips_000887", "topic": "tips", "subtopic": "tips_service", "prompt": "Bill is $41.32; service fee 0% and tip 18%. About how much do you pay in total?", "exact_value": 48.76, "model": "Dream-org/Dream-v0-Instruct-7B", "provider": "transformers", "response": "Final answer: 50.00", "numeric_answer": 50.0, "relative_error": 0.02543068088597215, "thinking_text": null, "has_tool_call": false, "tool_call": null, "usage": {"prompt_tokens": 171, "completion_tokens": 121, "total_tokens": 292, "token_count_source": "tokenizer"}, "decoding": {"temperature": 0.2, "top_p": null, "top_k": null, "max_tokens": 120, "seed": 42}, "prompt_tokens": 171, "completion_tokens": 121, "total_tokens": 292, "token_count_source": "tokenizer", "diffusion_steps": null, "flops_estimate": null, "flops_arch": null, "flops_model_params": null, "flops_active_params": null, "tokens_non_final": 3, "tokens_reasoning": 0, "tokens_response": 3, "elapsed_seconds": 50.19230127334595, "judgement": "Good approximation"}
{"id": "tips_000907", "topic": "tips", "subtopic": "tips_service", "prompt": "Bill is $65.03; service fee 3% and tip 22%. About how much do you pay in total?", "exact_value": 81.72, "model": "Dream-org/Dream-v0-Instruct-7B", "provider": "transformers", "response": "Final answer: 10", "numeric_answer": 10.0, "relative_error": 0.8776309348996574, "thinking_text": null, "has_tool_call": false, "tool_call": null, "usage": {"prompt_tokens": 171, "completion_tokens": 120, "total_tokens": 291, "token_count_source": "tokenizer"}, "decoding": {"temperature": 0.2, "top_p": null, "top_k": null, "max_tokens": 120, "seed": 42}, "prompt_tokens": 171, "completion_tokens": 120, "total_tokens": 291, "token_count_source": "tokenizer", "diffusion_steps": null, "flops_estimate": null, "flops_arch": null, "flops_model_params": null, "flops_active_params": null, "tokens_non_final": 3, "tokens_reasoning": 0, "tokens_response": 3, "elapsed_seconds": 49.55171775817871, "judgement": "Way off"}
{"id": "tips_000927", "topic": "tips", "subtopic": "tips_service", "prompt": "Bill is $78.22; service fee 5% and tip 15%. About how much do you pay in total?", "exact_value": 94.45, "model": "Dream-org/Dream-v0-Instruct-7B", "provider": "transformers", "response": "Final answer: 80.00", "numeric_answer": 80.0, "relative_error": 0.15299100052938064, "thinking_text": null, "has_tool_call": false, "tool_call": null, "usage": {"prompt_tokens": 171, "completion_tokens": 120, "total_tokens": 291, "token_count_source": "tokenizer"}, "decoding": {"temperature": 0.2, "top_p": null, "top_k": null, "max_tokens": 120, "seed": 42}, "prompt_tokens": 171, "completion_tokens": 120, "total_tokens": 291, "token_count_source": "tokenizer", "diffusion_steps": null, "flops_estimate": null, "flops_arch": null, "flops_model_params": null, "flops_active_params": null, "tokens_non_final": 3, "tokens_reasoning": 0, "tokens_response": 3, "elapsed_seconds": 49.55171775817871, "judgement": "Good approximation"}
{"id": "tips_000947", "topic": "tips", "subtopic": "tips_service", "prompt": "Bill is $97.36; service fee 3% and tip 15%. About how much do you pay in total?", "exact_value": 115.32, "model": "Dream-org/Dream-v0-Instruct-7B", "provider": "transformers", "response": "Final answer: $1100.", "numeric_answer": 1100.0, "relative_error": 8.53867499132848, "thinking_text": null, "has_tool_call": false, "tool_call": null, "usage": {"prompt_tokens": 171, "completion_tokens": 120, "total_tokens": 291, "token_count_source": "tokenizer"}, "decoding": {"temperature": 0.2, "top_p": null, "top_k": null, "max_tokens": 120, "seed": 42}, "prompt_tokens": 171, "completion_tokens": 120, "total_tokens": 291, "token_count_source": "tokenizer", "diffusion_steps": null, "flops_estimate": null, "flops_arch": null, "flops_model_params": null, "flops_active_params": null, "tokens_non_final": 3, "tokens_reasoning": 0, "tokens_response": 3, "elapsed_seconds": 49.55171775817871, "judgement": "Way off"}
{"id": "tips_000967", "topic": "tips", "subtopic": "tips_service", "prompt": "Bill is $13.97; service fee 3% and tip 15%. About how much do you pay in total?", "exact_value": 16.55, "model": "Dream-org/Dream-v0-Instruct-7B", "provider": "transformers", "response": "Final answer: 14.97", "numeric_answer": 14.97, "relative_error": 0.09546827794561934, "thinking_text": null, "has_tool_call": false, "tool_call": null, "usage": {"prompt_tokens": 171, "completion_tokens": 120, "total_tokens": 291, "token_count_source": "tokenizer"}, "decoding": {"temperature": 0.2, "top_p": null, "top_k": null, "max_tokens": 120, "seed": 42}, "prompt_tokens": 171, "completion_tokens": 120, "total_tokens": 291, "token_count_source": "tokenizer", "diffusion_steps": null, "flops_estimate": null, "flops_arch": null, "flops_model_params": null, "flops_active_params": null, "tokens_non_final": 3, "tokens_reasoning": 0, "tokens_response": 3, "elapsed_seconds": 49.55171775817871, "judgement": "Good approximation"}
{"id": "tips_000987", "topic": "tips", "subtopic": "tips_service", "prompt": "Bill is $60.94; service fee 5% and tip 18%. About how much do you pay in total?", "exact_value": 75.5, "model": "Dream-org/Dream-v0-Instruct-7B", "provider": "transformers", "response": "Final answer: 61.04", "numeric_answer": 61.04, "relative_error": 0.19152317880794703, "thinking_text": null, "has_tool_call": false, "tool_call": null, "usage": {"prompt_tokens": 171, "completion_tokens": 121, "total_tokens": 292, "token_count_source": "tokenizer"}, "decoding": {"temperature": 0.2, "top_p": null, "top_k": null, "max_tokens": 120, "seed": 42}, "prompt_tokens": 171, "completion_tokens": 121, "total_tokens": 292, "token_count_source": "tokenizer", "diffusion_steps": null, "flops_estimate": null, "flops_arch": null, "flops_model_params": null, "flops_active_params": null, "tokens_non_final": 3, "tokens_reasoning": 0, "tokens_response": 3, "elapsed_seconds": 50.19472932815552, "judgement": "Good approximation"}
{"id": "tips_001007", "topic": "tips", "subtopic": "tips_service", "prompt": "Bill is $101.70; service fee 3% and tip 18%. About how much do you pay in total?", "exact_value": 123.61, "model": "Dream-org/Dream-v0-Instruct-7B", "provider": "transformers", "response": "Final answer: 130.", "numeric_answer": 130.0, "relative_error": 0.0516948466952512, "thinking_text": null, "has_tool_call": false, "tool_call": null, "usage": {"prompt_tokens": 172, "completion_tokens": 120, "total_tokens": 292, "token_count_source": "tokenizer"}, "decoding": {"temperature": 0.2, "top_p": null, "top_k": null, "max_tokens": 120, "seed": 42}, "prompt_tokens": 172, "completion_tokens": 120, "total_tokens": 292, "token_count_source": "tokenizer", "diffusion_steps": null, "flops_estimate": null, "flops_arch": null, "flops_model_params": null, "flops_active_params": null, "tokens_non_final": 3, "tokens_reasoning": 0, "tokens_response": 3, "elapsed_seconds": 50.19472932815552, "judgement": "Good approximation"}
{"id": "tips_001027", "topic": "tips", "subtopic": "tips_service", "prompt": "Bill is $71.23; service fee 0% and tip 20%. About how much do you pay in total?", "exact_value": 85.48, "model": "Dream-org/Dream-v0-Instruct-7B", "provider": "transformers", "response": "Final answer: 72.", "numeric_answer": 72.0, "relative_error": 0.15769770706598038, "thinking_text": null, "has_tool_call": false, "tool_call": null, "usage": {"prompt_tokens": 171, "completion_tokens": 121, "total_tokens": 292, "token_count_source": "tokenizer"}, "decoding": {"temperature": 0.2, "top_p": null, "top_k": null, "max_tokens": 120, "seed": 42}, "prompt_tokens": 171, "completion_tokens": 121, "total_tokens": 292, "token_count_source": "tokenizer", "diffusion_steps": null, "flops_estimate": null, "flops_arch": null, "flops_model_params": null, "flops_active_params": null, "tokens_non_final": 3, "tokens_reasoning": 0, "tokens_response": 3, "elapsed_seconds": 50.19472932815552, "judgement": "Good approximation"}
{"id": "tips_001047", "topic": "tips", "subtopic": "tips_service", "prompt": "Bill is $56.40; service fee 5% and tip 15%. About how much do you pay in total?", "exact_value": 68.1, "model": "Dream-org/Dream-v0-Instruct-7B", "provider": "transformers", "response": "Final answer: 57.00.", "numeric_answer": 57.0, "relative_error": 0.16299559471365632, "thinking_text": null, "has_tool_call": false, "tool_call": null, "usage": {"prompt_tokens": 171, "completion_tokens": 121, "total_tokens": 292, "token_count_source": "tokenizer"}, "decoding": {"temperature": 0.2, "top_p": null, "top_k": null, "max_tokens": 120, "seed": 42}, "prompt_tokens": 171, "completion_tokens": 121, "total_tokens": 292, "token_count_source": "tokenizer", "diffusion_steps": null, "flops_estimate": null, "flops_arch": null, "flops_model_params": null, "flops_active_params": null, "tokens_non_final": 3, "tokens_reasoning": 0, "tokens_response": 3, "elapsed_seconds": 50.19472932815552, "judgement": "Good approximation"}
{"id": "tips_001067", "topic": "tips", "subtopic": "tips_service", "prompt": "Bill is $110.45; service fee 5% and tip 20%. About how much do you pay in total?", "exact_value": 139.17, "model": "Dream-org/Dream-v0-Instruct-7B", "provider": "transformers", "response": "Final answer: 12", "numeric_answer": 12.0, "relative_error": 0.9137745203707696, "thinking_text": null, "has_tool_call": false, "tool_call": null, "usage": {"prompt_tokens": 172, "completion_tokens": 120, "total_tokens": 292, "token_count_source": "tokenizer"}, "decoding": {"temperature": 0.2, "top_p": null, "top_k": null, "max_tokens": 120, "seed": 42}, "prompt_tokens": 172, "completion_tokens": 120, "total_tokens": 292, "token_count_source": "tokenizer", "diffusion_steps": null, "flops_estimate": null, "flops_arch": null, "flops_model_params": null, "flops_active_params": null, "tokens_non_final": 3, "tokens_reasoning": 0, "tokens_response": 3, "elapsed_seconds": 50.20217990875244, "judgement": "Way off"}
{"id": "tips_001087", "topic": "tips", "subtopic": "tips_service", "prompt": "Bill is $32.83; service fee 0% and tip 15%. About how much do you pay in total?", "exact_value": 37.75, "model": "Dream-org/Dream-v0-Instruct-7B", "provider": "transformers", "response": "Final answer:", "numeric_answer": null, "relative_error": null, "thinking_text": null, "has_tool_call": false, "tool_call": null, "usage": {"prompt_tokens": 171, "completion_tokens": 121, "total_tokens": 292, "token_count_source": "tokenizer"}, "decoding": {"temperature": 0.2, "top_p": null, "top_k": null, "max_tokens": 120, "seed": 42}, "prompt_tokens": 171, "completion_tokens": 121, "total_tokens": 292, "token_count_source": "tokenizer", "diffusion_steps": null, "flops_estimate": null, "flops_arch": null, "flops_model_params": null, "flops_active_params": null, "tokens_non_final": 2, "tokens_reasoning": 0, "tokens_response": 2, "elapsed_seconds": 50.20217990875244, "judgement": "Uncategorized"}
{"id": "tips_001107", "topic": "tips", "subtopic": "tips_service", "prompt": "Bill is $52.28; service fee 3% and tip 15%. About how much do you pay in total?", "exact_value": 61.93, "model": "Dream-org/Dream-v0-Instruct-7B", "provider": "transformers", "response": "Final answer: 60", "numeric_answer": 60.0, "relative_error": 0.03116421766510576, "thinking_text": null, "has_tool_call": false, "tool_call": null, "usage": {"prompt_tokens": 171, "completion_tokens": 121, "total_tokens": 292, "token_count_source": "tokenizer"}, "decoding": {"temperature": 0.2, "top_p": null, "top_k": null, "max_tokens": 120, "seed": 42}, "prompt_tokens": 171, "completion_tokens": 121, "total_tokens": 292, "token_count_source": "tokenizer", "diffusion_steps": null, "flops_estimate": null, "flops_arch": null, "flops_model_params": null, "flops_active_params": null, "tokens_non_final": 3, "tokens_reasoning": 0, "tokens_response": 3, "elapsed_seconds": 50.20217990875244, "judgement": "Good approximation"}
{"id": "tips_001127", "topic": "tips", "subtopic": "tips_service", "prompt": "Bill is $24.64; service fee 0% and tip 20%. About how much do you pay in total?", "exact_value": 29.57, "model": "Dream-org/Dream-v0-Instruct-7B", "provider": "transformers", "response": "Final answer: 0", "numeric_answer": 0.0, "relative_error": 1.0, "thinking_text": null, "has_tool_call": false, "tool_call": null, "usage": {"prompt_tokens": 171, "completion_tokens": 121, "total_tokens": 292, "token_count_source": "tokenizer"}, "decoding": {"temperature": 0.2, "top_p": null, "top_k": null, "max_tokens": 120, "seed": 42}, "prompt_tokens": 171, "completion_tokens": 121, "total_tokens": 292, "token_count_source": "tokenizer", "diffusion_steps": null, "flops_estimate": null, "flops_arch": null, "flops_model_params": null, "flops_active_params": null, "tokens_non_final": 3, "tokens_reasoning": 0, "tokens_response": 3, "elapsed_seconds": 50.20217990875244, "judgement": "Way off"}
{"id": "tips_001147", "topic": "tips", "subtopic": "tips_service", "prompt": "Bill is $56.58; service fee 0% and tip 22%. About how much do you pay in total?", "exact_value": 69.03, "model": "Dream-org/Dream-v0-Instruct-7B", "provider": "transformers", "response": "Final answer: 28.00", "numeric_answer": 28.0, "relative_error": 0.5943792553962045, "thinking_text": null, "has_tool_call": false, "tool_call": null, "usage": {"prompt_tokens": 171, "completion_tokens": 120, "total_tokens": 291, "token_count_source": "tokenizer"}, "decoding": {"temperature": 0.2, "top_p": null, "top_k": null, "max_tokens": 120, "seed": 42}, "prompt_tokens": 171, "completion_tokens": 120, "total_tokens": 291, "token_count_source": "tokenizer", "diffusion_steps": null, "flops_estimate": null, "flops_arch": null, "flops_model_params": null, "flops_active_params": null, "tokens_non_final": 3, "tokens_reasoning": 0, "tokens_response": 3, "elapsed_seconds": 49.607337951660156, "judgement": "Mildly off"}
{"id": "tips_001167", "topic": "tips", "subtopic": "tips_service", "prompt": "Bill is $37.99; service fee 5% and tip 18%. About how much do you pay in total?", "exact_value": 47.07, "model": "Dream-org/Dream-v0-Instruct-7B", "provider": "transformers", "response": "Final answer: 40", "numeric_answer": 40.0, "relative_error": 0.15020182706607182, "thinking_text": null, "has_tool_call": false, "tool_call": null, "usage": {"prompt_tokens": 171, "completion_tokens": 120, "total_tokens": 291, "token_count_source": "tokenizer"}, "decoding": {"temperature": 0.2, "top_p": null, "top_k": null, "max_tokens": 120, "seed": 42}, "prompt_tokens": 171, "completion_tokens": 120, "total_tokens": 291, "token_count_source": "tokenizer", "diffusion_steps": null, "flops_estimate": null, "flops_arch": null, "flops_model_params": null, "flops_active_params": null, "tokens_non_final": 3, "tokens_reasoning": 0, "tokens_response": 3, "elapsed_seconds": 49.607337951660156, "judgement": "Good approximation"}
{"id": "tips_001187", "topic": "tips", "subtopic": "tips_service", "prompt": "Bill is $68.55; service fee 0% and tip 22%. About how much do you pay in total?", "exact_value": 83.63, "model": "Dream-org/Dream-v0-Instruct-7B", "provider": "transformers", "response": "Final answer: $80.50.", "numeric_answer": 80.5, "relative_error": 0.03742676073179476, "thinking_text": null, "has_tool_call": false, "tool_call": null, "usage": {"prompt_tokens": 171, "completion_tokens": 120, "total_tokens": 291, "token_count_source": "tokenizer"}, "decoding": {"temperature": 0.2, "top_p": null, "top_k": null, "max_tokens": 120, "seed": 42}, "prompt_tokens": 171, "completion_tokens": 120, "total_tokens": 291, "token_count_source": "tokenizer", "diffusion_steps": null, "flops_estimate": null, "flops_arch": null, "flops_model_params": null, "flops_active_params": null, "tokens_non_final": 3, "tokens_reasoning": 0, "tokens_response": 3, "elapsed_seconds": 49.607337951660156, "judgement": "Good approximation"}
{"id": "tips_001207", "topic": "tips", "subtopic": "tips_service", "prompt": "Bill is $73.94; service fee 5% and tip 20%. About how much do you pay in total?", "exact_value": 93.16, "model": "Dream-org/Dream-v0-Instruct-7B", "provider": "transformers", "response": "Final answer: 80", "numeric_answer": 80.0, "relative_error": 0.1412623443537999, "thinking_text": null, "has_tool_call": false, "tool_call": null, "usage": {"prompt_tokens": 171, "completion_tokens": 120, "total_tokens": 291, "token_count_source": "tokenizer"}, "decoding": {"temperature": 0.2, "top_p": null, "top_k": null, "max_tokens": 120, "seed": 42}, "prompt_tokens": 171, "completion_tokens": 120, "total_tokens": 291, "token_count_source": "tokenizer", "diffusion_steps": null, "flops_estimate": null, "flops_arch": null, "flops_model_params": null, "flops_active_params": null, "tokens_non_final": 3, "tokens_reasoning": 0, "tokens_response": 3, "elapsed_seconds": 49.607337951660156, "judgement": "Good approximation"}
{"id": "tips_001227", "topic": "tips", "subtopic": "tips_service", "prompt": "Bill is $89.16; service fee 0% and tip 20%. About how much do you pay in total?", "exact_value": 106.99, "model": "Dream-org/Dream-v0-Instruct-7B", "provider": "transformers", "response": "Final answer: 90.00", "numeric_answer": 90.0, "relative_error": 0.158799887839985, "thinking_text": null, "has_tool_call": false, "tool_call": null, "usage": {"prompt_tokens": 171, "completion_tokens": 121, "total_tokens": 292, "token_count_source": "tokenizer"}, "decoding": {"temperature": 0.2, "top_p": null, "top_k": null, "max_tokens": 120, "seed": 42}, "prompt_tokens": 171, "completion_tokens": 121, "total_tokens": 292, "token_count_source": "tokenizer", "diffusion_steps": null, "flops_estimate": null, "flops_arch": null, "flops_model_params": null, "flops_active_params": null, "tokens_non_final": 3, "tokens_reasoning": 0, "tokens_response": 3, "elapsed_seconds": 50.44348382949829, "judgement": "Good approximation"}
{"id": "tips_001247", "topic": "tips", "subtopic": "tips_service", "prompt": "Bill is $77.57; service fee 0% and tip 22%. About how much do you pay in total?", "exact_value": 94.64, "model": "Dream-org/Dream-v0-Instruct-7B", "provider": "transformers", "response": "Final answer: $91.00.", "numeric_answer": 91.0, "relative_error": 0.03846153846153847, "thinking_text": null, "has_tool_call": false, "tool_call": null, "usage": {"prompt_tokens": 171, "completion_tokens": 121, "total_tokens": 292, "token_count_source": "tokenizer"}, "decoding": {"temperature": 0.2, "top_p": null, "top_k": null, "max_tokens": 120, "seed": 42}, "prompt_tokens": 171, "completion_tokens": 121, "total_tokens": 292, "token_count_source": "tokenizer", "diffusion_steps": null, "flops_estimate": null, "flops_arch": null, "flops_model_params": null, "flops_active_params": null, "tokens_non_final": 3, "tokens_reasoning": 0, "tokens_response": 3, "elapsed_seconds": 50.44348382949829, "judgement": "Good approximation"}
{"id": "tips_001267", "topic": "tips", "subtopic": "tips_service", "prompt": "Bill is $17.65; service fee 0% and tip 15%. About how much do you pay in total?", "exact_value": 20.3, "model": "Dream-org/Dream-v0-Instruct-7B", "provider": "transformers", "response": "Final answer: $2.", "numeric_answer": 2.0, "relative_error": 0.9014778325123153, "thinking_text": null, "has_tool_call": false, "tool_call": null, "usage": {"prompt_tokens": 171, "completion_tokens": 121, "total_tokens": 292, "token_count_source": "tokenizer"}, "decoding": {"temperature": 0.2, "top_p": null, "top_k": null, "max_tokens": 120, "seed": 42}, "prompt_tokens": 171, "completion_tokens": 121, "total_tokens": 292, "token_count_source": "tokenizer", "diffusion_steps": null, "flops_estimate": null, "flops_arch": null, "flops_model_params": null, "flops_active_params": null, "tokens_non_final": 3, "tokens_reasoning": 0, "tokens_response": 3, "elapsed_seconds": 50.44348382949829, "judgement": "Way off"}
{"id": "tips_001287", "topic": "tips", "subtopic": "tips_service", "prompt": "Bill is $107.76; service fee 5% and tip 15%. About how much do you pay in total?", "exact_value": 130.12, "model": "Dream-org/Dream-v0-Instruct-7B", "provider": "transformers", "response": "Final answer: $ 100.00", "numeric_answer": 100.0, "relative_error": 0.23147863510605599, "thinking_text": null, "has_tool_call": false, "tool_call": null, "usage": {"prompt_tokens": 172, "completion_tokens": 120, "total_tokens": 292, "token_count_source": "tokenizer"}, "decoding": {"temperature": 0.2, "top_p": null, "top_k": null, "max_tokens": 120, "seed": 42}, "prompt_tokens": 172, "completion_tokens": 120, "total_tokens": 292, "token_count_source": "tokenizer", "diffusion_steps": null, "flops_estimate": null, "flops_arch": null, "flops_model_params": null, "flops_active_params": null, "tokens_non_final": 4, "tokens_reasoning": 0, "tokens_response": 4, "elapsed_seconds": 50.44348382949829, "judgement": "Mildly off"}
{"id": "tips_001307", "topic": "tips", "subtopic": "tips_service", "prompt": "Bill is $49.18; service fee 0% and tip 20%. About how much do you pay in total?", "exact_value": 59.02, "model": "Dream-org/Dream-v0-Instruct-7B", "provider": "transformers", "response": "Final answer: 100.", "numeric_answer": 100.0, "relative_error": 0.6943409013893594, "thinking_text": null, "has_tool_call": false, "tool_call": null, "usage": {"prompt_tokens": 171, "completion_tokens": 121, "total_tokens": 292, "token_count_source": "tokenizer"}, "decoding": {"temperature": 0.2, "top_p": null, "top_k": null, "max_tokens": 120, "seed": 42}, "prompt_tokens": 171, "completion_tokens": 121, "total_tokens": 292, "token_count_source": "tokenizer", "diffusion_steps": null, "flops_estimate": null, "flops_arch": null, "flops_model_params": null, "flops_active_params": null, "tokens_non_final": 3, "tokens_reasoning": 0, "tokens_response": 3, "elapsed_seconds": 50.6716787815094, "judgement": "Way off"}
{"id": "tips_001327", "topic": "tips", "subtopic": "tips_service", "prompt": "Bill is $43.49; service fee 5% and tip 18%. About how much do you pay in total?", "exact_value": 53.88, "model": "Dream-org/Dream-v0-Instruct-7B", "provider": "transformers", "response": "Final answer: 1.3.", "numeric_answer": 1.3, "relative_error": 0.975872308834447, "thinking_text": null, "has_tool_call": false, "tool_call": null, "usage": {"prompt_tokens": 171, "completion_tokens": 121, "total_tokens": 292, "token_count_source": "tokenizer"}, "decoding": {"temperature": 0.2, "top_p": null, "top_k": null, "max_tokens": 120, "seed": 42}, "prompt_tokens": 171, "completion_tokens": 121, "total_tokens": 292, "token_count_source": "tokenizer", "diffusion_steps": null, "flops_estimate": null, "flops_arch": null, "flops_model_params": null, "flops_active_params": null, "tokens_non_final": 3, "tokens_reasoning": 0, "tokens_response": 3, "elapsed_seconds": 50.6716787815094, "judgement": "Way off"}
{"id": "fermi_000103", "topic": "fermi", "subtopic": "crowd_density", "prompt": "A plaza is about 70 m by 20 m, with roughly 4 people per square meter. About how many people are there?", "exact_value": 5600, "model": "Dream-org/Dream-v0-Instruct-7B", "provider": "transformers", "response": "Final answer: 100", "numeric_answer": 100.0, "relative_error": 0.9821428571428571, "thinking_text": null, "has_tool_call": false, "tool_call": null, "usage": {"prompt_tokens": 172, "completion_tokens": 120, "total_tokens": 292, "token_count_source": "tokenizer"}, "decoding": {"temperature": 0.2, "top_p": null, "top_k": null, "max_tokens": 120, "seed": 42}, "prompt_tokens": 172, "completion_tokens": 120, "total_tokens": 292, "token_count_source": "tokenizer", "diffusion_steps": null, "flops_estimate": null, "flops_arch": null, "flops_model_params": null, "flops_active_params": null, "tokens_non_final": 3, "tokens_reasoning": 0, "tokens_response": 3, "elapsed_seconds": 50.6716787815094, "judgement": "Way off"}
{"id": "fermi_000123", "topic": "fermi", "subtopic": "crowd_density", "prompt": "A plaza is about 70 m by 35 m, with roughly 4 people per square meter. About how many people are there?", "exact_value": 9800, "model": "Dream-org/Dream-v0-Instruct-7B", "provider": "transformers", "response": "Final answer: 100.", "numeric_answer": 100.0, "relative_error": 0.9897959183673469, "thinking_text": null, "has_tool_call": false, "tool_call": null, "usage": {"prompt_tokens": 172, "completion_tokens": 120, "total_tokens": 292, "token_count_source": "tokenizer"}, "decoding": {"temperature": 0.2, "top_p": null, "top_k": null, "max_tokens": 120, "seed": 42}, "prompt_tokens": 172, "completion_tokens": 120, "total_tokens": 292, "token_count_source": "tokenizer", "diffusion_steps": null, "flops_estimate": null, "flops_arch": null, "flops_model_params": null, "flops_active_params": null, "tokens_non_final": 3, "tokens_reasoning": 0, "tokens_response": 3, "elapsed_seconds": 50.6716787815094, "judgement": "Way off"}
{"id": "fermi_000143", "topic": "fermi", "subtopic": "crowd_density", "prompt": "A plaza is about 30 m by 20 m, with roughly 1 people per square meter. About how many people are there?", "exact_value": 600, "model": "Dream-org/Dream-v0-Instruct-7B", "provider": "transformers", "response": "Final answer:", "numeric_answer": null, "relative_error": null, "thinking_text": null, "has_tool_call": false, "tool_call": null, "usage": {"prompt_tokens": 172, "completion_tokens": 120, "total_tokens": 292, "token_count_source": "tokenizer"}, "decoding": {"temperature": 0.2, "top_p": null, "top_k": null, "max_tokens": 120, "seed": 42}, "prompt_tokens": 172, "completion_tokens": 120, "total_tokens": 292, "token_count_source": "tokenizer", "diffusion_steps": null, "flops_estimate": null, "flops_arch": null, "flops_model_params": null, "flops_active_params": null, "tokens_non_final": 2, "tokens_reasoning": 0, "tokens_response": 2, "elapsed_seconds": 50.02746033668518, "judgement": "Uncategorized"}
{"id": "fermi_000163", "topic": "fermi", "subtopic": "crowd_density", "prompt": "A plaza is about 70 m by 35 m, with roughly 3 people per square meter. About how many people are there?", "exact_value": 7350, "model": "Dream-org/Dream-v0-Instruct-7B", "provider": "transformers", "response": "Final answer: 100", "numeric_answer": 100.0, "relative_error": 0.9863945578231292, "thinking_text": null, "has_tool_call": false, "tool_call": null, "usage": {"prompt_tokens": 172, "completion_tokens": 120, "total_tokens": 292, "token_count_source": "tokenizer"}, "decoding": {"temperature": 0.2, "top_p": null, "top_k": null, "max_tokens": 120, "seed": 42}, "prompt_tokens": 172, "completion_tokens": 120, "total_tokens": 292, "token_count_source": "tokenizer", "diffusion_steps": null, "flops_estimate": null, "flops_arch": null, "flops_model_params": null, "flops_active_params": null, "tokens_non_final": 3, "tokens_reasoning": 0, "tokens_response": 3, "elapsed_seconds": 50.02746033668518, "judgement": "Way off"}
{"id": "fermi_000183", "topic": "fermi", "subtopic": "crowd_density", "prompt": "A plaza is about 40 m by 35 m, with roughly 3 people per square meter. About how many people are there?", "exact_value": 4200, "model": "Dream-org/Dream-v0-Instruct-7B", "provider": "transformers", "response": "Final answer: 100", "numeric_answer": 100.0, "relative_error": 0.9761904761904762, "thinking_text": null, "has_tool_call": false, "tool_call": null, "usage": {"prompt_tokens": 172, "completion_tokens": 120, "total_tokens": 292, "token_count_source": "tokenizer"}, "decoding": {"temperature": 0.2, "top_p": null, "top_k": null, "max_tokens": 120, "seed": 42}, "prompt_tokens": 172, "completion_tokens": 120, "total_tokens": 292, "token_count_source": "tokenizer", "diffusion_steps": null, "flops_estimate": null, "flops_arch": null, "flops_model_params": null, "flops_active_params": null, "tokens_non_final": 3, "tokens_reasoning": 0, "tokens_response": 3, "elapsed_seconds": 50.02746033668518, "judgement": "Way off"}
{"id": "fermi_000203", "topic": "fermi", "subtopic": "crowd_density", "prompt": "A plaza is about 50 m by 20 m, with roughly 4 people per square meter. About how many people are there?", "exact_value": 4000, "model": "Dream-org/Dream-v0-Instruct-7B", "provider": "transformers", "response": "Final answer: 10.", "numeric_answer": 10.0, "relative_error": 0.9975, "thinking_text": null, "has_tool_call": false, "tool_call": null, "usage": {"prompt_tokens": 172, "completion_tokens": 120, "total_tokens": 292, "token_count_source": "tokenizer"}, "decoding": {"temperature": 0.2, "top_p": null, "top_k": null, "max_tokens": 120, "seed": 42}, "prompt_tokens": 172, "completion_tokens": 120, "total_tokens": 292, "token_count_source": "tokenizer", "diffusion_steps": null, "flops_estimate": null, "flops_arch": null, "flops_model_params": null, "flops_active_params": null, "tokens_non_final": 3, "tokens_reasoning": 0, "tokens_response": 3, "elapsed_seconds": 50.02746033668518, "judgement": "Way off"}
{"id": "fermi_000223", "topic": "fermi", "subtopic": "crowd_density", "prompt": "A plaza is about 40 m by 20 m, with roughly 1 people per square meter. About how many people are there?", "exact_value": 800, "model": "Dream-org/Dream-v0-Instruct-7B", "provider": "transformers", "response": "Final answer: 10.", "numeric_answer": 10.0, "relative_error": 0.9875, "thinking_text": null, "has_tool_call": false, "tool_call": null, "usage": {"prompt_tokens": 172, "completion_tokens": 120, "total_tokens": 292, "token_count_source": "tokenizer"}, "decoding": {"temperature": 0.2, "top_p": null, "top_k": null, "max_tokens": 120, "seed": 42}, "prompt_tokens": 172, "completion_tokens": 120, "total_tokens": 292, "token_count_source": "tokenizer", "diffusion_steps": null, "flops_estimate": null, "flops_arch": null, "flops_model_params": null, "flops_active_params": null, "tokens_non_final": 3, "tokens_reasoning": 0, "tokens_response": 3, "elapsed_seconds": 50.02750062942505, "judgement": "Way off"}
{"id": "fermi_000243", "topic": "fermi", "subtopic": "crowd_density", "prompt": "A plaza is about 50 m by 35 m, with roughly 1 people per square meter. About how many people are there?", "exact_value": 1750, "model": "Dream-org/Dream-v0-Instruct-7B", "provider": "transformers", "response": "Final answer: 100.", "numeric_answer": 100.0, "relative_error": 0.9428571428571428, "thinking_text": null, "has_tool_call": false, "tool_call": null, "usage": {"prompt_tokens": 172, "completion_tokens": 120, "total_tokens": 292, "token_count_source": "tokenizer"}, "decoding": {"temperature": 0.2, "top_p": null, "top_k": null, "max_tokens": 120, "seed": 42}, "prompt_tokens": 172, "completion_tokens": 120, "total_tokens": 292, "token_count_source": "tokenizer", "diffusion_steps": null, "flops_estimate": null, "flops_arch": null, "flops_model_params": null, "flops_active_params": null, "tokens_non_final": 3, "tokens_reasoning": 0, "tokens_response": 3, "elapsed_seconds": 50.02750062942505, "judgement": "Way off"}
{"id": "fermi_000263", "topic": "fermi", "subtopic": "crowd_density", "prompt": "A plaza is about 40 m by 30 m, with roughly 1 people per square meter. About how many people are there?", "exact_value": 1200, "model": "Dream-org/Dream-v0-Instruct-7B", "provider": "transformers", "response": "Final answer: 2.", "numeric_answer": 2.0, "relative_error": 0.9983333333333333, "thinking_text": null, "has_tool_call": false, "tool_call": null, "usage": {"prompt_tokens": 172, "completion_tokens": 120, "total_tokens": 292, "token_count_source": "tokenizer"}, "decoding": {"temperature": 0.2, "top_p": null, "top_k": null, "max_tokens": 120, "seed": 42}, "prompt_tokens": 172, "completion_tokens": 120, "total_tokens": 292, "token_count_source": "tokenizer", "diffusion_steps": null, "flops_estimate": null, "flops_arch": null, "flops_model_params": null, "flops_active_params": null, "tokens_non_final": 3, "tokens_reasoning": 0, "tokens_response": 3, "elapsed_seconds": 50.02750062942505, "judgement": "Way off"}
{"id": "fermi_000283", "topic": "fermi", "subtopic": "crowd_density", "prompt": "A plaza is about 40 m by 20 m, with roughly 1 people per square meter. About how many people are there?", "exact_value": 800, "model": "Dream-org/Dream-v0-Instruct-7B", "provider": "transformers", "response": "Final answer: 10.", "numeric_answer": 10.0, "relative_error": 0.9875, "thinking_text": null, "has_tool_call": false, "tool_call": null, "usage": {"prompt_tokens": 172, "completion_tokens": 120, "total_tokens": 292, "token_count_source": "tokenizer"}, "decoding": {"temperature": 0.2, "top_p": null, "top_k": null, "max_tokens": 120, "seed": 42}, "prompt_tokens": 172, "completion_tokens": 120, "total_tokens": 292, "token_count_source": "tokenizer", "diffusion_steps": null, "flops_estimate": null, "flops_arch": null, "flops_model_params": null, "flops_active_params": null, "tokens_non_final": 3, "tokens_reasoning": 0, "tokens_response": 3, "elapsed_seconds": 50.02750062942505, "judgement": "Way off"}
{"id": "fermi_000303", "topic": "fermi", "subtopic": "crowd_density", "prompt": "A plaza is about 70 m by 25 m, with roughly 3 people per square meter. About how many people are there?", "exact_value": 5250, "model": "Dream-org/Dream-v0-Instruct-7B", "provider": "transformers", "response": "Final answer: 100.", "numeric_answer": 100.0, "relative_error": 0.9809523809523809, "thinking_text": null, "has_tool_call": false, "tool_call": null, "usage": {"prompt_tokens": 172, "completion_tokens": 120, "total_tokens": 292, "token_count_source": "tokenizer"}, "decoding": {"temperature": 0.2, "top_p": null, "top_k": null, "max_tokens": 120, "seed": 42}, "prompt_tokens": 172, "completion_tokens": 120, "total_tokens": 292, "token_count_source": "tokenizer", "diffusion_steps": null, "flops_estimate": null, "flops_arch": null, "flops_model_params": null, "flops_active_params": null, "tokens_non_final": 3, "tokens_reasoning": 0, "tokens_response": 3, "elapsed_seconds": 50.01603126525879, "judgement": "Way off"}
{"id": "fermi_000323", "topic": "fermi", "subtopic": "crowd_density", "prompt": "A plaza is about 70 m by 20 m, with roughly 3 people per square meter. About how many people are there?", "exact_value": 4200, "model": "Dream-org/Dream-v0-Instruct-7B", "provider": "transformers", "response": "Final answer: 1.00.", "numeric_answer": 1.0, "relative_error": 0.9997619047619047, "thinking_text": null, "has_tool_call": false, "tool_call": null, "usage": {"prompt_tokens": 172, "completion_tokens": 120, "total_tokens": 292, "token_count_source": "tokenizer"}, "decoding": {"temperature": 0.2, "top_p": null, "top_k": null, "max_tokens": 120, "seed": 42}, "prompt_tokens": 172, "completion_tokens": 120, "total_tokens": 292, "token_count_source": "tokenizer", "diffusion_steps": null, "flops_estimate": null, "flops_arch": null, "flops_model_params": null, "flops_active_params": null, "tokens_non_final": 3, "tokens_reasoning": 0, "tokens_response": 3, "elapsed_seconds": 50.01603126525879, "judgement": "Way off"}
{"id": "fermi_000343", "topic": "fermi", "subtopic": "crowd_density", "prompt": "A plaza is about 60 m by 30 m, with roughly 4 people per square meter. About how many people are there?", "exact_value": 7200, "model": "Dream-org/Dream-v0-Instruct-7B", "provider": "transformers", "response": "Final answer: 100", "numeric_answer": 100.0, "relative_error": 0.9861111111111112, "thinking_text": null, "has_tool_call": false, "tool_call": null, "usage": {"prompt_tokens": 172, "completion_tokens": 120, "total_tokens": 292, "token_count_source": "tokenizer"}, "decoding": {"temperature": 0.2, "top_p": null, "top_k": null, "max_tokens": 120, "seed": 42}, "prompt_tokens": 172, "completion_tokens": 120, "total_tokens": 292, "token_count_source": "tokenizer", "diffusion_steps": null, "flops_estimate": null, "flops_arch": null, "flops_model_params": null, "flops_active_params": null, "tokens_non_final": 3, "tokens_reasoning": 0, "tokens_response": 3, "elapsed_seconds": 50.01603126525879, "judgement": "Way off"}
{"id": "fermi_000363", "topic": "fermi", "subtopic": "crowd_density", "prompt": "A plaza is about 70 m by 20 m, with roughly 1 people per square meter. About how many people are there?", "exact_value": 1400, "model": "Dream-org/Dream-v0-Instruct-7B", "provider": "transformers", "response": "Final answer: 100.", "numeric_answer": 100.0, "relative_error": 0.9285714285714286, "thinking_text": null, "has_tool_call": false, "tool_call": null, "usage": {"prompt_tokens": 172, "completion_tokens": 120, "total_tokens": 292, "token_count_source": "tokenizer"}, "decoding": {"temperature": 0.2, "top_p": null, "top_k": null, "max_tokens": 120, "seed": 42}, "prompt_tokens": 172, "completion_tokens": 120, "total_tokens": 292, "token_count_source": "tokenizer", "diffusion_steps": null, "flops_estimate": null, "flops_arch": null, "flops_model_params": null, "flops_active_params": null, "tokens_non_final": 3, "tokens_reasoning": 0, "tokens_response": 3, "elapsed_seconds": 50.01603126525879, "judgement": "Way off"}
{"id": "fermi_000383", "topic": "fermi", "subtopic": "crowd_density", "prompt": "A plaza is about 30 m by 30 m, with roughly 1 people per square meter. About how many people are there?", "exact_value": 900, "model": "Dream-org/Dream-v0-Instruct-7B", "provider": "transformers", "response": "Final answer: 10.", "numeric_answer": 10.0, "relative_error": 0.9888888888888889, "thinking_text": null, "has_tool_call": false, "tool_call": null, "usage": {"prompt_tokens": 172, "completion_tokens": 120, "total_tokens": 292, "token_count_source": "tokenizer"}, "decoding": {"temperature": 0.2, "top_p": null, "top_k": null, "max_tokens": 120, "seed": 42}, "prompt_tokens": 172, "completion_tokens": 120, "total_tokens": 292, "token_count_source": "tokenizer", "diffusion_steps": null, "flops_estimate": null, "flops_arch": null, "flops_model_params": null, "flops_active_params": null, "tokens_non_final": 3, "tokens_reasoning": 0, "tokens_response": 3, "elapsed_seconds": 49.88345813751221, "judgement": "Way off"}
{"id": "fermi_000403", "topic": "fermi", "subtopic": "crowd_density", "prompt": "A plaza is about 40 m by 30 m, with roughly 2 people per square meter. About how many people are there?", "exact_value": 2400, "model": "Dream-org/Dream-v0-Instruct-7B", "provider": "transformers", "response": "Final answer: 1,000.", "numeric_answer": 1.0, "relative_error": 0.9995833333333334, "thinking_text": null, "has_tool_call": false, "tool_call": null, "usage": {"prompt_tokens": 172, "completion_tokens": 120, "total_tokens": 292, "token_count_source": "tokenizer"}, "decoding": {"temperature": 0.2, "top_p": null, "top_k": null, "max_tokens": 120, "seed": 42}, "prompt_tokens": 172, "completion_tokens": 120, "total_tokens": 292, "token_count_source": "tokenizer", "diffusion_steps": null, "flops_estimate": null, "flops_arch": null, "flops_model_params": null, "flops_active_params": null, "tokens_non_final": 3, "tokens_reasoning": 0, "tokens_response": 3, "elapsed_seconds": 49.88345813751221, "judgement": "Way off"}
{"id": "fermi_000423", "topic": "fermi", "subtopic": "crowd_density", "prompt": "A plaza is about 70 m by 20 m, with roughly 1 people per square meter. About how many people are there?", "exact_value": 1400, "model": "Dream-org/Dream-v0-Instruct-7B", "provider": "transformers", "response": "Final answer: 1", "numeric_answer": 1.0, "relative_error": 0.9992857142857143, "thinking_text": null, "has_tool_call": false, "tool_call": null, "usage": {"prompt_tokens": 172, "completion_tokens": 120, "total_tokens": 292, "token_count_source": "tokenizer"}, "decoding": {"temperature": 0.2, "top_p": null, "top_k": null, "max_tokens": 120, "seed": 42}, "prompt_tokens": 172, "completion_tokens": 120, "total_tokens": 292, "token_count_source": "tokenizer", "diffusion_steps": null, "flops_estimate": null, "flops_arch": null, "flops_model_params": null, "flops_active_params": null, "tokens_non_final": 3, "tokens_reasoning": 0, "tokens_response": 3, "elapsed_seconds": 49.88345813751221, "judgement": "Way off"}
{"id": "fermi_000443", "topic": "fermi", "subtopic": "crowd_density", "prompt": "A plaza is about 30 m by 30 m, with roughly 4 people per square meter. About how many people are there?", "exact_value": 3600, "model": "Dream-org/Dream-v0-Instruct-7B", "provider": "transformers", "response": "Final answer: 100.", "numeric_answer": 100.0, "relative_error": 0.9722222222222222, "thinking_text": null, "has_tool_call": false, "tool_call": null, "usage": {"prompt_tokens": 172, "completion_tokens": 120, "total_tokens": 292, "token_count_source": "tokenizer"}, "decoding": {"temperature": 0.2, "top_p": null, "top_k": null, "max_tokens": 120, "seed": 42}, "prompt_tokens": 172, "completion_tokens": 120, "total_tokens": 292, "token_count_source": "tokenizer", "diffusion_steps": null, "flops_estimate": null, "flops_arch": null, "flops_model_params": null, "flops_active_params": null, "tokens_non_final": 3, "tokens_reasoning": 0, "tokens_response": 3, "elapsed_seconds": 49.88345813751221, "judgement": "Way off"}
{"id": "fermi_000463", "topic": "fermi", "subtopic": "crowd_density", "prompt": "A plaza is about 60 m by 25 m, with roughly 3 people per square meter. About how many people are there?", "exact_value": 4500, "model": "Dream-org/Dream-v0-Instruct-7B", "provider": "transformers", "response": "Final answer: 10.", "numeric_answer": 10.0, "relative_error": 0.9977777777777778, "thinking_text": null, "has_tool_call": false, "tool_call": null, "usage": {"prompt_tokens": 172, "completion_tokens": 120, "total_tokens": 292, "token_count_source": "tokenizer"}, "decoding": {"temperature": 0.2, "top_p": null, "top_k": null, "max_tokens": 120, "seed": 42}, "prompt_tokens": 172, "completion_tokens": 120, "total_tokens": 292, "token_count_source": "tokenizer", "diffusion_steps": null, "flops_estimate": null, "flops_arch": null, "flops_model_params": null, "flops_active_params": null, "tokens_non_final": 3, "tokens_reasoning": 0, "tokens_response": 3, "elapsed_seconds": 49.635843992233276, "judgement": "Way off"}
{"id": "fermi_000483", "topic": "fermi", "subtopic": "crowd_density", "prompt": "A plaza is about 70 m by 30 m, with roughly 2 people per square meter. About how many people are there?", "exact_value": 4200, "model": "Dream-org/Dream-v0-Instruct-7B", "provider": "transformers", "response": "Final answer: 100", "numeric_answer": 100.0, "relative_error": 0.9761904761904762, "thinking_text": null, "has_tool_call": false, "tool_call": null, "usage": {"prompt_tokens": 172, "completion_tokens": 120, "total_tokens": 292, "token_count_source": "tokenizer"}, "decoding": {"temperature": 0.2, "top_p": null, "top_k": null, "max_tokens": 120, "seed": 42}, "prompt_tokens": 172, "completion_tokens": 120, "total_tokens": 292, "token_count_source": "tokenizer", "diffusion_steps": null, "flops_estimate": null, "flops_arch": null, "flops_model_params": null, "flops_active_params": null, "tokens_non_final": 3, "tokens_reasoning": 0, "tokens_response": 3, "elapsed_seconds": 49.635843992233276, "judgement": "Way off"}
{"id": "fermi_000503", "topic": "fermi", "subtopic": "crowd_density", "prompt": "A plaza is about 40 m by 25 m, with roughly 4 people per square meter. About how many people are there?", "exact_value": 4000, "model": "Dream-org/Dream-v0-Instruct-7B", "provider": "transformers", "response": "Final answer: 10.", "numeric_answer": 10.0, "relative_error": 0.9975, "thinking_text": null, "has_tool_call": false, "tool_call": null, "usage": {"prompt_tokens": 172, "completion_tokens": 120, "total_tokens": 292, "token_count_source": "tokenizer"}, "decoding": {"temperature": 0.2, "top_p": null, "top_k": null, "max_tokens": 120, "seed": 42}, "prompt_tokens": 172, "completion_tokens": 120, "total_tokens": 292, "token_count_source": "tokenizer", "diffusion_steps": null, "flops_estimate": null, "flops_arch": null, "flops_model_params": null, "flops_active_params": null, "tokens_non_final": 3, "tokens_reasoning": 0, "tokens_response": 3, "elapsed_seconds": 49.635843992233276, "judgement": "Way off"}
{"id": "fermi_000523", "topic": "fermi", "subtopic": "crowd_density", "prompt": "A plaza is about 50 m by 35 m, with roughly 4 people per square meter. About how many people are there?", "exact_value": 7000, "model": "Dream-org/Dream-v0-Instruct-7B", "provider": "transformers", "response": "Final answer: 100", "numeric_answer": 100.0, "relative_error": 0.9857142857142858, "thinking_text": null, "has_tool_call": false, "tool_call": null, "usage": {"prompt_tokens": 172, "completion_tokens": 120, "total_tokens": 292, "token_count_source": "tokenizer"}, "decoding": {"temperature": 0.2, "top_p": null, "top_k": null, "max_tokens": 120, "seed": 42}, "prompt_tokens": 172, "completion_tokens": 120, "total_tokens": 292, "token_count_source": "tokenizer", "diffusion_steps": null, "flops_estimate": null, "flops_arch": null, "flops_model_params": null, "flops_active_params": null, "tokens_non_final": 3, "tokens_reasoning": 0, "tokens_response": 3, "elapsed_seconds": 49.635843992233276, "judgement": "Way off"}
{"id": "fermi_000543", "topic": "fermi", "subtopic": "crowd_density", "prompt": "A plaza is about 40 m by 35 m, with roughly 2 people per square meter. About how many people are there?", "exact_value": 2800, "model": "Dream-org/Dream-v0-Instruct-7B", "provider": "transformers", "response": "Final answer: 10.", "numeric_answer": 10.0, "relative_error": 0.9964285714285714, "thinking_text": null, "has_tool_call": false, "tool_call": null, "usage": {"prompt_tokens": 172, "completion_tokens": 120, "total_tokens": 292, "token_count_source": "tokenizer"}, "decoding": {"temperature": 0.2, "top_p": null, "top_k": null, "max_tokens": 120, "seed": 42}, "prompt_tokens": 172, "completion_tokens": 120, "total_tokens": 292, "token_count_source": "tokenizer", "diffusion_steps": null, "flops_estimate": null, "flops_arch": null, "flops_model_params": null, "flops_active_params": null, "tokens_non_final": 3, "tokens_reasoning": 0, "tokens_response": 3, "elapsed_seconds": 49.62752032279968, "judgement": "Way off"}
{"id": "fermi_000563", "topic": "fermi", "subtopic": "crowd_density", "prompt": "A plaza is about 30 m by 30 m, with roughly 3 people per square meter. About how many people are there?", "exact_value": 2700, "model": "Dream-org/Dream-v0-Instruct-7B", "provider": "transformers", "response": "Final answer: 10.", "numeric_answer": 10.0, "relative_error": 0.9962962962962963, "thinking_text": null, "has_tool_call": false, "tool_call": null, "usage": {"prompt_tokens": 172, "completion_tokens": 120, "total_tokens": 292, "token_count_source": "tokenizer"}, "decoding": {"temperature": 0.2, "top_p": null, "top_k": null, "max_tokens": 120, "seed": 42}, "prompt_tokens": 172, "completion_tokens": 120, "total_tokens": 292, "token_count_source": "tokenizer", "diffusion_steps": null, "flops_estimate": null, "flops_arch": null, "flops_model_params": null, "flops_active_params": null, "tokens_non_final": 3, "tokens_reasoning": 0, "tokens_response": 3, "elapsed_seconds": 49.62752032279968, "judgement": "Way off"}
{"id": "fermi_000583", "topic": "fermi", "subtopic": "crowd_density", "prompt": "A plaza is about 60 m by 25 m, with roughly 4 people per square meter. About how many people are there?", "exact_value": 6000, "model": "Dream-org/Dream-v0-Instruct-7B", "provider": "transformers", "response": "Final answer: 100", "numeric_answer": 100.0, "relative_error": 0.9833333333333333, "thinking_text": null, "has_tool_call": false, "tool_call": null, "usage": {"prompt_tokens": 172, "completion_tokens": 120, "total_tokens": 292, "token_count_source": "tokenizer"}, "decoding": {"temperature": 0.2, "top_p": null, "top_k": null, "max_tokens": 120, "seed": 42}, "prompt_tokens": 172, "completion_tokens": 120, "total_tokens": 292, "token_count_source": "tokenizer", "diffusion_steps": null, "flops_estimate": null, "flops_arch": null, "flops_model_params": null, "flops_active_params": null, "tokens_non_final": 3, "tokens_reasoning": 0, "tokens_response": 3, "elapsed_seconds": 49.62752032279968, "judgement": "Way off"}
{"id": "fermi_000603", "topic": "fermi", "subtopic": "crowd_density", "prompt": "A plaza is about 70 m by 25 m, with roughly 3 people per square meter. About how many people are there?", "exact_value": 5250, "model": "Dream-org/Dream-v0-Instruct-7B", "provider": "transformers", "response": "Final answer: 100.", "numeric_answer": 100.0, "relative_error": 0.9809523809523809, "thinking_text": null, "has_tool_call": false, "tool_call": null, "usage": {"prompt_tokens": 172, "completion_tokens": 120, "total_tokens": 292, "token_count_source": "tokenizer"}, "decoding": {"temperature": 0.2, "top_p": null, "top_k": null, "max_tokens": 120, "seed": 42}, "prompt_tokens": 172, "completion_tokens": 120, "total_tokens": 292, "token_count_source": "tokenizer", "diffusion_steps": null, "flops_estimate": null, "flops_arch": null, "flops_model_params": null, "flops_active_params": null, "tokens_non_final": 3, "tokens_reasoning": 0, "tokens_response": 3, "elapsed_seconds": 49.62752032279968, "judgement": "Way off"}
{"id": "fermi_000623", "topic": "fermi", "subtopic": "crowd_density", "prompt": "A plaza is about 70 m by 35 m, with roughly 3 people per square meter. About how many people are there?", "exact_value": 7350, "model": "Dream-org/Dream-v0-Instruct-7B", "provider": "transformers", "response": "Final answer: 2.", "numeric_answer": 2.0, "relative_error": 0.9997278911564625, "thinking_text": null, "has_tool_call": false, "tool_call": null, "usage": {"prompt_tokens": 172, "completion_tokens": 120, "total_tokens": 292, "token_count_source": "tokenizer"}, "decoding": {"temperature": 0.2, "top_p": null, "top_k": null, "max_tokens": 120, "seed": 42}, "prompt_tokens": 172, "completion_tokens": 120, "total_tokens": 292, "token_count_source": "tokenizer", "diffusion_steps": null, "flops_estimate": null, "flops_arch": null, "flops_model_params": null, "flops_active_params": null, "tokens_non_final": 3, "tokens_reasoning": 0, "tokens_response": 3, "elapsed_seconds": 49.62868142127991, "judgement": "Way off"}
{"id": "fermi_000643", "topic": "fermi", "subtopic": "crowd_density", "prompt": "A plaza is about 30 m by 25 m, with roughly 4 people per square meter. About how many people are there?", "exact_value": 3000, "model": "Dream-org/Dream-v0-Instruct-7B", "provider": "transformers", "response": "Final answer: 100.", "numeric_answer": 100.0, "relative_error": 0.9666666666666667, "thinking_text": null, "has_tool_call": false, "tool_call": null, "usage": {"prompt_tokens": 172, "completion_tokens": 120, "total_tokens": 292, "token_count_source": "tokenizer"}, "decoding": {"temperature": 0.2, "top_p": null, "top_k": null, "max_tokens": 120, "seed": 42}, "prompt_tokens": 172, "completion_tokens": 120, "total_tokens": 292, "token_count_source": "tokenizer", "diffusion_steps": null, "flops_estimate": null, "flops_arch": null, "flops_model_params": null, "flops_active_params": null, "tokens_non_final": 3, "tokens_reasoning": 0, "tokens_response": 3, "elapsed_seconds": 49.62868142127991, "judgement": "Way off"}
{"id": "fermi_000663", "topic": "fermi", "subtopic": "crowd_density", "prompt": "A plaza is about 30 m by 25 m, with roughly 2 people per square meter. About how many people are there?", "exact_value": 1500, "model": "Dream-org/Dream-v0-Instruct-7B", "provider": "transformers", "response": "Final answer: 1.", "numeric_answer": 1.0, "relative_error": 0.9993333333333333, "thinking_text": null, "has_tool_call": false, "tool_call": null, "usage": {"prompt_tokens": 172, "completion_tokens": 120, "total_tokens": 292, "token_count_source": "tokenizer"}, "decoding": {"temperature": 0.2, "top_p": null, "top_k": null, "max_tokens": 120, "seed": 42}, "prompt_tokens": 172, "completion_tokens": 120, "total_tokens": 292, "token_count_source": "tokenizer", "diffusion_steps": null, "flops_estimate": null, "flops_arch": null, "flops_model_params": null, "flops_active_params": null, "tokens_non_final": 3, "tokens_reasoning": 0, "tokens_response": 3, "elapsed_seconds": 49.62868142127991, "judgement": "Way off"}
{"id": "fermi_000683", "topic": "fermi", "subtopic": "crowd_density", "prompt": "A plaza is about 70 m by 35 m, with roughly 1 people per square meter. About how many people are there?", "exact_value": 2450, "model": "Dream-org/Dream-v0-Instruct-7B", "provider": "transformers", "response": "Final answer: 10 people.", "numeric_answer": 10.0, "relative_error": 0.9959183673469387, "thinking_text": null, "has_tool_call": false, "tool_call": null, "usage": {"prompt_tokens": 172, "completion_tokens": 120, "total_tokens": 292, "token_count_source": "tokenizer"}, "decoding": {"temperature": 0.2, "top_p": null, "top_k": null, "max_tokens": 120, "seed": 42}, "prompt_tokens": 172, "completion_tokens": 120, "total_tokens": 292, "token_count_source": "tokenizer", "diffusion_steps": null, "flops_estimate": null, "flops_arch": null, "flops_model_params": null, "flops_active_params": null, "tokens_non_final": 4, "tokens_reasoning": 0, "tokens_response": 4, "elapsed_seconds": 49.62868142127991, "judgement": "Way off"}
{"id": "fermi_000703", "topic": "fermi", "subtopic": "crowd_density", "prompt": "A plaza is about 40 m by 25 m, with roughly 1 people per square meter. About how many people are there?", "exact_value": 1000, "model": "Dream-org/Dream-v0-Instruct-7B", "provider": "transformers", "response": "Final answer: 100.", "numeric_answer": 100.0, "relative_error": 0.9, "thinking_text": null, "has_tool_call": false, "tool_call": null, "usage": {"prompt_tokens": 172, "completion_tokens": 120, "total_tokens": 292, "token_count_source": "tokenizer"}, "decoding": {"temperature": 0.2, "top_p": null, "top_k": null, "max_tokens": 120, "seed": 42}, "prompt_tokens": 172, "completion_tokens": 120, "total_tokens": 292, "token_count_source": "tokenizer", "diffusion_steps": null, "flops_estimate": null, "flops_arch": null, "flops_model_params": null, "flops_active_params": null, "tokens_non_final": 3, "tokens_reasoning": 0, "tokens_response": 3, "elapsed_seconds": 49.650538206100464, "judgement": "Way off"}
{"id": "fermi_000723", "topic": "fermi", "subtopic": "crowd_density", "prompt": "A plaza is about 50 m by 30 m, with roughly 4 people per square meter. About how many people are there?", "exact_value": 6000, "model": "Dream-org/Dream-v0-Instruct-7B", "provider": "transformers", "response": "Final answer: 100", "numeric_answer": 100.0, "relative_error": 0.9833333333333333, "thinking_text": null, "has_tool_call": false, "tool_call": null, "usage": {"prompt_tokens": 172, "completion_tokens": 120, "total_tokens": 292, "token_count_source": "tokenizer"}, "decoding": {"temperature": 0.2, "top_p": null, "top_k": null, "max_tokens": 120, "seed": 42}, "prompt_tokens": 172, "completion_tokens": 120, "total_tokens": 292, "token_count_source": "tokenizer", "diffusion_steps": null, "flops_estimate": null, "flops_arch": null, "flops_model_params": null, "flops_active_params": null, "tokens_non_final": 3, "tokens_reasoning": 0, "tokens_response": 3, "elapsed_seconds": 49.650538206100464, "judgement": "Way off"}
{"id": "fermi_000743", "topic": "fermi", "subtopic": "crowd_density", "prompt": "A plaza is about 50 m by 25 m, with roughly 4 people per square meter. About how many people are there?", "exact_value": 5000, "model": "Dream-org/Dream-v0-Instruct-7B", "provider": "transformers", "response": "Final answer: 3", "numeric_answer": 3.0, "relative_error": 0.9994, "thinking_text": null, "has_tool_call": false, "tool_call": null, "usage": {"prompt_tokens": 172, "completion_tokens": 120, "total_tokens": 292, "token_count_source": "tokenizer"}, "decoding": {"temperature": 0.2, "top_p": null, "top_k": null, "max_tokens": 120, "seed": 42}, "prompt_tokens": 172, "completion_tokens": 120, "total_tokens": 292, "token_count_source": "tokenizer", "diffusion_steps": null, "flops_estimate": null, "flops_arch": null, "flops_model_params": null, "flops_active_params": null, "tokens_non_final": 3, "tokens_reasoning": 0, "tokens_response": 3, "elapsed_seconds": 49.650538206100464, "judgement": "Way off"}
{"id": "fermi_000763", "topic": "fermi", "subtopic": "crowd_density", "prompt": "A plaza is about 60 m by 35 m, with roughly 4 people per square meter. About how many people are there?", "exact_value": 8400, "model": "Dream-org/Dream-v0-Instruct-7B", "provider": "transformers", "response": "Final answer: 100.", "numeric_answer": 100.0, "relative_error": 0.9880952380952381, "thinking_text": null, "has_tool_call": false, "tool_call": null, "usage": {"prompt_tokens": 172, "completion_tokens": 120, "total_tokens": 292, "token_count_source": "tokenizer"}, "decoding": {"temperature": 0.2, "top_p": null, "top_k": null, "max_tokens": 120, "seed": 42}, "prompt_tokens": 172, "completion_tokens": 120, "total_tokens": 292, "token_count_source": "tokenizer", "diffusion_steps": null, "flops_estimate": null, "flops_arch": null, "flops_model_params": null, "flops_active_params": null, "tokens_non_final": 3, "tokens_reasoning": 0, "tokens_response": 3, "elapsed_seconds": 49.650538206100464, "judgement": "Way off"}
{"id": "fermi_000783", "topic": "fermi", "subtopic": "crowd_density", "prompt": "A plaza is about 50 m by 25 m, with roughly 4 people per square meter. About how many people are there?", "exact_value": 5000, "model": "Dream-org/Dream-v0-Instruct-7B", "provider": "transformers", "response": "Final answer: 10", "numeric_answer": 10.0, "relative_error": 0.998, "thinking_text": null, "has_tool_call": false, "tool_call": null, "usage": {"prompt_tokens": 172, "completion_tokens": 120, "total_tokens": 292, "token_count_source": "tokenizer"}, "decoding": {"temperature": 0.2, "top_p": null, "top_k": null, "max_tokens": 120, "seed": 42}, "prompt_tokens": 172, "completion_tokens": 120, "total_tokens": 292, "token_count_source": "tokenizer", "diffusion_steps": null, "flops_estimate": null, "flops_arch": null, "flops_model_params": null, "flops_active_params": null, "tokens_non_final": 3, "tokens_reasoning": 0, "tokens_response": 3, "elapsed_seconds": 49.64679718017578, "judgement": "Way off"}
{"id": "fermi_000803", "topic": "fermi", "subtopic": "crowd_density", "prompt": "A plaza is about 30 m by 20 m, with roughly 2 people per square meter. About how many people are there?", "exact_value": 1200, "model": "Dream-org/Dream-v0-Instruct-7B", "provider": "transformers", "response": "Final answer: 100.", "numeric_answer": 100.0, "relative_error": 0.9166666666666666, "thinking_text": null, "has_tool_call": false, "tool_call": null, "usage": {"prompt_tokens": 172, "completion_tokens": 120, "total_tokens": 292, "token_count_source": "tokenizer"}, "decoding": {"temperature": 0.2, "top_p": null, "top_k": null, "max_tokens": 120, "seed": 42}, "prompt_tokens": 172, "completion_tokens": 120, "total_tokens": 292, "token_count_source": "tokenizer", "diffusion_steps": null, "flops_estimate": null, "flops_arch": null, "flops_model_params": null, "flops_active_params": null, "tokens_non_final": 3, "tokens_reasoning": 0, "tokens_response": 3, "elapsed_seconds": 49.64679718017578, "judgement": "Way off"}
{"id": "fermi_000823", "topic": "fermi", "subtopic": "crowd_density", "prompt": "A plaza is about 50 m by 20 m, with roughly 3 people per square meter. About how many people are there?", "exact_value": 3000, "model": "Dream-org/Dream-v0-Instruct-7B", "provider": "transformers", "response": "Final answer: 100 people.", "numeric_answer": 100.0, "relative_error": 0.9666666666666667, "thinking_text": null, "has_tool_call": false, "tool_call": null, "usage": {"prompt_tokens": 172, "completion_tokens": 120, "total_tokens": 292, "token_count_source": "tokenizer"}, "decoding": {"temperature": 0.2, "top_p": null, "top_k": null, "max_tokens": 120, "seed": 42}, "prompt_tokens": 172, "completion_tokens": 120, "total_tokens": 292, "token_count_source": "tokenizer", "diffusion_steps": null, "flops_estimate": null, "flops_arch": null, "flops_model_params": null, "flops_active_params": null, "tokens_non_final": 4, "tokens_reasoning": 0, "tokens_response": 4, "elapsed_seconds": 49.64679718017578, "judgement": "Way off"}
{"id": "fermi_000843", "topic": "fermi", "subtopic": "crowd_density", "prompt": "A plaza is about 40 m by 30 m, with roughly 2 people per square meter. About how many people are there?", "exact_value": 2400, "model": "Dream-org/Dream-v0-Instruct-7B", "provider": "transformers", "response": "Final answer: 100", "numeric_answer": 100.0, "relative_error": 0.9583333333333334, "thinking_text": null, "has_tool_call": false, "tool_call": null, "usage": {"prompt_tokens": 172, "completion_tokens": 120, "total_tokens": 292, "token_count_source": "tokenizer"}, "decoding": {"temperature": 0.2, "top_p": null, "top_k": null, "max_tokens": 120, "seed": 42}, "prompt_tokens": 172, "completion_tokens": 120, "total_tokens": 292, "token_count_source": "tokenizer", "diffusion_steps": null, "flops_estimate": null, "flops_arch": null, "flops_model_params": null, "flops_active_params": null, "tokens_non_final": 3, "tokens_reasoning": 0, "tokens_response": 3, "elapsed_seconds": 49.64679718017578, "judgement": "Way off"}
{"id": "fermi_000863", "topic": "fermi", "subtopic": "crowd_density", "prompt": "A plaza is about 50 m by 35 m, with roughly 4 people per square meter. About how many people are there?", "exact_value": 7000, "model": "Dream-org/Dream-v0-Instruct-7B", "provider": "transformers", "response": "Final answer: 10", "numeric_answer": 10.0, "relative_error": 0.9985714285714286, "thinking_text": null, "has_tool_call": false, "tool_call": null, "usage": {"prompt_tokens": 172, "completion_tokens": 120, "total_tokens": 292, "token_count_source": "tokenizer"}, "decoding": {"temperature": 0.2, "top_p": null, "top_k": null, "max_tokens": 120, "seed": 42}, "prompt_tokens": 172, "completion_tokens": 120, "total_tokens": 292, "token_count_source": "tokenizer", "diffusion_steps": null, "flops_estimate": null, "flops_arch": null, "flops_model_params": null, "flops_active_params": null, "tokens_non_final": 3, "tokens_reasoning": 0, "tokens_response": 3, "elapsed_seconds": 49.66760849952698, "judgement": "Way off"}
{"id": "fermi_000883", "topic": "fermi", "subtopic": "crowd_density", "prompt": "A plaza is about 60 m by 20 m, with roughly 4 people per square meter. About how many people are there?", "exact_value": 4800, "model": "Dream-org/Dream-v0-Instruct-7B", "provider": "transformers", "response": "Final answer: 100.", "numeric_answer": 100.0, "relative_error": 0.9791666666666666, "thinking_text": null, "has_tool_call": false, "tool_call": null, "usage": {"prompt_tokens": 172, "completion_tokens": 120, "total_tokens": 292, "token_count_source": "tokenizer"}, "decoding": {"temperature": 0.2, "top_p": null, "top_k": null, "max_tokens": 120, "seed": 42}, "prompt_tokens": 172, "completion_tokens": 120, "total_tokens": 292, "token_count_source": "tokenizer", "diffusion_steps": null, "flops_estimate": null, "flops_arch": null, "flops_model_params": null, "flops_active_params": null, "tokens_non_final": 3, "tokens_reasoning": 0, "tokens_response": 3, "elapsed_seconds": 49.66760849952698, "judgement": "Way off"}
{"id": "fermi_000903", "topic": "fermi", "subtopic": "crowd_density", "prompt": "A plaza is about 60 m by 20 m, with roughly 1 people per square meter. About how many people are there?", "exact_value": 1200, "model": "Dream-org/Dream-v0-Instruct-7B", "provider": "transformers", "response": "Final answer: 100.", "numeric_answer": 100.0, "relative_error": 0.9166666666666666, "thinking_text": null, "has_tool_call": false, "tool_call": null, "usage": {"prompt_tokens": 172, "completion_tokens": 120, "total_tokens": 292, "token_count_source": "tokenizer"}, "decoding": {"temperature": 0.2, "top_p": null, "top_k": null, "max_tokens": 120, "seed": 42}, "prompt_tokens": 172, "completion_tokens": 120, "total_tokens": 292, "token_count_source": "tokenizer", "diffusion_steps": null, "flops_estimate": null, "flops_arch": null, "flops_model_params": null, "flops_active_params": null, "tokens_non_final": 3, "tokens_reasoning": 0, "tokens_response": 3, "elapsed_seconds": 49.66760849952698, "judgement": "Way off"}
{"id": "fermi_000923", "topic": "fermi", "subtopic": "crowd_density", "prompt": "A plaza is about 30 m by 20 m, with roughly 3 people per square meter. About how many people are there?", "exact_value": 1800, "model": "Dream-org/Dream-v0-Instruct-7B", "provider": "transformers", "response": "Final answer: 10 people.", "numeric_answer": 10.0, "relative_error": 0.9944444444444445, "thinking_text": null, "has_tool_call": false, "tool_call": null, "usage": {"prompt_tokens": 172, "completion_tokens": 120, "total_tokens": 292, "token_count_source": "tokenizer"}, "decoding": {"temperature": 0.2, "top_p": null, "top_k": null, "max_tokens": 120, "seed": 42}, "prompt_tokens": 172, "completion_tokens": 120, "total_tokens": 292, "token_count_source": "tokenizer", "diffusion_steps": null, "flops_estimate": null, "flops_arch": null, "flops_model_params": null, "flops_active_params": null, "tokens_non_final": 4, "tokens_reasoning": 0, "tokens_response": 4, "elapsed_seconds": 49.66760849952698, "judgement": "Way off"}
{"id": "fermi_000943", "topic": "fermi", "subtopic": "crowd_density", "prompt": "A plaza is about 50 m by 25 m, with roughly 1 people per square meter. About how many people are there?", "exact_value": 1250, "model": "Dream-org/Dream-v0-Instruct-7B", "provider": "transformers", "response": "Final answer: 20.", "numeric_answer": 20.0, "relative_error": 0.984, "thinking_text": null, "has_tool_call": false, "tool_call": null, "usage": {"prompt_tokens": 172, "completion_tokens": 120, "total_tokens": 292, "token_count_source": "tokenizer"}, "decoding": {"temperature": 0.2, "top_p": null, "top_k": null, "max_tokens": 120, "seed": 42}, "prompt_tokens": 172, "completion_tokens": 120, "total_tokens": 292, "token_count_source": "tokenizer", "diffusion_steps": null, "flops_estimate": null, "flops_arch": null, "flops_model_params": null, "flops_active_params": null, "tokens_non_final": 3, "tokens_reasoning": 0, "tokens_response": 3, "elapsed_seconds": 49.69101333618164, "judgement": "Way off"}
{"id": "fermi_000963", "topic": "fermi", "subtopic": "crowd_density", "prompt": "A plaza is about 70 m by 35 m, with roughly 4 people per square meter. About how many people are there?", "exact_value": 9800, "model": "Dream-org/Dream-v0-Instruct-7B", "provider": "transformers", "response": "Final answer: 1.", "numeric_answer": 1.0, "relative_error": 0.9998979591836735, "thinking_text": null, "has_tool_call": false, "tool_call": null, "usage": {"prompt_tokens": 172, "completion_tokens": 120, "total_tokens": 292, "token_count_source": "tokenizer"}, "decoding": {"temperature": 0.2, "top_p": null, "top_k": null, "max_tokens": 120, "seed": 42}, "prompt_tokens": 172, "completion_tokens": 120, "total_tokens": 292, "token_count_source": "tokenizer", "diffusion_steps": null, "flops_estimate": null, "flops_arch": null, "flops_model_params": null, "flops_active_params": null, "tokens_non_final": 3, "tokens_reasoning": 0, "tokens_response": 3, "elapsed_seconds": 49.69101333618164, "judgement": "Way off"}
{"id": "fermi_000983", "topic": "fermi", "subtopic": "crowd_density", "prompt": "A plaza is about 50 m by 25 m, with roughly 3 people per square meter. About how many people are there?", "exact_value": 3750, "model": "Dream-org/Dream-v0-Instruct-7B", "provider": "transformers", "response": "Final answer: 10.", "numeric_answer": 10.0, "relative_error": 0.9973333333333333, "thinking_text": null, "has_tool_call": false, "tool_call": null, "usage": {"prompt_tokens": 172, "completion_tokens": 120, "total_tokens": 292, "token_count_source": "tokenizer"}, "decoding": {"temperature": 0.2, "top_p": null, "top_k": null, "max_tokens": 120, "seed": 42}, "prompt_tokens": 172, "completion_tokens": 120, "total_tokens": 292, "token_count_source": "tokenizer", "diffusion_steps": null, "flops_estimate": null, "flops_arch": null, "flops_model_params": null, "flops_active_params": null, "tokens_non_final": 3, "tokens_reasoning": 0, "tokens_response": 3, "elapsed_seconds": 49.69101333618164, "judgement": "Way off"}
{"id": "fermi_001003", "topic": "fermi", "subtopic": "crowd_density", "prompt": "A plaza is about 30 m by 25 m, with roughly 3 people per square meter. About how many people are there?", "exact_value": 2250, "model": "Dream-org/Dream-v0-Instruct-7B", "provider": "transformers", "response": "Final answer: 10 people.", "numeric_answer": 10.0, "relative_error": 0.9955555555555555, "thinking_text": null, "has_tool_call": false, "tool_call": null, "usage": {"prompt_tokens": 172, "completion_tokens": 120, "total_tokens": 292, "token_count_source": "tokenizer"}, "decoding": {"temperature": 0.2, "top_p": null, "top_k": null, "max_tokens": 120, "seed": 42}, "prompt_tokens": 172, "completion_tokens": 120, "total_tokens": 292, "token_count_source": "tokenizer", "diffusion_steps": null, "flops_estimate": null, "flops_arch": null, "flops_model_params": null, "flops_active_params": null, "tokens_non_final": 4, "tokens_reasoning": 0, "tokens_response": 4, "elapsed_seconds": 49.69101333618164, "judgement": "Way off"}
{"id": "fermi_001023", "topic": "fermi", "subtopic": "crowd_density", "prompt": "A plaza is about 30 m by 25 m, with roughly 2 people per square meter. About how many people are there?", "exact_value": 1500, "model": "Dream-org/Dream-v0-Instruct-7B", "provider": "transformers", "response": "Final answer: 100", "numeric_answer": 100.0, "relative_error": 0.9333333333333333, "thinking_text": null, "has_tool_call": false, "tool_call": null, "usage": {"prompt_tokens": 172, "completion_tokens": 120, "total_tokens": 292, "token_count_source": "tokenizer"}, "decoding": {"temperature": 0.2, "top_p": null, "top_k": null, "max_tokens": 120, "seed": 42}, "prompt_tokens": 172, "completion_tokens": 120, "total_tokens": 292, "token_count_source": "tokenizer", "diffusion_steps": null, "flops_estimate": null, "flops_arch": null, "flops_model_params": null, "flops_active_params": null, "tokens_non_final": 3, "tokens_reasoning": 0, "tokens_response": 3, "elapsed_seconds": 50.2593731880188, "judgement": "Way off"}
{"id": "fermi_001043", "topic": "fermi", "subtopic": "crowd_density", "prompt": "A plaza is about 60 m by 20 m, with roughly 3 people per square meter. About how many people are there?", "exact_value": 3600, "model": "Dream-org/Dream-v0-Instruct-7B", "provider": "transformers", "response": "Final answer: 100", "numeric_answer": 100.0, "relative_error": 0.9722222222222222, "thinking_text": null, "has_tool_call": false, "tool_call": null, "usage": {"prompt_tokens": 172, "completion_tokens": 120, "total_tokens": 292, "token_count_source": "tokenizer"}, "decoding": {"temperature": 0.2, "top_p": null, "top_k": null, "max_tokens": 120, "seed": 42}, "prompt_tokens": 172, "completion_tokens": 120, "total_tokens": 292, "token_count_source": "tokenizer", "diffusion_steps": null, "flops_estimate": null, "flops_arch": null, "flops_model_params": null, "flops_active_params": null, "tokens_non_final": 3, "tokens_reasoning": 0, "tokens_response": 3, "elapsed_seconds": 50.2593731880188, "judgement": "Way off"}
{"id": "fermi_001063", "topic": "fermi", "subtopic": "crowd_density", "prompt": "A plaza is about 40 m by 20 m, with roughly 1 people per square meter. About how many people are there?", "exact_value": 800, "model": "Dream-org/Dream-v0-Instruct-7B", "provider": "transformers", "response": "Final answer: 10", "numeric_answer": 10.0, "relative_error": 0.9875, "thinking_text": null, "has_tool_call": false, "tool_call": null, "usage": {"prompt_tokens": 172, "completion_tokens": 120, "total_tokens": 292, "token_count_source": "tokenizer"}, "decoding": {"temperature": 0.2, "top_p": null, "top_k": null, "max_tokens": 120, "seed": 42}, "prompt_tokens": 172, "completion_tokens": 120, "total_tokens": 292, "token_count_source": "tokenizer", "diffusion_steps": null, "flops_estimate": null, "flops_arch": null, "flops_model_params": null, "flops_active_params": null, "tokens_non_final": 3, "tokens_reasoning": 0, "tokens_response": 3, "elapsed_seconds": 50.2593731880188, "judgement": "Way off"}
{"id": "travel_time_000108", "topic": "travel_time", "subtopic": "drive_time", "prompt": "You need to travel about 161 miles at around 55 mph. About how many hours will it take?", "exact_value": 2.92, "model": "Dream-org/Dream-v0-Instruct-7B", "provider": "transformers", "response": "<|im_end|>\n<|im_start|>assistant\nFinal answer: 2.", "numeric_answer": 2.0, "relative_error": 0.3150684931506849, "thinking_text": null, "has_tool_call": false, "tool_call": null, "usage": {"prompt_tokens": 167, "completion_tokens": 125, "total_tokens": 292, "token_count_source": "tokenizer"}, "decoding": {"temperature": 0.2, "top_p": null, "top_k": null, "max_tokens": 120, "seed": 42}, "prompt_tokens": 167, "completion_tokens": 125, "total_tokens": 292, "token_count_source": "tokenizer", "diffusion_steps": null, "flops_estimate": null, "flops_arch": null, "flops_model_params": null, "flops_active_params": null, "tokens_non_final": 5, "tokens_reasoning": 0, "tokens_response": 5, "elapsed_seconds": 50.2593731880188, "judgement": "Mildly off"}
{"id": "travel_time_000128", "topic": "travel_time", "subtopic": "drive_time", "prompt": "You need to travel about 11 miles at around 45 mph. About how many hours will it take?", "exact_value": 0.2511111111111111, "model": "Dream-org/Dream-v0-Instruct-7B", "provider": "transformers", "response": "Final answer: 1", "numeric_answer": 1.0, "relative_error": 2.982300884955752, "thinking_text": null, "has_tool_call": false, "tool_call": null, "usage": {"prompt_tokens": 166, "completion_tokens": 121, "total_tokens": 287, "token_count_source": "tokenizer"}, "decoding": {"temperature": 0.2, "top_p": null, "top_k": null, "max_tokens": 120, "seed": 42}, "prompt_tokens": 166, "completion_tokens": 121, "total_tokens": 287, "token_count_source": "tokenizer", "diffusion_steps": null, "flops_estimate": null, "flops_arch": null, "flops_model_params": null, "flops_active_params": null, "tokens_non_final": 3, "tokens_reasoning": 0, "tokens_response": 3, "elapsed_seconds": 49.03601861000061, "judgement": "Way off"}
{"id": "travel_time_000148", "topic": "travel_time", "subtopic": "drive_time", "prompt": "You need to travel about 189 miles at around 45 mph. About how many hours will it take?", "exact_value": 4.202222222222222, "model": "Dream-org/Dream-v0-Instruct-7B", "provider": "transformers", "response": "Final answer: 3.5", "numeric_answer": 3.5, "relative_error": 0.16710735060814377, "thinking_text": null, "has_tool_call": false, "tool_call": null, "usage": {"prompt_tokens": 167, "completion_tokens": 120, "total_tokens": 287, "token_count_source": "tokenizer"}, "decoding": {"temperature": 0.2, "top_p": null, "top_k": null, "max_tokens": 120, "seed": 42}, "prompt_tokens": 167, "completion_tokens": 120, "total_tokens": 287, "token_count_source": "tokenizer", "diffusion_steps": null, "flops_estimate": null, "flops_arch": null, "flops_model_params": null, "flops_active_params": null, "tokens_non_final": 3, "tokens_reasoning": 0, "tokens_response": 3, "elapsed_seconds": 49.03601861000061, "judgement": "Good approximation"}
{"id": "travel_time_000168", "topic": "travel_time", "subtopic": "drive_time", "prompt": "You need to travel about 239 miles at around 45 mph. About how many hours will it take?", "exact_value": 5.304444444444444, "model": "Dream-org/Dream-v0-Instruct-7B", "provider": "transformers", "response": "Final answer: 2.", "numeric_answer": 2.0, "relative_error": 0.6229576874738165, "thinking_text": null, "has_tool_call": false, "tool_call": null, "usage": {"prompt_tokens": 167, "completion_tokens": 120, "total_tokens": 287, "token_count_source": "tokenizer"}, "decoding": {"temperature": 0.2, "top_p": null, "top_k": null, "max_tokens": 120, "seed": 42}, "prompt_tokens": 167, "completion_tokens": 120, "total_tokens": 287, "token_count_source": "tokenizer", "diffusion_steps": null, "flops_estimate": null, "flops_arch": null, "flops_model_params": null, "flops_active_params": null, "tokens_non_final": 3, "tokens_reasoning": 0, "tokens_response": 3, "elapsed_seconds": 49.03601861000061, "judgement": "Way off"}
{"id": "travel_time_000188", "topic": "travel_time", "subtopic": "drive_time", "prompt": "You need to travel about 118 miles at around 45 mph. About how many hours will it take?", "exact_value": 2.6133333333333333, "model": "Dream-org/Dream-v0-Instruct-7B", "provider": "transformers", "response": "Final answer: 2.", "numeric_answer": 2.0, "relative_error": 0.2346938775510204, "thinking_text": null, "has_tool_call": false, "tool_call": null, "usage": {"prompt_tokens": 167, "completion_tokens": 120, "total_tokens": 287, "token_count_source": "tokenizer"}, "decoding": {"temperature": 0.2, "top_p": null, "top_k": null, "max_tokens": 120, "seed": 42}, "prompt_tokens": 167, "completion_tokens": 120, "total_tokens": 287, "token_count_source": "tokenizer", "diffusion_steps": null, "flops_estimate": null, "flops_arch": null, "flops_model_params": null, "flops_active_params": null, "tokens_non_final": 3, "tokens_reasoning": 0, "tokens_response": 3, "elapsed_seconds": 49.03601861000061, "judgement": "Mildly off"}
{"id": "travel_time_000208", "topic": "travel_time", "subtopic": "drive_time", "prompt": "You need to travel about 224 miles at around 55 mph. About how many hours will it take?", "exact_value": 4.067272727272727, "model": "Dream-org/Dream-v0-Instruct-7B", "provider": "transformers", "response": "Final answer: 1", "numeric_answer": 1.0, "relative_error": 0.7541350022351363, "thinking_text": null, "has_tool_call": false, "tool_call": null, "usage": {"prompt_tokens": 167, "completion_tokens": 120, "total_tokens": 287, "token_count_source": "tokenizer"}, "decoding": {"temperature": 0.2, "top_p": null, "top_k": null, "max_tokens": 120, "seed": 42}, "prompt_tokens": 167, "completion_tokens": 120, "total_tokens": 287, "token_count_source": "tokenizer", "diffusion_steps": null, "flops_estimate": null, "flops_arch": null, "flops_model_params": null, "flops_active_params": null, "tokens_non_final": 3, "tokens_reasoning": 0, "tokens_response": 3, "elapsed_seconds": 49.015740394592285, "judgement": "Way off"}
{"id": "travel_time_000228", "topic": "travel_time", "subtopic": "drive_time", "prompt": "You need to travel about 37 miles at around 45 mph. About how many hours will it take?", "exact_value": 0.8222222222222222, "model": "Dream-org/Dream-v0-Instruct-7B", "provider": "transformers", "response": "Final answer: 1.", "numeric_answer": 1.0, "relative_error": 0.21621621621621626, "thinking_text": null, "has_tool_call": false, "tool_call": null, "usage": {"prompt_tokens": 166, "completion_tokens": 121, "total_tokens": 287, "token_count_source": "tokenizer"}, "decoding": {"temperature": 0.2, "top_p": null, "top_k": null, "max_tokens": 120, "seed": 42}, "prompt_tokens": 166, "completion_tokens": 121, "total_tokens": 287, "token_count_source": "tokenizer", "diffusion_steps": null, "flops_estimate": null, "flops_arch": null, "flops_model_params": null, "flops_active_params": null, "tokens_non_final": 3, "tokens_reasoning": 0, "tokens_response": 3, "elapsed_seconds": 49.015740394592285, "judgement": "Mildly off"}
{"id": "travel_time_000248", "topic": "travel_time", "subtopic": "drive_time", "prompt": "You need to travel about 213 miles at around 35 mph. About how many hours will it take?", "exact_value": 6.082857142857143, "model": "Dream-org/Dream-v0-Instruct-7B", "provider": "transformers", "response": "Final answer: 2.", "numeric_answer": 2.0, "relative_error": 0.6712071395021136, "thinking_text": null, "has_tool_call": false, "tool_call": null, "usage": {"prompt_tokens": 167, "completion_tokens": 120, "total_tokens": 287, "token_count_source": "tokenizer"}, "decoding": {"temperature": 0.2, "top_p": null, "top_k": null, "max_tokens": 120, "seed": 42}, "prompt_tokens": 167, "completion_tokens": 120, "total_tokens": 287, "token_count_source": "tokenizer", "diffusion_steps": null, "flops_estimate": null, "flops_arch": null, "flops_model_params": null, "flops_active_params": null, "tokens_non_final": 3, "tokens_reasoning": 0, "tokens_response": 3, "elapsed_seconds": 49.015740394592285, "judgement": "Way off"}
{"id": "travel_time_000268", "topic": "travel_time", "subtopic": "drive_time", "prompt": "You need to travel about 130 miles at around 35 mph. About how many hours will it take?", "exact_value": 3.7228571428571433, "model": "Dream-org/Dream-v0-Instruct-7B", "provider": "transformers", "response": "Final answer: 2.", "numeric_answer": 2.0, "relative_error": 0.4627782041442825, "thinking_text": null, "has_tool_call": false, "tool_call": null, "usage": {"prompt_tokens": 167, "completion_tokens": 120, "total_tokens": 287, "token_count_source": "tokenizer"}, "decoding": {"temperature": 0.2, "top_p": null, "top_k": null, "max_tokens": 120, "seed": 42}, "prompt_tokens": 167, "completion_tokens": 120, "total_tokens": 287, "token_count_source": "tokenizer", "diffusion_steps": null, "flops_estimate": null, "flops_arch": null, "flops_model_params": null, "flops_active_params": null, "tokens_non_final": 3, "tokens_reasoning": 0, "tokens_response": 3, "elapsed_seconds": 49.015740394592285, "judgement": "Mildly off"}
{"id": "travel_time_000288", "topic": "travel_time", "subtopic": "drive_time", "prompt": "You need to travel about 182 miles at around 45 mph. About how many hours will it take?", "exact_value": 4.04, "model": "Dream-org/Dream-v0-Instruct-7B", "provider": "transformers", "response": "Final answer: 1", "numeric_answer": 1.0, "relative_error": 0.7524752475247525, "thinking_text": null, "has_tool_call": false, "tool_call": null, "usage": {"prompt_tokens": 167, "completion_tokens": 120, "total_tokens": 287, "token_count_source": "tokenizer"}, "decoding": {"temperature": 0.2, "top_p": null, "top_k": null, "max_tokens": 120, "seed": 42}, "prompt_tokens": 167, "completion_tokens": 120, "total_tokens": 287, "token_count_source": "tokenizer", "diffusion_steps": null, "flops_estimate": null, "flops_arch": null, "flops_model_params": null, "flops_active_params": null, "tokens_non_final": 3, "tokens_reasoning": 0, "tokens_response": 3, "elapsed_seconds": 48.45959758758545, "judgement": "Way off"}
{"id": "travel_time_000308", "topic": "travel_time", "subtopic": "drive_time", "prompt": "You need to travel about 220 miles at around 55 mph. About how many hours will it take?", "exact_value": 4.009090909090909, "model": "Dream-org/Dream-v0-Instruct-7B", "provider": "transformers", "response": "Final answer: 2.", "numeric_answer": 2.0, "relative_error": 0.5011337868480725, "thinking_text": null, "has_tool_call": false, "tool_call": null, "usage": {"prompt_tokens": 167, "completion_tokens": 120, "total_tokens": 287, "token_count_source": "tokenizer"}, "decoding": {"temperature": 0.2, "top_p": null, "top_k": null, "max_tokens": 120, "seed": 42}, "prompt_tokens": 167, "completion_tokens": 120, "total_tokens": 287, "token_count_source": "tokenizer", "diffusion_steps": null, "flops_estimate": null, "flops_arch": null, "flops_model_params": null, "flops_active_params": null, "tokens_non_final": 3, "tokens_reasoning": 0, "tokens_response": 3, "elapsed_seconds": 48.45959758758545, "judgement": "Mildly off"}
{"id": "travel_time_000328", "topic": "travel_time", "subtopic": "drive_time", "prompt": "You need to travel about 144 miles at around 65 mph. About how many hours will it take?", "exact_value": 2.2184615384615385, "model": "Dream-org/Dream-v0-Instruct-7B", "provider": "transformers", "response": "Final answer: 2.", "numeric_answer": 2.0, "relative_error": 0.0984743411927878, "thinking_text": null, "has_tool_call": false, "tool_call": null, "usage": {"prompt_tokens": 167, "completion_tokens": 120, "total_tokens": 287, "token_count_source": "tokenizer"}, "decoding": {"temperature": 0.2, "top_p": null, "top_k": null, "max_tokens": 120, "seed": 42}, "prompt_tokens": 167, "completion_tokens": 120, "total_tokens": 287, "token_count_source": "tokenizer", "diffusion_steps": null, "flops_estimate": null, "flops_arch": null, "flops_model_params": null, "flops_active_params": null, "tokens_non_final": 3, "tokens_reasoning": 0, "tokens_response": 3, "elapsed_seconds": 48.45959758758545, "judgement": "Good approximation"}
{"id": "travel_time_000348", "topic": "travel_time", "subtopic": "drive_time", "prompt": "You need to travel about 215 miles at around 25 mph. About how many hours will it take?", "exact_value": 8.612, "model": "Dream-org/Dream-v0-Instruct-7B", "provider": "transformers", "response": "Final answer: 1.5", "numeric_answer": 1.5, "relative_error": 0.8258244310264747, "thinking_text": null, "has_tool_call": false, "tool_call": null, "usage": {"prompt_tokens": 167, "completion_tokens": 120, "total_tokens": 287, "token_count_source": "tokenizer"}, "decoding": {"temperature": 0.2, "top_p": null, "top_k": null, "max_tokens": 120, "seed": 42}, "prompt_tokens": 167, "completion_tokens": 120, "total_tokens": 287, "token_count_source": "tokenizer", "diffusion_steps": null, "flops_estimate": null, "flops_arch": null, "flops_model_params": null, "flops_active_params": null, "tokens_non_final": 3, "tokens_reasoning": 0, "tokens_response": 3, "elapsed_seconds": 48.45959758758545, "judgement": "Way off"}
{"id": "travel_time_000368", "topic": "travel_time", "subtopic": "drive_time", "prompt": "You need to travel about 173 miles at around 55 mph. About how many hours will it take?", "exact_value": 3.152727272727273, "model": "Dream-org/Dream-v0-Instruct-7B", "provider": "transformers", "response": "Final answer: 1.5", "numeric_answer": 1.5, "relative_error": 0.5242214532871973, "thinking_text": null, "has_tool_call": false, "tool_call": null, "usage": {"prompt_tokens": 167, "completion_tokens": 120, "total_tokens": 287, "token_count_source": "tokenizer"}, "decoding": {"temperature": 0.2, "top_p": null, "top_k": null, "max_tokens": 120, "seed": 42}, "prompt_tokens": 167, "completion_tokens": 120, "total_tokens": 287, "token_count_source": "tokenizer", "diffusion_steps": null, "flops_estimate": null, "flops_arch": null, "flops_model_params": null, "flops_active_params": null, "tokens_non_final": 3, "tokens_reasoning": 0, "tokens_response": 3, "elapsed_seconds": 49.03106069564819, "judgement": "Mildly off"}
{"id": "travel_time_000388", "topic": "travel_time", "subtopic": "drive_time", "prompt": "You need to travel about 73 miles at around 25 mph. About how many hours will it take?", "exact_value": 2.92, "model": "Dream-org/Dream-v0-Instruct-7B", "provider": "transformers", "response": "Final answer: 1.", "numeric_answer": 1.0, "relative_error": 0.6575342465753424, "thinking_text": null, "has_tool_call": false, "tool_call": null, "usage": {"prompt_tokens": 166, "completion_tokens": 121, "total_tokens": 287, "token_count_source": "tokenizer"}, "decoding": {"temperature": 0.2, "top_p": null, "top_k": null, "max_tokens": 120, "seed": 42}, "prompt_tokens": 166, "completion_tokens": 121, "total_tokens": 287, "token_count_source": "tokenizer", "diffusion_steps": null, "flops_estimate": null, "flops_arch": null, "flops_model_params": null, "flops_active_params": null, "tokens_non_final": 3, "tokens_reasoning": 0, "tokens_response": 3, "elapsed_seconds": 49.03106069564819, "judgement": "Way off"}
{"id": "travel_time_000408", "topic": "travel_time", "subtopic": "drive_time", "prompt": "You need to travel about 66 miles at around 65 mph. About how many hours will it take?", "exact_value": 1.0215384615384617, "model": "Dream-org/Dream-v0-Instruct-7B", "provider": "transformers", "response": "Final answer: 1", "numeric_answer": 1.0, "relative_error": 0.021084337349397773, "thinking_text": null, "has_tool_call": false, "tool_call": null, "usage": {"prompt_tokens": 166, "completion_tokens": 121, "total_tokens": 287, "token_count_source": "tokenizer"}, "decoding": {"temperature": 0.2, "top_p": null, "top_k": null, "max_tokens": 120, "seed": 42}, "prompt_tokens": 166, "completion_tokens": 121, "total_tokens": 287, "token_count_source": "tokenizer", "diffusion_steps": null, "flops_estimate": null, "flops_arch": null, "flops_model_params": null, "flops_active_params": null, "tokens_non_final": 3, "tokens_reasoning": 0, "tokens_response": 3, "elapsed_seconds": 49.03106069564819, "judgement": "Good approximation"}
{"id": "travel_time_000428", "topic": "travel_time", "subtopic": "drive_time", "prompt": "You need to travel about 18 miles at around 65 mph. About how many hours will it take?", "exact_value": 0.27999999999999997, "model": "Dream-org/Dream-v0-Instruct-7B", "provider": "transformers", "response": "Final answer: 1.", "numeric_answer": 1.0, "relative_error": 2.5714285714285716, "thinking_text": null, "has_tool_call": false, "tool_call": null, "usage": {"prompt_tokens": 166, "completion_tokens": 121, "total_tokens": 287, "token_count_source": "tokenizer"}, "decoding": {"temperature": 0.2, "top_p": null, "top_k": null, "max_tokens": 120, "seed": 42}, "prompt_tokens": 166, "completion_tokens": 121, "total_tokens": 287, "token_count_source": "tokenizer", "diffusion_steps": null, "flops_estimate": null, "flops_arch": null, "flops_model_params": null, "flops_active_params": null, "tokens_non_final": 3, "tokens_reasoning": 0, "tokens_response": 3, "elapsed_seconds": 49.03106069564819, "judgement": "Way off"}
{"id": "travel_time_000448", "topic": "travel_time", "subtopic": "drive_time", "prompt": "You need to travel about 208 miles at around 35 mph. About how many hours will it take?", "exact_value": 5.951428571428572, "model": "Dream-org/Dream-v0-Instruct-7B", "provider": "transformers", "response": "Final answer: 5", "numeric_answer": 5.0, "relative_error": 0.1598655784925589, "thinking_text": null, "has_tool_call": false, "tool_call": null, "usage": {"prompt_tokens": 167, "completion_tokens": 120, "total_tokens": 287, "token_count_source": "tokenizer"}, "decoding": {"temperature": 0.2, "top_p": null, "top_k": null, "max_tokens": 120, "seed": 42}, "prompt_tokens": 167, "completion_tokens": 120, "total_tokens": 287, "token_count_source": "tokenizer", "diffusion_steps": null, "flops_estimate": null, "flops_arch": null, "flops_model_params": null, "flops_active_params": null, "tokens_non_final": 3, "tokens_reasoning": 0, "tokens_response": 3, "elapsed_seconds": 49.0109167098999, "judgement": "Good approximation"}
{"id": "travel_time_000468", "topic": "travel_time", "subtopic": "drive_time", "prompt": "You need to travel about 49 miles at around 35 mph. About how many hours will it take?", "exact_value": 1.3885714285714286, "model": "Dream-org/Dream-v0-Instruct-7B", "provider": "transformers", "response": "Final answer: 1.", "numeric_answer": 1.0, "relative_error": 0.27983539094650206, "thinking_text": null, "has_tool_call": false, "tool_call": null, "usage": {"prompt_tokens": 166, "completion_tokens": 121, "total_tokens": 287, "token_count_source": "tokenizer"}, "decoding": {"temperature": 0.2, "top_p": null, "top_k": null, "max_tokens": 120, "seed": 42}, "prompt_tokens": 166, "completion_tokens": 121, "total_tokens": 287, "token_count_source": "tokenizer", "diffusion_steps": null, "flops_estimate": null, "flops_arch": null, "flops_model_params": null, "flops_active_params": null, "tokens_non_final": 3, "tokens_reasoning": 0, "tokens_response": 3, "elapsed_seconds": 49.0109167098999, "judgement": "Mildly off"}
{"id": "travel_time_000488", "topic": "travel_time", "subtopic": "drive_time", "prompt": "You need to travel about 85 miles at around 55 mph. About how many hours will it take?", "exact_value": 1.5454545454545454, "model": "Dream-org/Dream-v0-Instruct-7B", "provider": "transformers", "response": "Final answer: 2.5", "numeric_answer": 2.5, "relative_error": 0.6176470588235294, "thinking_text": null, "has_tool_call": false, "tool_call": null, "usage": {"prompt_tokens": 166, "completion_tokens": 121, "total_tokens": 287, "token_count_source": "tokenizer"}, "decoding": {"temperature": 0.2, "top_p": null, "top_k": null, "max_tokens": 120, "seed": 42}, "prompt_tokens": 166, "completion_tokens": 121, "total_tokens": 287, "token_count_source": "tokenizer", "diffusion_steps": null, "flops_estimate": null, "flops_arch": null, "flops_model_params": null, "flops_active_params": null, "tokens_non_final": 3, "tokens_reasoning": 0, "tokens_response": 3, "elapsed_seconds": 49.0109167098999, "judgement": "Way off"}
{"id": "travel_time_000508", "topic": "travel_time", "subtopic": "drive_time", "prompt": "You need to travel about 139 miles at around 35 mph. About how many hours will it take?", "exact_value": 3.9800000000000004, "model": "Dream-org/Dream-v0-Instruct-7B", "provider": "transformers", "response": "Final answer: 2.5", "numeric_answer": 2.5, "relative_error": 0.3718592964824121, "thinking_text": null, "has_tool_call": false, "tool_call": null, "usage": {"prompt_tokens": 167, "completion_tokens": 120, "total_tokens": 287, "token_count_source": "tokenizer"}, "decoding": {"temperature": 0.2, "top_p": null, "top_k": null, "max_tokens": 120, "seed": 42}, "prompt_tokens": 167, "completion_tokens": 120, "total_tokens": 287, "token_count_source": "tokenizer", "diffusion_steps": null, "flops_estimate": null, "flops_arch": null, "flops_model_params": null, "flops_active_params": null, "tokens_non_final": 3, "tokens_reasoning": 0, "tokens_response": 3, "elapsed_seconds": 49.0109167098999, "judgement": "Mildly off"}
{"id": "travel_time_000528", "topic": "travel_time", "subtopic": "drive_time", "prompt": "You need to travel about 203 miles at around 45 mph. About how many hours will it take?", "exact_value": 4.511111111111111, "model": "Dream-org/Dream-v0-Instruct-7B", "provider": "transformers", "response": "Final answer: 2", "numeric_answer": 2.0, "relative_error": 0.5566502463054187, "thinking_text": null, "has_tool_call": false, "tool_call": null, "usage": {"prompt_tokens": 167, "completion_tokens": 120, "total_tokens": 287, "token_count_source": "tokenizer"}, "decoding": {"temperature": 0.2, "top_p": null, "top_k": null, "max_tokens": 120, "seed": 42}, "prompt_tokens": 167, "completion_tokens": 120, "total_tokens": 287, "token_count_source": "tokenizer", "diffusion_steps": null, "flops_estimate": null, "flops_arch": null, "flops_model_params": null, "flops_active_params": null, "tokens_non_final": 3, "tokens_reasoning": 0, "tokens_response": 3, "elapsed_seconds": 48.993891954422, "judgement": "Mildly off"}
{"id": "travel_time_000548", "topic": "travel_time", "subtopic": "drive_time", "prompt": "You need to travel about 71 miles at around 65 mph. About how many hours will it take?", "exact_value": 1.0953846153846154, "model": "Dream-org/Dream-v0-Instruct-7B", "provider": "transformers", "response": "Final answer: 1.", "numeric_answer": 1.0, "relative_error": 0.08707865168539328, "thinking_text": null, "has_tool_call": false, "tool_call": null, "usage": {"prompt_tokens": 166, "completion_tokens": 121, "total_tokens": 287, "token_count_source": "tokenizer"}, "decoding": {"temperature": 0.2, "top_p": null, "top_k": null, "max_tokens": 120, "seed": 42}, "prompt_tokens": 166, "completion_tokens": 121, "total_tokens": 287, "token_count_source": "tokenizer", "diffusion_steps": null, "flops_estimate": null, "flops_arch": null, "flops_model_params": null, "flops_active_params": null, "tokens_non_final": 3, "tokens_reasoning": 0, "tokens_response": 3, "elapsed_seconds": 48.993891954422, "judgement": "Good approximation"}
{"id": "travel_time_000568", "topic": "travel_time", "subtopic": "drive_time", "prompt": "You need to travel about 167 miles at around 45 mph. About how many hours will it take?", "exact_value": 3.7022222222222223, "model": "Dream-org/Dream-v0-Instruct-7B", "provider": "transformers", "response": "Final answer: 3.", "numeric_answer": 3.0, "relative_error": 0.18967587034813926, "thinking_text": null, "has_tool_call": false, "tool_call": null, "usage": {"prompt_tokens": 167, "completion_tokens": 120, "total_tokens": 287, "token_count_source": "tokenizer"}, "decoding": {"temperature": 0.2, "top_p": null, "top_k": null, "max_tokens": 120, "seed": 42}, "prompt_tokens": 167, "completion_tokens": 120, "total_tokens": 287, "token_count_source": "tokenizer", "diffusion_steps": null, "flops_estimate": null, "flops_arch": null, "flops_model_params": null, "flops_active_params": null, "tokens_non_final": 3, "tokens_reasoning": 0, "tokens_response": 3, "elapsed_seconds": 48.993891954422, "judgement": "Good approximation"}
{"id": "travel_time_000588", "topic": "travel_time", "subtopic": "drive_time", "prompt": "You need to travel about 59 miles at around 25 mph. About how many hours will it take?", "exact_value": 2.344, "model": "Dream-org/Dream-v0-Instruct-7B", "provider": "transformers", "response": "Final answer: 1.", "numeric_answer": 1.0, "relative_error": 0.5733788395904437, "thinking_text": null, "has_tool_call": false, "tool_call": null, "usage": {"prompt_tokens": 166, "completion_tokens": 121, "total_tokens": 287, "token_count_source": "tokenizer"}, "decoding": {"temperature": 0.2, "top_p": null, "top_k": null, "max_tokens": 120, "seed": 42}, "prompt_tokens": 166, "completion_tokens": 121, "total_tokens": 287, "token_count_source": "tokenizer", "diffusion_steps": null, "flops_estimate": null, "flops_arch": null, "flops_model_params": null, "flops_active_params": null, "tokens_non_final": 3, "tokens_reasoning": 0, "tokens_response": 3, "elapsed_seconds": 48.993891954422, "judgement": "Mildly off"}
{"id": "travel_time_000608", "topic": "travel_time", "subtopic": "drive_time", "prompt": "You need to travel about 87 miles at around 25 mph. About how many hours will it take?", "exact_value": 3.468, "model": "Dream-org/Dream-v0-Instruct-7B", "provider": "transformers", "response": "Final answer: 2", "numeric_answer": 2.0, "relative_error": 0.42329873125720874, "thinking_text": null, "has_tool_call": false, "tool_call": null, "usage": {"prompt_tokens": 166, "completion_tokens": 121, "total_tokens": 287, "token_count_source": "tokenizer"}, "decoding": {"temperature": 0.2, "top_p": null, "top_k": null, "max_tokens": 120, "seed": 42}, "prompt_tokens": 166, "completion_tokens": 121, "total_tokens": 287, "token_count_source": "tokenizer", "diffusion_steps": null, "flops_estimate": null, "flops_arch": null, "flops_model_params": null, "flops_active_params": null, "tokens_non_final": 3, "tokens_reasoning": 0, "tokens_response": 3, "elapsed_seconds": 49.001025676727295, "judgement": "Mildly off"}
{"id": "travel_time_000628", "topic": "travel_time", "subtopic": "drive_time", "prompt": "You need to travel about 236 miles at around 45 mph. About how many hours will it take?", "exact_value": 5.2444444444444445, "model": "Dream-org/Dream-v0-Instruct-7B", "provider": "transformers", "response": "Final answer: 2.", "numeric_answer": 2.0, "relative_error": 0.6186440677966102, "thinking_text": null, "has_tool_call": false, "tool_call": null, "usage": {"prompt_tokens": 167, "completion_tokens": 120, "total_tokens": 287, "token_count_source": "tokenizer"}, "decoding": {"temperature": 0.2, "top_p": null, "top_k": null, "max_tokens": 120, "seed": 42}, "prompt_tokens": 167, "completion_tokens": 120, "total_tokens": 287, "token_count_source": "tokenizer", "diffusion_steps": null, "flops_estimate": null, "flops_arch": null, "flops_model_params": null, "flops_active_params": null, "tokens_non_final": 3, "tokens_reasoning": 0, "tokens_response": 3, "elapsed_seconds": 49.001025676727295, "judgement": "Way off"}
{"id": "travel_time_000648", "topic": "travel_time", "subtopic": "drive_time", "prompt": "You need to travel about 202 miles at around 45 mph. About how many hours will it take?", "exact_value": 4.497777777777778, "model": "Dream-org/Dream-v0-Instruct-7B", "provider": "transformers", "response": "Final answer: 2.", "numeric_answer": 2.0, "relative_error": 0.5553359683794467, "thinking_text": null, "has_tool_call": false, "tool_call": null, "usage": {"prompt_tokens": 167, "completion_tokens": 120, "total_tokens": 287, "token_count_source": "tokenizer"}, "decoding": {"temperature": 0.2, "top_p": null, "top_k": null, "max_tokens": 120, "seed": 42}, "prompt_tokens": 167, "completion_tokens": 120, "total_tokens": 287, "token_count_source": "tokenizer", "diffusion_steps": null, "flops_estimate": null, "flops_arch": null, "flops_model_params": null, "flops_active_params": null, "tokens_non_final": 3, "tokens_reasoning": 0, "tokens_response": 3, "elapsed_seconds": 49.001025676727295, "judgement": "Mildly off"}
{"id": "travel_time_000668", "topic": "travel_time", "subtopic": "drive_time", "prompt": "You need to travel about 140 miles at around 25 mph. About how many hours will it take?", "exact_value": 5.6160000000000005, "model": "Dream-org/Dream-v0-Instruct-7B", "provider": "transformers", "response": "Final answer: 2.5", "numeric_answer": 2.5, "relative_error": 0.5548433048433049, "thinking_text": null, "has_tool_call": false, "tool_call": null, "usage": {"prompt_tokens": 167, "completion_tokens": 120, "total_tokens": 287, "token_count_source": "tokenizer"}, "decoding": {"temperature": 0.2, "top_p": null, "top_k": null, "max_tokens": 120, "seed": 42}, "prompt_tokens": 167, "completion_tokens": 120, "total_tokens": 287, "token_count_source": "tokenizer", "diffusion_steps": null, "flops_estimate": null, "flops_arch": null, "flops_model_params": null, "flops_active_params": null, "tokens_non_final": 3, "tokens_reasoning": 0, "tokens_response": 3, "elapsed_seconds": 49.001025676727295, "judgement": "Mildly off"}
{"id": "travel_time_000688", "topic": "travel_time", "subtopic": "drive_time", "prompt": "You need to travel about 10 miles at around 65 mph. About how many hours will it take?", "exact_value": 0.1523076923076923, "model": "Dream-org/Dream-v0-Instruct-7B", "provider": "transformers", "response": "Final answer: 1.", "numeric_answer": 1.0, "relative_error": 5.565656565656566, "thinking_text": null, "has_tool_call": false, "tool_call": null, "usage": {"prompt_tokens": 166, "completion_tokens": 121, "total_tokens": 287, "token_count_source": "tokenizer"}, "decoding": {"temperature": 0.2, "top_p": null, "top_k": null, "max_tokens": 120, "seed": 42}, "prompt_tokens": 166, "completion_tokens": 121, "total_tokens": 287, "token_count_source": "tokenizer", "diffusion_steps": null, "flops_estimate": null, "flops_arch": null, "flops_model_params": null, "flops_active_params": null, "tokens_non_final": 3, "tokens_reasoning": 0, "tokens_response": 3, "elapsed_seconds": 48.971372842788696, "judgement": "Way off"}
{"id": "travel_time_000708", "topic": "travel_time", "subtopic": "drive_time", "prompt": "You need to travel about 187 miles at around 35 mph. About how many hours will it take?", "exact_value": 5.345714285714285, "model": "Dream-org/Dream-v0-Instruct-7B", "provider": "transformers", "response": "Final answer: 3.", "numeric_answer": 3.0, "relative_error": 0.43880277926242645, "thinking_text": null, "has_tool_call": false, "tool_call": null, "usage": {"prompt_tokens": 167, "completion_tokens": 120, "total_tokens": 287, "token_count_source": "tokenizer"}, "decoding": {"temperature": 0.2, "top_p": null, "top_k": null, "max_tokens": 120, "seed": 42}, "prompt_tokens": 167, "completion_tokens": 120, "total_tokens": 287, "token_count_source": "tokenizer", "diffusion_steps": null, "flops_estimate": null, "flops_arch": null, "flops_model_params": null, "flops_active_params": null, "tokens_non_final": 3, "tokens_reasoning": 0, "tokens_response": 3, "elapsed_seconds": 48.971372842788696, "judgement": "Mildly off"}
{"id": "travel_time_000728", "topic": "travel_time", "subtopic": "drive_time", "prompt": "You need to travel about 85 miles at around 35 mph. About how many hours will it take?", "exact_value": 2.42, "model": "Dream-org/Dream-v0-Instruct-7B", "provider": "transformers", "response": "Final answer: 2.", "numeric_answer": 2.0, "relative_error": 0.17355371900826444, "thinking_text": null, "has_tool_call": false, "tool_call": null, "usage": {"prompt_tokens": 166, "completion_tokens": 121, "total_tokens": 287, "token_count_source": "tokenizer"}, "decoding": {"temperature": 0.2, "top_p": null, "top_k": null, "max_tokens": 120, "seed": 42}, "prompt_tokens": 166, "completion_tokens": 121, "total_tokens": 287, "token_count_source": "tokenizer", "diffusion_steps": null, "flops_estimate": null, "flops_arch": null, "flops_model_params": null, "flops_active_params": null, "tokens_non_final": 3, "tokens_reasoning": 0, "tokens_response": 3, "elapsed_seconds": 48.971372842788696, "judgement": "Good approximation"}
{"id": "travel_time_000748", "topic": "travel_time", "subtopic": "drive_time", "prompt": "You need to travel about 45 miles at around 55 mph. About how many hours will it take?", "exact_value": 0.8200000000000001, "model": "Dream-org/Dream-v0-Instruct-7B", "provider": "transformers", "response": "Final answer: 1.", "numeric_answer": 1.0, "relative_error": 0.21951219512195114, "thinking_text": null, "has_tool_call": false, "tool_call": null, "usage": {"prompt_tokens": 166, "completion_tokens": 121, "total_tokens": 287, "token_count_source": "tokenizer"}, "decoding": {"temperature": 0.2, "top_p": null, "top_k": null, "max_tokens": 120, "seed": 42}, "prompt_tokens": 166, "completion_tokens": 121, "total_tokens": 287, "token_count_source": "tokenizer", "diffusion_steps": null, "flops_estimate": null, "flops_arch": null, "flops_model_params": null, "flops_active_params": null, "tokens_non_final": 3, "tokens_reasoning": 0, "tokens_response": 3, "elapsed_seconds": 48.971372842788696, "judgement": "Mildly off"}
{"id": "travel_time_000768", "topic": "travel_time", "subtopic": "drive_time", "prompt": "You need to travel about 174 miles at around 55 mph. About how many hours will it take?", "exact_value": 3.1563636363636363, "model": "Dream-org/Dream-v0-Instruct-7B", "provider": "transformers", "response": "Final answer: 3.", "numeric_answer": 3.0, "relative_error": 0.04953917050691241, "thinking_text": null, "has_tool_call": false, "tool_call": null, "usage": {"prompt_tokens": 167, "completion_tokens": 120, "total_tokens": 287, "token_count_source": "tokenizer"}, "decoding": {"temperature": 0.2, "top_p": null, "top_k": null, "max_tokens": 120, "seed": 42}, "prompt_tokens": 167, "completion_tokens": 120, "total_tokens": 287, "token_count_source": "tokenizer", "diffusion_steps": null, "flops_estimate": null, "flops_arch": null, "flops_model_params": null, "flops_active_params": null, "tokens_non_final": 3, "tokens_reasoning": 0, "tokens_response": 3, "elapsed_seconds": 48.97574019432068, "judgement": "Good approximation"}
{"id": "travel_time_000788", "topic": "travel_time", "subtopic": "drive_time", "prompt": "You need to travel about 88 miles at around 65 mph. About how many hours will it take?", "exact_value": 1.3507692307692307, "model": "Dream-org/Dream-v0-Instruct-7B", "provider": "transformers", "response": "Final answer: 1", "numeric_answer": 1.0, "relative_error": 0.2596810933940774, "thinking_text": null, "has_tool_call": false, "tool_call": null, "usage": {"prompt_tokens": 166, "completion_tokens": 121, "total_tokens": 287, "token_count_source": "tokenizer"}, "decoding": {"temperature": 0.2, "top_p": null, "top_k": null, "max_tokens": 120, "seed": 42}, "prompt_tokens": 166, "completion_tokens": 121, "total_tokens": 287, "token_count_source": "tokenizer", "diffusion_steps": null, "flops_estimate": null, "flops_arch": null, "flops_model_params": null, "flops_active_params": null, "tokens_non_final": 3, "tokens_reasoning": 0, "tokens_response": 3, "elapsed_seconds": 48.97574019432068, "judgement": "Mildly off"}
{"id": "travel_time_000808", "topic": "travel_time", "subtopic": "drive_time", "prompt": "You need to travel about 224 miles at around 35 mph. About how many hours will it take?", "exact_value": 6.402857142857143, "model": "Dream-org/Dream-v0-Instruct-7B", "provider": "transformers", "response": "Final answer: 4", "numeric_answer": 4.0, "relative_error": 0.37527889335118253, "thinking_text": null, "has_tool_call": false, "tool_call": null, "usage": {"prompt_tokens": 167, "completion_tokens": 120, "total_tokens": 287, "token_count_source": "tokenizer"}, "decoding": {"temperature": 0.2, "top_p": null, "top_k": null, "max_tokens": 120, "seed": 42}, "prompt_tokens": 167, "completion_tokens": 120, "total_tokens": 287, "token_count_source": "tokenizer", "diffusion_steps": null, "flops_estimate": null, "flops_arch": null, "flops_model_params": null, "flops_active_params": null, "tokens_non_final": 3, "tokens_reasoning": 0, "tokens_response": 3, "elapsed_seconds": 48.97574019432068, "judgement": "Mildly off"}
{"id": "travel_time_000828", "topic": "travel_time", "subtopic": "drive_time", "prompt": "You need to travel about 153 miles at around 45 mph. About how many hours will it take?", "exact_value": 3.391111111111111, "model": "Dream-org/Dream-v0-Instruct-7B", "provider": "transformers", "response": "Final answer: 2", "numeric_answer": 2.0, "relative_error": 0.41022280471821754, "thinking_text": null, "has_tool_call": false, "tool_call": null, "usage": {"prompt_tokens": 167, "completion_tokens": 120, "total_tokens": 287, "token_count_source": "tokenizer"}, "decoding": {"temperature": 0.2, "top_p": null, "top_k": null, "max_tokens": 120, "seed": 42}, "prompt_tokens": 167, "completion_tokens": 120, "total_tokens": 287, "token_count_source": "tokenizer", "diffusion_steps": null, "flops_estimate": null, "flops_arch": null, "flops_model_params": null, "flops_active_params": null, "tokens_non_final": 3, "tokens_reasoning": 0, "tokens_response": 3, "elapsed_seconds": 48.97574019432068, "judgement": "Mildly off"}
{"id": "travel_time_000848", "topic": "travel_time", "subtopic": "drive_time", "prompt": "You need to travel about 192 miles at around 25 mph. About how many hours will it take?", "exact_value": 7.7, "model": "Dream-org/Dream-v0-Instruct-7B", "provider": "transformers", "response": "Final answer: 3.", "numeric_answer": 3.0, "relative_error": 0.6103896103896104, "thinking_text": null, "has_tool_call": false, "tool_call": null, "usage": {"prompt_tokens": 167, "completion_tokens": 120, "total_tokens": 287, "token_count_source": "tokenizer"}, "decoding": {"temperature": 0.2, "top_p": null, "top_k": null, "max_tokens": 120, "seed": 42}, "prompt_tokens": 167, "completion_tokens": 120, "total_tokens": 287, "token_count_source": "tokenizer", "diffusion_steps": null, "flops_estimate": null, "flops_arch": null, "flops_model_params": null, "flops_active_params": null, "tokens_non_final": 3, "tokens_reasoning": 0, "tokens_response": 3, "elapsed_seconds": 48.405988931655884, "judgement": "Way off"}
{"id": "travel_time_000868", "topic": "travel_time", "subtopic": "drive_time", "prompt": "You need to travel about 145 miles at around 25 mph. About how many hours will it take?", "exact_value": 5.792000000000001, "model": "Dream-org/Dream-v0-Instruct-7B", "provider": "transformers", "response": "Final answer: 1", "numeric_answer": 1.0, "relative_error": 0.8273480662983426, "thinking_text": null, "has_tool_call": false, "tool_call": null, "usage": {"prompt_tokens": 167, "completion_tokens": 120, "total_tokens": 287, "token_count_source": "tokenizer"}, "decoding": {"temperature": 0.2, "top_p": null, "top_k": null, "max_tokens": 120, "seed": 42}, "prompt_tokens": 167, "completion_tokens": 120, "total_tokens": 287, "token_count_source": "tokenizer", "diffusion_steps": null, "flops_estimate": null, "flops_arch": null, "flops_model_params": null, "flops_active_params": null, "tokens_non_final": 3, "tokens_reasoning": 0, "tokens_response": 3, "elapsed_seconds": 48.405988931655884, "judgement": "Way off"}
{"id": "travel_time_000888", "topic": "travel_time", "subtopic": "drive_time", "prompt": "You need to travel about 231 miles at around 45 mph. About how many hours will it take?", "exact_value": 5.1288888888888895, "model": "Dream-org/Dream-v0-Instruct-7B", "provider": "transformers", "response": "Final answer: 4.5", "numeric_answer": 4.5, "relative_error": 0.12261698440207983, "thinking_text": null, "has_tool_call": false, "tool_call": null, "usage": {"prompt_tokens": 167, "completion_tokens": 120, "total_tokens": 287, "token_count_source": "tokenizer"}, "decoding": {"temperature": 0.2, "top_p": null, "top_k": null, "max_tokens": 120, "seed": 42}, "prompt_tokens": 167, "completion_tokens": 120, "total_tokens": 287, "token_count_source": "tokenizer", "diffusion_steps": null, "flops_estimate": null, "flops_arch": null, "flops_model_params": null, "flops_active_params": null, "tokens_non_final": 3, "tokens_reasoning": 0, "tokens_response": 3, "elapsed_seconds": 48.405988931655884, "judgement": "Good approximation"}
{"id": "travel_time_000908", "topic": "travel_time", "subtopic": "drive_time", "prompt": "You need to travel about 116 miles at around 55 mph. About how many hours will it take?", "exact_value": 2.1163636363636367, "model": "Dream-org/Dream-v0-Instruct-7B", "provider": "transformers", "response": "Final answer: 2.", "numeric_answer": 2.0, "relative_error": 0.054982817869415945, "thinking_text": null, "has_tool_call": false, "tool_call": null, "usage": {"prompt_tokens": 167, "completion_tokens": 120, "total_tokens": 287, "token_count_source": "tokenizer"}, "decoding": {"temperature": 0.2, "top_p": null, "top_k": null, "max_tokens": 120, "seed": 42}, "prompt_tokens": 167, "completion_tokens": 120, "total_tokens": 287, "token_count_source": "tokenizer", "diffusion_steps": null, "flops_estimate": null, "flops_arch": null, "flops_model_params": null, "flops_active_params": null, "tokens_non_final": 3, "tokens_reasoning": 0, "tokens_response": 3, "elapsed_seconds": 48.405988931655884, "judgement": "Good approximation"}
{"id": "travel_time_000928", "topic": "travel_time", "subtopic": "drive_time", "prompt": "You need to travel about 63 miles at around 55 mph. About how many hours will it take?", "exact_value": 1.1454545454545455, "model": "Dream-org/Dream-v0-Instruct-7B", "provider": "transformers", "response": "Final answer: 1", "numeric_answer": 1.0, "relative_error": 0.12698412698412703, "thinking_text": null, "has_tool_call": false, "tool_call": null, "usage": {"prompt_tokens": 166, "completion_tokens": 121, "total_tokens": 287, "token_count_source": "tokenizer"}, "decoding": {"temperature": 0.2, "top_p": null, "top_k": null, "max_tokens": 120, "seed": 42}, "prompt_tokens": 166, "completion_tokens": 121, "total_tokens": 287, "token_count_source": "tokenizer", "diffusion_steps": null, "flops_estimate": null, "flops_arch": null, "flops_model_params": null, "flops_active_params": null, "tokens_non_final": 3, "tokens_reasoning": 0, "tokens_response": 3, "elapsed_seconds": 49.03156590461731, "judgement": "Good approximation"}
{"id": "travel_time_000948", "topic": "travel_time", "subtopic": "drive_time", "prompt": "You need to travel about 186 miles at around 65 mph. About how many hours will it take?", "exact_value": 2.8584615384615386, "model": "Dream-org/Dream-v0-Instruct-7B", "provider": "transformers", "response": "Final answer: 1.5", "numeric_answer": 1.5, "relative_error": 0.4752421959095802, "thinking_text": null, "has_tool_call": false, "tool_call": null, "usage": {"prompt_tokens": 167, "completion_tokens": 120, "total_tokens": 287, "token_count_source": "tokenizer"}, "decoding": {"temperature": 0.2, "top_p": null, "top_k": null, "max_tokens": 120, "seed": 42}, "prompt_tokens": 167, "completion_tokens": 120, "total_tokens": 287, "token_count_source": "tokenizer", "diffusion_steps": null, "flops_estimate": null, "flops_arch": null, "flops_model_params": null, "flops_active_params": null, "tokens_non_final": 3, "tokens_reasoning": 0, "tokens_response": 3, "elapsed_seconds": 49.03156590461731, "judgement": "Mildly off"}
{"id": "travel_time_000968", "topic": "travel_time", "subtopic": "drive_time", "prompt": "You need to travel about 108 miles at around 55 mph. About how many hours will it take?", "exact_value": 1.9672727272727273, "model": "Dream-org/Dream-v0-Instruct-7B", "provider": "transformers", "response": "Final answer: 1", "numeric_answer": 1.0, "relative_error": 0.49168207024029575, "thinking_text": null, "has_tool_call": false, "tool_call": null, "usage": {"prompt_tokens": 167, "completion_tokens": 120, "total_tokens": 287, "token_count_source": "tokenizer"}, "decoding": {"temperature": 0.2, "top_p": null, "top_k": null, "max_tokens": 120, "seed": 42}, "prompt_tokens": 167, "completion_tokens": 120, "total_tokens": 287, "token_count_source": "tokenizer", "diffusion_steps": null, "flops_estimate": null, "flops_arch": null, "flops_model_params": null, "flops_active_params": null, "tokens_non_final": 3, "tokens_reasoning": 0, "tokens_response": 3, "elapsed_seconds": 49.03156590461731, "judgement": "Mildly off"}
{"id": "travel_time_000988", "topic": "travel_time", "subtopic": "drive_time", "prompt": "You need to travel about 156 miles at around 55 mph. About how many hours will it take?", "exact_value": 2.838181818181818, "model": "Dream-org/Dream-v0-Instruct-7B", "provider": "transformers", "response": "Final answer: 2.5", "numeric_answer": 2.5, "relative_error": 0.11915438821268409, "thinking_text": null, "has_tool_call": false, "tool_call": null, "usage": {"prompt_tokens": 167, "completion_tokens": 120, "total_tokens": 287, "token_count_source": "tokenizer"}, "decoding": {"temperature": 0.2, "top_p": null, "top_k": null, "max_tokens": 120, "seed": 42}, "prompt_tokens": 167, "completion_tokens": 120, "total_tokens": 287, "token_count_source": "tokenizer", "diffusion_steps": null, "flops_estimate": null, "flops_arch": null, "flops_model_params": null, "flops_active_params": null, "tokens_non_final": 3, "tokens_reasoning": 0, "tokens_response": 3, "elapsed_seconds": 49.03156590461731, "judgement": "Good approximation"}
{"id": "travel_time_001008", "topic": "travel_time", "subtopic": "drive_time", "prompt": "You need to travel about 74 miles at around 25 mph. About how many hours will it take?", "exact_value": 2.948, "model": "Dream-org/Dream-v0-Instruct-7B", "provider": "transformers", "response": "Final answer: 2.", "numeric_answer": 2.0, "relative_error": 0.32157394843962006, "thinking_text": null, "has_tool_call": false, "tool_call": null, "usage": {"prompt_tokens": 166, "completion_tokens": 121, "total_tokens": 287, "token_count_source": "tokenizer"}, "decoding": {"temperature": 0.2, "top_p": null, "top_k": null, "max_tokens": 120, "seed": 42}, "prompt_tokens": 166, "completion_tokens": 121, "total_tokens": 287, "token_count_source": "tokenizer", "diffusion_steps": null, "flops_estimate": null, "flops_arch": null, "flops_model_params": null, "flops_active_params": null, "tokens_non_final": 3, "tokens_reasoning": 0, "tokens_response": 3, "elapsed_seconds": 49.303815603256226, "judgement": "Mildly off"}
{"id": "travel_time_001028", "topic": "travel_time", "subtopic": "drive_time", "prompt": "You need to travel about 51 miles at around 55 mph. About how many hours will it take?", "exact_value": 0.9309090909090909, "model": "Dream-org/Dream-v0-Instruct-7B", "provider": "transformers", "response": "Final answer: 1 hour.", "numeric_answer": 1.0, "relative_error": 0.07421875, "thinking_text": null, "has_tool_call": false, "tool_call": null, "usage": {"prompt_tokens": 166, "completion_tokens": 121, "total_tokens": 287, "token_count_source": "tokenizer"}, "decoding": {"temperature": 0.2, "top_p": null, "top_k": null, "max_tokens": 120, "seed": 42}, "prompt_tokens": 166, "completion_tokens": 121, "total_tokens": 287, "token_count_source": "tokenizer", "diffusion_steps": null, "flops_estimate": null, "flops_arch": null, "flops_model_params": null, "flops_active_params": null, "tokens_non_final": 4, "tokens_reasoning": 0, "tokens_response": 4, "elapsed_seconds": 49.303815603256226, "judgement": "Good approximation"}
{"id": "travel_time_001048", "topic": "travel_time", "subtopic": "drive_time", "prompt": "You need to travel about 216 miles at around 35 mph. About how many hours will it take?", "exact_value": 6.180000000000001, "model": "Dream-org/Dream-v0-Instruct-7B", "provider": "transformers", "response": "Final answer: 2.5", "numeric_answer": 2.5, "relative_error": 0.5954692556634305, "thinking_text": null, "has_tool_call": false, "tool_call": null, "usage": {"prompt_tokens": 167, "completion_tokens": 120, "total_tokens": 287, "token_count_source": "tokenizer"}, "decoding": {"temperature": 0.2, "top_p": null, "top_k": null, "max_tokens": 120, "seed": 42}, "prompt_tokens": 167, "completion_tokens": 120, "total_tokens": 287, "token_count_source": "tokenizer", "diffusion_steps": null, "flops_estimate": null, "flops_arch": null, "flops_model_params": null, "flops_active_params": null, "tokens_non_final": 3, "tokens_reasoning": 0, "tokens_response": 3, "elapsed_seconds": 49.303815603256226, "judgement": "Mildly off"}
{"id": "travel_time_001068", "topic": "travel_time", "subtopic": "drive_time", "prompt": "You need to travel about 183 miles at around 25 mph. About how many hours will it take?", "exact_value": 7.308, "model": "Dream-org/Dream-v0-Instruct-7B", "provider": "transformers", "response": "Final answer: 2.5 hours", "numeric_answer": 2.5, "relative_error": 0.6579091406677613, "thinking_text": null, "has_tool_call": false, "tool_call": null, "usage": {"prompt_tokens": 167, "completion_tokens": 120, "total_tokens": 287, "token_count_source": "tokenizer"}, "decoding": {"temperature": 0.2, "top_p": null, "top_k": null, "max_tokens": 120, "seed": 42}, "prompt_tokens": 167, "completion_tokens": 120, "total_tokens": 287, "token_count_source": "tokenizer", "diffusion_steps": null, "flops_estimate": null, "flops_arch": null, "flops_model_params": null, "flops_active_params": null, "tokens_non_final": 4, "tokens_reasoning": 0, "tokens_response": 4, "elapsed_seconds": 49.303815603256226, "judgement": "Way off"}
{"id": "physics_estimate_000112", "topic": "physics_estimate", "subtopic": "fill_rate", "prompt": "A faucet fills 40 liters at about 6 liters per minute. About how many minutes does it take?", "exact_value": 6.666666666666667, "model": "Dream-org/Dream-v0-Instruct-7B", "provider": "transformers", "response": "Final answer: 2.", "numeric_answer": 2.0, "relative_error": 0.7000000000000001, "thinking_text": null, "has_tool_call": false, "tool_call": null, "usage": {"prompt_tokens": 165, "completion_tokens": 120, "total_tokens": 285, "token_count_source": "tokenizer"}, "decoding": {"temperature": 0.2, "top_p": null, "top_k": null, "max_tokens": 120, "seed": 42}, "prompt_tokens": 165, "completion_tokens": 120, "total_tokens": 285, "token_count_source": "tokenizer", "diffusion_steps": null, "flops_estimate": null, "flops_arch": null, "flops_model_params": null, "flops_active_params": null, "tokens_non_final": 3, "tokens_reasoning": 0, "tokens_response": 3, "elapsed_seconds": 48.741814851760864, "judgement": "Way off"}
{"id": "physics_estimate_000132", "topic": "physics_estimate", "subtopic": "fill_rate", "prompt": "A faucet fills 10 liters at about 6 liters per minute. About how many minutes does it take?", "exact_value": 1.6666666666666667, "model": "Dream-org/Dream-v0-Instruct-7B", "provider": "transformers", "response": "Final answer: 2.", "numeric_answer": 2.0, "relative_error": 0.19999999999999996, "thinking_text": null, "has_tool_call": false, "tool_call": null, "usage": {"prompt_tokens": 165, "completion_tokens": 120, "total_tokens": 285, "token_count_source": "tokenizer"}, "decoding": {"temperature": 0.2, "top_p": null, "top_k": null, "max_tokens": 120, "seed": 42}, "prompt_tokens": 165, "completion_tokens": 120, "total_tokens": 285, "token_count_source": "tokenizer", "diffusion_steps": null, "flops_estimate": null, "flops_arch": null, "flops_model_params": null, "flops_active_params": null, "tokens_non_final": 3, "tokens_reasoning": 0, "tokens_response": 3, "elapsed_seconds": 48.741814851760864, "judgement": "Good approximation"}
{"id": "physics_estimate_000152", "topic": "physics_estimate", "subtopic": "fill_rate", "prompt": "A faucet fills 10 liters at about 7 liters per minute. About how many minutes does it take?", "exact_value": 1.4285714285714286, "model": "Dream-org/Dream-v0-Instruct-7B", "provider": "transformers", "response": "Final answer: 1", "numeric_answer": 1.0, "relative_error": 0.3, "thinking_text": null, "has_tool_call": false, "tool_call": null, "usage": {"prompt_tokens": 165, "completion_tokens": 120, "total_tokens": 285, "token_count_source": "tokenizer"}, "decoding": {"temperature": 0.2, "top_p": null, "top_k": null, "max_tokens": 120, "seed": 42}, "prompt_tokens": 165, "completion_tokens": 120, "total_tokens": 285, "token_count_source": "tokenizer", "diffusion_steps": null, "flops_estimate": null, "flops_arch": null, "flops_model_params": null, "flops_active_params": null, "tokens_non_final": 3, "tokens_reasoning": 0, "tokens_response": 3, "elapsed_seconds": 48.741814851760864, "judgement": "Mildly off"}
{"id": "physics_estimate_000172", "topic": "physics_estimate", "subtopic": "fill_rate", "prompt": "A faucet fills 15 liters at about 6 liters per minute. About how many minutes does it take?", "exact_value": 2.5, "model": "Dream-org/Dream-v0-Instruct-7B", "provider": "transformers", "response": "Final answer: 2.", "numeric_answer": 2.0, "relative_error": 0.2, "thinking_text": null, "has_tool_call": false, "tool_call": null, "usage": {"prompt_tokens": 165, "completion_tokens": 120, "total_tokens": 285, "token_count_source": "tokenizer"}, "decoding": {"temperature": 0.2, "top_p": null, "top_k": null, "max_tokens": 120, "seed": 42}, "prompt_tokens": 165, "completion_tokens": 120, "total_tokens": 285, "token_count_source": "tokenizer", "diffusion_steps": null, "flops_estimate": null, "flops_arch": null, "flops_model_params": null, "flops_active_params": null, "tokens_non_final": 3, "tokens_reasoning": 0, "tokens_response": 3, "elapsed_seconds": 48.741814851760864, "judgement": "Good approximation"}
{"id": "physics_estimate_000192", "topic": "physics_estimate", "subtopic": "fill_rate", "prompt": "A faucet fills 15 liters at about 8 liters per minute. About how many minutes does it take?", "exact_value": 1.875, "model": "Dream-org/Dream-v0-Instruct-7B", "provider": "transformers", "response": "Final answer: 3.", "numeric_answer": 3.0, "relative_error": 0.6, "thinking_text": null, "has_tool_call": false, "tool_call": null, "usage": {"prompt_tokens": 165, "completion_tokens": 120, "total_tokens": 285, "token_count_source": "tokenizer"}, "decoding": {"temperature": 0.2, "top_p": null, "top_k": null, "max_tokens": 120, "seed": 42}, "prompt_tokens": 165, "completion_tokens": 120, "total_tokens": 285, "token_count_source": "tokenizer", "diffusion_steps": null, "flops_estimate": null, "flops_arch": null, "flops_model_params": null, "flops_active_params": null, "tokens_non_final": 3, "tokens_reasoning": 0, "tokens_response": 3, "elapsed_seconds": 48.781176805496216, "judgement": "Mildly off"}
{"id": "physics_estimate_000212", "topic": "physics_estimate", "subtopic": "fill_rate", "prompt": "A faucet fills 50 liters at about 6 liters per minute. About how many minutes does it take?", "exact_value": 8.333333333333334, "model": "Dream-org/Dream-v0-Instruct-7B", "provider": "transformers", "response": "Final answer: 1", "numeric_answer": 1.0, "relative_error": 0.88, "thinking_text": null, "has_tool_call": false, "tool_call": null, "usage": {"prompt_tokens": 165, "completion_tokens": 120, "total_tokens": 285, "token_count_source": "tokenizer"}, "decoding": {"temperature": 0.2, "top_p": null, "top_k": null, "max_tokens": 120, "seed": 42}, "prompt_tokens": 165, "completion_tokens": 120, "total_tokens": 285, "token_count_source": "tokenizer", "diffusion_steps": null, "flops_estimate": null, "flops_arch": null, "flops_model_params": null, "flops_active_params": null, "tokens_non_final": 3, "tokens_reasoning": 0, "tokens_response": 3, "elapsed_seconds": 48.781176805496216, "judgement": "Way off"}
{"id": "physics_estimate_000232", "topic": "physics_estimate", "subtopic": "fill_rate", "prompt": "A faucet fills 20 liters at about 4 liters per minute. About how many minutes does it take?", "exact_value": 5.0, "model": "Dream-org/Dream-v0-Instruct-7B", "provider": "transformers", "response": "Final answer: 1", "numeric_answer": 1.0, "relative_error": 0.8, "thinking_text": null, "has_tool_call": false, "tool_call": null, "usage": {"prompt_tokens": 165, "completion_tokens": 120, "total_tokens": 285, "token_count_source": "tokenizer"}, "decoding": {"temperature": 0.2, "top_p": null, "top_k": null, "max_tokens": 120, "seed": 42}, "prompt_tokens": 165, "completion_tokens": 120, "total_tokens": 285, "token_count_source": "tokenizer", "diffusion_steps": null, "flops_estimate": null, "flops_arch": null, "flops_model_params": null, "flops_active_params": null, "tokens_non_final": 3, "tokens_reasoning": 0, "tokens_response": 3, "elapsed_seconds": 48.781176805496216, "judgement": "Way off"}
{"id": "physics_estimate_000252", "topic": "physics_estimate", "subtopic": "fill_rate", "prompt": "A faucet fills 30 liters at about 5 liters per minute. About how many minutes does it take?", "exact_value": 6.0, "model": "Dream-org/Dream-v0-Instruct-7B", "provider": "transformers", "response": "Final answer: 1", "numeric_answer": 1.0, "relative_error": 0.8333333333333334, "thinking_text": null, "has_tool_call": false, "tool_call": null, "usage": {"prompt_tokens": 165, "completion_tokens": 120, "total_tokens": 285, "token_count_source": "tokenizer"}, "decoding": {"temperature": 0.2, "top_p": null, "top_k": null, "max_tokens": 120, "seed": 42}, "prompt_tokens": 165, "completion_tokens": 120, "total_tokens": 285, "token_count_source": "tokenizer", "diffusion_steps": null, "flops_estimate": null, "flops_arch": null, "flops_model_params": null, "flops_active_params": null, "tokens_non_final": 3, "tokens_reasoning": 0, "tokens_response": 3, "elapsed_seconds": 48.781176805496216, "judgement": "Way off"}
{"id": "physics_estimate_000272", "topic": "physics_estimate", "subtopic": "fill_rate", "prompt": "A faucet fills 50 liters at about 6 liters per minute. About how many minutes does it take?", "exact_value": 8.333333333333334, "model": "Dream-org/Dream-v0-Instruct-7B", "provider": "transformers", "response": "Final answer: 1.5", "numeric_answer": 1.5, "relative_error": 0.8200000000000001, "thinking_text": null, "has_tool_call": false, "tool_call": null, "usage": {"prompt_tokens": 165, "completion_tokens": 120, "total_tokens": 285, "token_count_source": "tokenizer"}, "decoding": {"temperature": 0.2, "top_p": null, "top_k": null, "max_tokens": 120, "seed": 42}, "prompt_tokens": 165, "completion_tokens": 120, "total_tokens": 285, "token_count_source": "tokenizer", "diffusion_steps": null, "flops_estimate": null, "flops_arch": null, "flops_model_params": null, "flops_active_params": null, "tokens_non_final": 3, "tokens_reasoning": 0, "tokens_response": 3, "elapsed_seconds": 48.76721954345703, "judgement": "Way off"}
{"id": "physics_estimate_000292", "topic": "physics_estimate", "subtopic": "fill_rate", "prompt": "A faucet fills 20 liters at about 4 liters per minute. About how many minutes does it take?", "exact_value": 5.0, "model": "Dream-org/Dream-v0-Instruct-7B", "provider": "transformers", "response": "Final answer: 1.5", "numeric_answer": 1.5, "relative_error": 0.7, "thinking_text": null, "has_tool_call": false, "tool_call": null, "usage": {"prompt_tokens": 165, "completion_tokens": 120, "total_tokens": 285, "token_count_source": "tokenizer"}, "decoding": {"temperature": 0.2, "top_p": null, "top_k": null, "max_tokens": 120, "seed": 42}, "prompt_tokens": 165, "completion_tokens": 120, "total_tokens": 285, "token_count_source": "tokenizer", "diffusion_steps": null, "flops_estimate": null, "flops_arch": null, "flops_model_params": null, "flops_active_params": null, "tokens_non_final": 3, "tokens_reasoning": 0, "tokens_response": 3, "elapsed_seconds": 48.76721954345703, "judgement": "Way off"}
{"id": "physics_estimate_000312", "topic": "physics_estimate", "subtopic": "fill_rate", "prompt": "A faucet fills 15 liters at about 4 liters per minute. About how many minutes does it take?", "exact_value": 3.75, "model": "Dream-org/Dream-v0-Instruct-7B", "provider": "transformers", "response": "Final answer: 3.", "numeric_answer": 3.0, "relative_error": 0.2, "thinking_text": null, "has_tool_call": false, "tool_call": null, "usage": {"prompt_tokens": 165, "completion_tokens": 120, "total_tokens": 285, "token_count_source": "tokenizer"}, "decoding": {"temperature": 0.2, "top_p": null, "top_k": null, "max_tokens": 120, "seed": 42}, "prompt_tokens": 165, "completion_tokens": 120, "total_tokens": 285, "token_count_source": "tokenizer", "diffusion_steps": null, "flops_estimate": null, "flops_arch": null, "flops_model_params": null, "flops_active_params": null, "tokens_non_final": 3, "tokens_reasoning": 0, "tokens_response": 3, "elapsed_seconds": 48.76721954345703, "judgement": "Good approximation"}
{"id": "physics_estimate_000332", "topic": "physics_estimate", "subtopic": "fill_rate", "prompt": "A faucet fills 15 liters at about 5 liters per minute. About how many minutes does it take?", "exact_value": 3.0, "model": "Dream-org/Dream-v0-Instruct-7B", "provider": "transformers", "response": "Final answer: 2.", "numeric_answer": 2.0, "relative_error": 0.3333333333333333, "thinking_text": null, "has_tool_call": false, "tool_call": null, "usage": {"prompt_tokens": 165, "completion_tokens": 120, "total_tokens": 285, "token_count_source": "tokenizer"}, "decoding": {"temperature": 0.2, "top_p": null, "top_k": null, "max_tokens": 120, "seed": 42}, "prompt_tokens": 165, "completion_tokens": 120, "total_tokens": 285, "token_count_source": "tokenizer", "diffusion_steps": null, "flops_estimate": null, "flops_arch": null, "flops_model_params": null, "flops_active_params": null, "tokens_non_final": 3, "tokens_reasoning": 0, "tokens_response": 3, "elapsed_seconds": 48.76721954345703, "judgement": "Mildly off"}
{"id": "physics_estimate_000352", "topic": "physics_estimate", "subtopic": "fill_rate", "prompt": "A faucet fills 15 liters at about 6 liters per minute. About how many minutes does it take?", "exact_value": 2.5, "model": "Dream-org/Dream-v0-Instruct-7B", "provider": "transformers", "response": "Final answer: 2.", "numeric_answer": 2.0, "relative_error": 0.2, "thinking_text": null, "has_tool_call": false, "tool_call": null, "usage": {"prompt_tokens": 165, "completion_tokens": 120, "total_tokens": 285, "token_count_source": "tokenizer"}, "decoding": {"temperature": 0.2, "top_p": null, "top_k": null, "max_tokens": 120, "seed": 42}, "prompt_tokens": 165, "completion_tokens": 120, "total_tokens": 285, "token_count_source": "tokenizer", "diffusion_steps": null, "flops_estimate": null, "flops_arch": null, "flops_model_params": null, "flops_active_params": null, "tokens_non_final": 3, "tokens_reasoning": 0, "tokens_response": 3, "elapsed_seconds": 48.72523307800293, "judgement": "Good approximation"}
{"id": "physics_estimate_000372", "topic": "physics_estimate", "subtopic": "fill_rate", "prompt": "A faucet fills 50 liters at about 6 liters per minute. About how many minutes does it take?", "exact_value": 8.333333333333334, "model": "Dream-org/Dream-v0-Instruct-7B", "provider": "transformers", "response": "Final answer: 6.", "numeric_answer": 6.0, "relative_error": 0.28, "thinking_text": null, "has_tool_call": false, "tool_call": null, "usage": {"prompt_tokens": 165, "completion_tokens": 120, "total_tokens": 285, "token_count_source": "tokenizer"}, "decoding": {"temperature": 0.2, "top_p": null, "top_k": null, "max_tokens": 120, "seed": 42}, "prompt_tokens": 165, "completion_tokens": 120, "total_tokens": 285, "token_count_source": "tokenizer", "diffusion_steps": null, "flops_estimate": null, "flops_arch": null, "flops_model_params": null, "flops_active_params": null, "tokens_non_final": 3, "tokens_reasoning": 0, "tokens_response": 3, "elapsed_seconds": 48.72523307800293, "judgement": "Mildly off"}
{"id": "physics_estimate_000392", "topic": "physics_estimate", "subtopic": "fill_rate", "prompt": "A faucet fills 40 liters at about 7 liters per minute. About how many minutes does it take?", "exact_value": 5.714285714285714, "model": "Dream-org/Dream-v0-Instruct-7B", "provider": "transformers", "response": "Final answer: 1", "numeric_answer": 1.0, "relative_error": 0.825, "thinking_text": null, "has_tool_call": false, "tool_call": null, "usage": {"prompt_tokens": 165, "completion_tokens": 120, "total_tokens": 285, "token_count_source": "tokenizer"}, "decoding": {"temperature": 0.2, "top_p": null, "top_k": null, "max_tokens": 120, "seed": 42}, "prompt_tokens": 165, "completion_tokens": 120, "total_tokens": 285, "token_count_source": "tokenizer", "diffusion_steps": null, "flops_estimate": null, "flops_arch": null, "flops_model_params": null, "flops_active_params": null, "tokens_non_final": 3, "tokens_reasoning": 0, "tokens_response": 3, "elapsed_seconds": 48.72523307800293, "judgement": "Way off"}
{"id": "physics_estimate_000412", "topic": "physics_estimate", "subtopic": "fill_rate", "prompt": "A faucet fills 10 liters at about 7 liters per minute. About how many minutes does it take?", "exact_value": 1.4285714285714286, "model": "Dream-org/Dream-v0-Instruct-7B", "provider": "transformers", "response": "Final answer: 2", "numeric_answer": 2.0, "relative_error": 0.39999999999999997, "thinking_text": null, "has_tool_call": false, "tool_call": null, "usage": {"prompt_tokens": 165, "completion_tokens": 120, "total_tokens": 285, "token_count_source": "tokenizer"}, "decoding": {"temperature": 0.2, "top_p": null, "top_k": null, "max_tokens": 120, "seed": 42}, "prompt_tokens": 165, "completion_tokens": 120, "total_tokens": 285, "token_count_source": "tokenizer", "diffusion_steps": null, "flops_estimate": null, "flops_arch": null, "flops_model_params": null, "flops_active_params": null, "tokens_non_final": 3, "tokens_reasoning": 0, "tokens_response": 3, "elapsed_seconds": 48.72523307800293, "judgement": "Mildly off"}
{"id": "physics_estimate_000432", "topic": "physics_estimate", "subtopic": "fill_rate", "prompt": "A faucet fills 30 liters at about 6 liters per minute. About how many minutes does it take?", "exact_value": 5.0, "model": "Dream-org/Dream-v0-Instruct-7B", "provider": "transformers", "response": "Final answer:", "numeric_answer": null, "relative_error": null, "thinking_text": null, "has_tool_call": false, "tool_call": null, "usage": {"prompt_tokens": 165, "completion_tokens": 120, "total_tokens": 285, "token_count_source": "tokenizer"}, "decoding": {"temperature": 0.2, "top_p": null, "top_k": null, "max_tokens": 120, "seed": 42}, "prompt_tokens": 165, "completion_tokens": 120, "total_tokens": 285, "token_count_source": "tokenizer", "diffusion_steps": null, "flops_estimate": null, "flops_arch": null, "flops_model_params": null, "flops_active_params": null, "tokens_non_final": 2, "tokens_reasoning": 0, "tokens_response": 2, "elapsed_seconds": 48.53410506248474, "judgement": "Uncategorized"}
{"id": "physics_estimate_000452", "topic": "physics_estimate", "subtopic": "fill_rate", "prompt": "A faucet fills 10 liters at about 5 liters per minute. About how many minutes does it take?", "exact_value": 2.0, "model": "Dream-org/Dream-v0-Instruct-7B", "provider": "transformers", "response": "Final answer: 2", "numeric_answer": 2.0, "relative_error": 0.0, "thinking_text": null, "has_tool_call": false, "tool_call": null, "usage": {"prompt_tokens": 165, "completion_tokens": 120, "total_tokens": 285, "token_count_source": "tokenizer"}, "decoding": {"temperature": 0.2, "top_p": null, "top_k": null, "max_tokens": 120, "seed": 42}, "prompt_tokens": 165, "completion_tokens": 120, "total_tokens": 285, "token_count_source": "tokenizer", "diffusion_steps": null, "flops_estimate": null, "flops_arch": null, "flops_model_params": null, "flops_active_params": null, "tokens_non_final": 3, "tokens_reasoning": 0, "tokens_response": 3, "elapsed_seconds": 48.53410506248474, "judgement": "Exact math"}
{"id": "physics_estimate_000472", "topic": "physics_estimate", "subtopic": "fill_rate", "prompt": "A faucet fills 30 liters at about 6 liters per minute. About how many minutes does it take?", "exact_value": 5.0, "model": "Dream-org/Dream-v0-Instruct-7B", "provider": "transformers", "response": "Final answer: 2.", "numeric_answer": 2.0, "relative_error": 0.6, "thinking_text": null, "has_tool_call": false, "tool_call": null, "usage": {"prompt_tokens": 165, "completion_tokens": 120, "total_tokens": 285, "token_count_source": "tokenizer"}, "decoding": {"temperature": 0.2, "top_p": null, "top_k": null, "max_tokens": 120, "seed": 42}, "prompt_tokens": 165, "completion_tokens": 120, "total_tokens": 285, "token_count_source": "tokenizer", "diffusion_steps": null, "flops_estimate": null, "flops_arch": null, "flops_model_params": null, "flops_active_params": null, "tokens_non_final": 3, "tokens_reasoning": 0, "tokens_response": 3, "elapsed_seconds": 48.53410506248474, "judgement": "Mildly off"}
{"id": "physics_estimate_000492", "topic": "physics_estimate", "subtopic": "fill_rate", "prompt": "A faucet fills 30 liters at about 7 liters per minute. About how many minutes does it take?", "exact_value": 4.285714285714286, "model": "Dream-org/Dream-v0-Instruct-7B", "provider": "transformers", "response": "Final answer: 5", "numeric_answer": 5.0, "relative_error": 0.1666666666666667, "thinking_text": null, "has_tool_call": false, "tool_call": null, "usage": {"prompt_tokens": 165, "completion_tokens": 120, "total_tokens": 285, "token_count_source": "tokenizer"}, "decoding": {"temperature": 0.2, "top_p": null, "top_k": null, "max_tokens": 120, "seed": 42}, "prompt_tokens": 165, "completion_tokens": 120, "total_tokens": 285, "token_count_source": "tokenizer", "diffusion_steps": null, "flops_estimate": null, "flops_arch": null, "flops_model_params": null, "flops_active_params": null, "tokens_non_final": 3, "tokens_reasoning": 0, "tokens_response": 3, "elapsed_seconds": 48.53410506248474, "judgement": "Good approximation"}
{"id": "physics_estimate_000512", "topic": "physics_estimate", "subtopic": "fill_rate", "prompt": "A faucet fills 20 liters at about 8 liters per minute. About how many minutes does it take?", "exact_value": 2.5, "model": "Dream-org/Dream-v0-Instruct-7B", "provider": "transformers", "response": "Final answer: 1", "numeric_answer": 1.0, "relative_error": 0.6, "thinking_text": null, "has_tool_call": false, "tool_call": null, "usage": {"prompt_tokens": 165, "completion_tokens": 120, "total_tokens": 285, "token_count_source": "tokenizer"}, "decoding": {"temperature": 0.2, "top_p": null, "top_k": null, "max_tokens": 120, "seed": 42}, "prompt_tokens": 165, "completion_tokens": 120, "total_tokens": 285, "token_count_source": "tokenizer", "diffusion_steps": null, "flops_estimate": null, "flops_arch": null, "flops_model_params": null, "flops_active_params": null, "tokens_non_final": 3, "tokens_reasoning": 0, "tokens_response": 3, "elapsed_seconds": 48.39271879196167, "judgement": "Mildly off"}
{"id": "physics_estimate_000532", "topic": "physics_estimate", "subtopic": "fill_rate", "prompt": "A faucet fills 50 liters at about 6 liters per minute. About how many minutes does it take?", "exact_value": 8.333333333333334, "model": "Dream-org/Dream-v0-Instruct-7B", "provider": "transformers", "response": "Final answer: 10", "numeric_answer": 10.0, "relative_error": 0.19999999999999993, "thinking_text": null, "has_tool_call": false, "tool_call": null, "usage": {"prompt_tokens": 165, "completion_tokens": 120, "total_tokens": 285, "token_count_source": "tokenizer"}, "decoding": {"temperature": 0.2, "top_p": null, "top_k": null, "max_tokens": 120, "seed": 42}, "prompt_tokens": 165, "completion_tokens": 120, "total_tokens": 285, "token_count_source": "tokenizer", "diffusion_steps": null, "flops_estimate": null, "flops_arch": null, "flops_model_params": null, "flops_active_params": null, "tokens_non_final": 3, "tokens_reasoning": 0, "tokens_response": 3, "elapsed_seconds": 48.39271879196167, "judgement": "Good approximation"}
{"id": "physics_estimate_000552", "topic": "physics_estimate", "subtopic": "fill_rate", "prompt": "A faucet fills 40 liters at about 8 liters per minute. About how many minutes does it take?", "exact_value": 5.0, "model": "Dream-org/Dream-v0-Instruct-7B", "provider": "transformers", "response": "Final answer: 4.", "numeric_answer": 4.0, "relative_error": 0.2, "thinking_text": null, "has_tool_call": false, "tool_call": null, "usage": {"prompt_tokens": 165, "completion_tokens": 120, "total_tokens": 285, "token_count_source": "tokenizer"}, "decoding": {"temperature": 0.2, "top_p": null, "top_k": null, "max_tokens": 120, "seed": 42}, "prompt_tokens": 165, "completion_tokens": 120, "total_tokens": 285, "token_count_source": "tokenizer", "diffusion_steps": null, "flops_estimate": null, "flops_arch": null, "flops_model_params": null, "flops_active_params": null, "tokens_non_final": 3, "tokens_reasoning": 0, "tokens_response": 3, "elapsed_seconds": 48.39271879196167, "judgement": "Good approximation"}
{"id": "physics_estimate_000572", "topic": "physics_estimate", "subtopic": "fill_rate", "prompt": "A faucet fills 30 liters at about 8 liters per minute. About how many minutes does it take?", "exact_value": 3.75, "model": "Dream-org/Dream-v0-Instruct-7B", "provider": "transformers", "response": "Final answer: 5", "numeric_answer": 5.0, "relative_error": 0.3333333333333333, "thinking_text": null, "has_tool_call": false, "tool_call": null, "usage": {"prompt_tokens": 165, "completion_tokens": 120, "total_tokens": 285, "token_count_source": "tokenizer"}, "decoding": {"temperature": 0.2, "top_p": null, "top_k": null, "max_tokens": 120, "seed": 42}, "prompt_tokens": 165, "completion_tokens": 120, "total_tokens": 285, "token_count_source": "tokenizer", "diffusion_steps": null, "flops_estimate": null, "flops_arch": null, "flops_model_params": null, "flops_active_params": null, "tokens_non_final": 3, "tokens_reasoning": 0, "tokens_response": 3, "elapsed_seconds": 48.39271879196167, "judgement": "Mildly off"}
{"id": "physics_estimate_000592", "topic": "physics_estimate", "subtopic": "fill_rate", "prompt": "A faucet fills 30 liters at about 6 liters per minute. About how many minutes does it take?", "exact_value": 5.0, "model": "Dream-org/Dream-v0-Instruct-7B", "provider": "transformers", "response": "Final answer: 1.", "numeric_answer": 1.0, "relative_error": 0.8, "thinking_text": null, "has_tool_call": false, "tool_call": null, "usage": {"prompt_tokens": 165, "completion_tokens": 120, "total_tokens": 285, "token_count_source": "tokenizer"}, "decoding": {"temperature": 0.2, "top_p": null, "top_k": null, "max_tokens": 120, "seed": 42}, "prompt_tokens": 165, "completion_tokens": 120, "total_tokens": 285, "token_count_source": "tokenizer", "diffusion_steps": null, "flops_estimate": null, "flops_arch": null, "flops_model_params": null, "flops_active_params": null, "tokens_non_final": 3, "tokens_reasoning": 0, "tokens_response": 3, "elapsed_seconds": 48.352702379226685, "judgement": "Way off"}
{"id": "physics_estimate_000612", "topic": "physics_estimate", "subtopic": "fill_rate", "prompt": "A faucet fills 20 liters at about 6 liters per minute. About how many minutes does it take?", "exact_value": 3.3333333333333335, "model": "Dream-org/Dream-v0-Instruct-7B", "provider": "transformers", "response": "Final answer: 5.", "numeric_answer": 5.0, "relative_error": 0.49999999999999994, "thinking_text": null, "has_tool_call": false, "tool_call": null, "usage": {"prompt_tokens": 165, "completion_tokens": 120, "total_tokens": 285, "token_count_source": "tokenizer"}, "decoding": {"temperature": 0.2, "top_p": null, "top_k": null, "max_tokens": 120, "seed": 42}, "prompt_tokens": 165, "completion_tokens": 120, "total_tokens": 285, "token_count_source": "tokenizer", "diffusion_steps": null, "flops_estimate": null, "flops_arch": null, "flops_model_params": null, "flops_active_params": null, "tokens_non_final": 3, "tokens_reasoning": 0, "tokens_response": 3, "elapsed_seconds": 48.352702379226685, "judgement": "Mildly off"}
{"id": "physics_estimate_000632", "topic": "physics_estimate", "subtopic": "fill_rate", "prompt": "A faucet fills 10 liters at about 7 liters per minute. About how many minutes does it take?", "exact_value": 1.4285714285714286, "model": "Dream-org/Dream-v0-Instruct-7B", "provider": "transformers", "response": "Final answer: 2.", "numeric_answer": 2.0, "relative_error": 0.39999999999999997, "thinking_text": null, "has_tool_call": false, "tool_call": null, "usage": {"prompt_tokens": 165, "completion_tokens": 120, "total_tokens": 285, "token_count_source": "tokenizer"}, "decoding": {"temperature": 0.2, "top_p": null, "top_k": null, "max_tokens": 120, "seed": 42}, "prompt_tokens": 165, "completion_tokens": 120, "total_tokens": 285, "token_count_source": "tokenizer", "diffusion_steps": null, "flops_estimate": null, "flops_arch": null, "flops_model_params": null, "flops_active_params": null, "tokens_non_final": 3, "tokens_reasoning": 0, "tokens_response": 3, "elapsed_seconds": 48.352702379226685, "judgement": "Mildly off"}
{"id": "physics_estimate_000652", "topic": "physics_estimate", "subtopic": "fill_rate", "prompt": "A faucet fills 30 liters at about 6 liters per minute. About how many minutes does it take?", "exact_value": 5.0, "model": "Dream-org/Dream-v0-Instruct-7B", "provider": "transformers", "response": "Final answer: 5.", "numeric_answer": 5.0, "relative_error": 0.0, "thinking_text": null, "has_tool_call": false, "tool_call": null, "usage": {"prompt_tokens": 165, "completion_tokens": 120, "total_tokens": 285, "token_count_source": "tokenizer"}, "decoding": {"temperature": 0.2, "top_p": null, "top_k": null, "max_tokens": 120, "seed": 42}, "prompt_tokens": 165, "completion_tokens": 120, "total_tokens": 285, "token_count_source": "tokenizer", "diffusion_steps": null, "flops_estimate": null, "flops_arch": null, "flops_model_params": null, "flops_active_params": null, "tokens_non_final": 3, "tokens_reasoning": 0, "tokens_response": 3, "elapsed_seconds": 48.352702379226685, "judgement": "Exact math"}
{"id": "physics_estimate_000672", "topic": "physics_estimate", "subtopic": "fill_rate", "prompt": "A faucet fills 10 liters at about 7 liters per minute. About how many minutes does it take?", "exact_value": 1.4285714285714286, "model": "Dream-org/Dream-v0-Instruct-7B", "provider": "transformers", "response": "Final answer: 3.", "numeric_answer": 3.0, "relative_error": 1.0999999999999999, "thinking_text": null, "has_tool_call": false, "tool_call": null, "usage": {"prompt_tokens": 165, "completion_tokens": 120, "total_tokens": 285, "token_count_source": "tokenizer"}, "decoding": {"temperature": 0.2, "top_p": null, "top_k": null, "max_tokens": 120, "seed": 42}, "prompt_tokens": 165, "completion_tokens": 120, "total_tokens": 285, "token_count_source": "tokenizer", "diffusion_steps": null, "flops_estimate": null, "flops_arch": null, "flops_model_params": null, "flops_active_params": null, "tokens_non_final": 3, "tokens_reasoning": 0, "tokens_response": 3, "elapsed_seconds": 48.34830331802368, "judgement": "Way off"}
{"id": "physics_estimate_000692", "topic": "physics_estimate", "subtopic": "fill_rate", "prompt": "A faucet fills 50 liters at about 6 liters per minute. About how many minutes does it take?", "exact_value": 8.333333333333334, "model": "Dream-org/Dream-v0-Instruct-7B", "provider": "transformers", "response": "Final answer: 10", "numeric_answer": 10.0, "relative_error": 0.19999999999999993, "thinking_text": null, "has_tool_call": false, "tool_call": null, "usage": {"prompt_tokens": 165, "completion_tokens": 120, "total_tokens": 285, "token_count_source": "tokenizer"}, "decoding": {"temperature": 0.2, "top_p": null, "top_k": null, "max_tokens": 120, "seed": 42}, "prompt_tokens": 165, "completion_tokens": 120, "total_tokens": 285, "token_count_source": "tokenizer", "diffusion_steps": null, "flops_estimate": null, "flops_arch": null, "flops_model_params": null, "flops_active_params": null, "tokens_non_final": 3, "tokens_reasoning": 0, "tokens_response": 3, "elapsed_seconds": 48.34830331802368, "judgement": "Good approximation"}
{"id": "physics_estimate_000712", "topic": "physics_estimate", "subtopic": "fill_rate", "prompt": "A faucet fills 15 liters at about 7 liters per minute. About how many minutes does it take?", "exact_value": 2.142857142857143, "model": "Dream-org/Dream-v0-Instruct-7B", "provider": "transformers", "response": "Final answer: 2", "numeric_answer": 2.0, "relative_error": 0.06666666666666664, "thinking_text": null, "has_tool_call": false, "tool_call": null, "usage": {"prompt_tokens": 165, "completion_tokens": 120, "total_tokens": 285, "token_count_source": "tokenizer"}, "decoding": {"temperature": 0.2, "top_p": null, "top_k": null, "max_tokens": 120, "seed": 42}, "prompt_tokens": 165, "completion_tokens": 120, "total_tokens": 285, "token_count_source": "tokenizer", "diffusion_steps": null, "flops_estimate": null, "flops_arch": null, "flops_model_params": null, "flops_active_params": null, "tokens_non_final": 3, "tokens_reasoning": 0, "tokens_response": 3, "elapsed_seconds": 48.34830331802368, "judgement": "Good approximation"}
{"id": "physics_estimate_000732", "topic": "physics_estimate", "subtopic": "fill_rate", "prompt": "A faucet fills 30 liters at about 7 liters per minute. About how many minutes does it take?", "exact_value": 4.285714285714286, "model": "Dream-org/Dream-v0-Instruct-7B", "provider": "transformers", "response": "Final answer: 3.", "numeric_answer": 3.0, "relative_error": 0.3, "thinking_text": null, "has_tool_call": false, "tool_call": null, "usage": {"prompt_tokens": 165, "completion_tokens": 120, "total_tokens": 285, "token_count_source": "tokenizer"}, "decoding": {"temperature": 0.2, "top_p": null, "top_k": null, "max_tokens": 120, "seed": 42}, "prompt_tokens": 165, "completion_tokens": 120, "total_tokens": 285, "token_count_source": "tokenizer", "diffusion_steps": null, "flops_estimate": null, "flops_arch": null, "flops_model_params": null, "flops_active_params": null, "tokens_non_final": 3, "tokens_reasoning": 0, "tokens_response": 3, "elapsed_seconds": 48.34830331802368, "judgement": "Mildly off"}
{"id": "physics_estimate_000752", "topic": "physics_estimate", "subtopic": "fill_rate", "prompt": "A faucet fills 15 liters at about 7 liters per minute. About how many minutes does it take?", "exact_value": 2.142857142857143, "model": "Dream-org/Dream-v0-Instruct-7B", "provider": "transformers", "response": "Final answer: 1", "numeric_answer": 1.0, "relative_error": 0.5333333333333333, "thinking_text": null, "has_tool_call": false, "tool_call": null, "usage": {"prompt_tokens": 165, "completion_tokens": 120, "total_tokens": 285, "token_count_source": "tokenizer"}, "decoding": {"temperature": 0.2, "top_p": null, "top_k": null, "max_tokens": 120, "seed": 42}, "prompt_tokens": 165, "completion_tokens": 120, "total_tokens": 285, "token_count_source": "tokenizer", "diffusion_steps": null, "flops_estimate": null, "flops_arch": null, "flops_model_params": null, "flops_active_params": null, "tokens_non_final": 3, "tokens_reasoning": 0, "tokens_response": 3, "elapsed_seconds": 48.319955348968506, "judgement": "Mildly off"}
{"id": "physics_estimate_000772", "topic": "physics_estimate", "subtopic": "fill_rate", "prompt": "A faucet fills 20 liters at about 6 liters per minute. About how many minutes does it take?", "exact_value": 3.3333333333333335, "model": "Dream-org/Dream-v0-Instruct-7B", "provider": "transformers", "response": "Final answer: 4.", "numeric_answer": 4.0, "relative_error": 0.19999999999999996, "thinking_text": null, "has_tool_call": false, "tool_call": null, "usage": {"prompt_tokens": 165, "completion_tokens": 120, "total_tokens": 285, "token_count_source": "tokenizer"}, "decoding": {"temperature": 0.2, "top_p": null, "top_k": null, "max_tokens": 120, "seed": 42}, "prompt_tokens": 165, "completion_tokens": 120, "total_tokens": 285, "token_count_source": "tokenizer", "diffusion_steps": null, "flops_estimate": null, "flops_arch": null, "flops_model_params": null, "flops_active_params": null, "tokens_non_final": 3, "tokens_reasoning": 0, "tokens_response": 3, "elapsed_seconds": 48.319955348968506, "judgement": "Good approximation"}
{"id": "physics_estimate_000792", "topic": "physics_estimate", "subtopic": "fill_rate", "prompt": "A faucet fills 15 liters at about 5 liters per minute. About how many minutes does it take?", "exact_value": 3.0, "model": "Dream-org/Dream-v0-Instruct-7B", "provider": "transformers", "response": "Final answer: 2", "numeric_answer": 2.0, "relative_error": 0.3333333333333333, "thinking_text": null, "has_tool_call": false, "tool_call": null, "usage": {"prompt_tokens": 165, "completion_tokens": 120, "total_tokens": 285, "token_count_source": "tokenizer"}, "decoding": {"temperature": 0.2, "top_p": null, "top_k": null, "max_tokens": 120, "seed": 42}, "prompt_tokens": 165, "completion_tokens": 120, "total_tokens": 285, "token_count_source": "tokenizer", "diffusion_steps": null, "flops_estimate": null, "flops_arch": null, "flops_model_params": null, "flops_active_params": null, "tokens_non_final": 3, "tokens_reasoning": 0, "tokens_response": 3, "elapsed_seconds": 48.319955348968506, "judgement": "Mildly off"}
{"id": "physics_estimate_000812", "topic": "physics_estimate", "subtopic": "fill_rate", "prompt": "A faucet fills 40 liters at about 7 liters per minute. About how many minutes does it take?", "exact_value": 5.714285714285714, "model": "Dream-org/Dream-v0-Instruct-7B", "provider": "transformers", "response": "Final answer: 4", "numeric_answer": 4.0, "relative_error": 0.3, "thinking_text": null, "has_tool_call": false, "tool_call": null, "usage": {"prompt_tokens": 165, "completion_tokens": 120, "total_tokens": 285, "token_count_source": "tokenizer"}, "decoding": {"temperature": 0.2, "top_p": null, "top_k": null, "max_tokens": 120, "seed": 42}, "prompt_tokens": 165, "completion_tokens": 120, "total_tokens": 285, "token_count_source": "tokenizer", "diffusion_steps": null, "flops_estimate": null, "flops_arch": null, "flops_model_params": null, "flops_active_params": null, "tokens_non_final": 3, "tokens_reasoning": 0, "tokens_response": 3, "elapsed_seconds": 48.319955348968506, "judgement": "Mildly off"}
{"id": "physics_estimate_000832", "topic": "physics_estimate", "subtopic": "fill_rate", "prompt": "A faucet fills 15 liters at about 4 liters per minute. About how many minutes does it take?", "exact_value": 3.75, "model": "Dream-org/Dream-v0-Instruct-7B", "provider": "transformers", "response": "Final answer: 2.", "numeric_answer": 2.0, "relative_error": 0.4666666666666667, "thinking_text": null, "has_tool_call": false, "tool_call": null, "usage": {"prompt_tokens": 165, "completion_tokens": 120, "total_tokens": 285, "token_count_source": "tokenizer"}, "decoding": {"temperature": 0.2, "top_p": null, "top_k": null, "max_tokens": 120, "seed": 42}, "prompt_tokens": 165, "completion_tokens": 120, "total_tokens": 285, "token_count_source": "tokenizer", "diffusion_steps": null, "flops_estimate": null, "flops_arch": null, "flops_model_params": null, "flops_active_params": null, "tokens_non_final": 3, "tokens_reasoning": 0, "tokens_response": 3, "elapsed_seconds": 48.324774503707886, "judgement": "Mildly off"}
{"id": "physics_estimate_000852", "topic": "physics_estimate", "subtopic": "fill_rate", "prompt": "A faucet fills 10 liters at about 6 liters per minute. About how many minutes does it take?", "exact_value": 1.6666666666666667, "model": "Dream-org/Dream-v0-Instruct-7B", "provider": "transformers", "response": "Final answer: 2.", "numeric_answer": 2.0, "relative_error": 0.19999999999999996, "thinking_text": null, "has_tool_call": false, "tool_call": null, "usage": {"prompt_tokens": 165, "completion_tokens": 120, "total_tokens": 285, "token_count_source": "tokenizer"}, "decoding": {"temperature": 0.2, "top_p": null, "top_k": null, "max_tokens": 120, "seed": 42}, "prompt_tokens": 165, "completion_tokens": 120, "total_tokens": 285, "token_count_source": "tokenizer", "diffusion_steps": null, "flops_estimate": null, "flops_arch": null, "flops_model_params": null, "flops_active_params": null, "tokens_non_final": 3, "tokens_reasoning": 0, "tokens_response": 3, "elapsed_seconds": 48.324774503707886, "judgement": "Good approximation"}
{"id": "physics_estimate_000872", "topic": "physics_estimate", "subtopic": "fill_rate", "prompt": "A faucet fills 30 liters at about 7 liters per minute. About how many minutes does it take?", "exact_value": 4.285714285714286, "model": "Dream-org/Dream-v0-Instruct-7B", "provider": "transformers", "response": "Final answer: 5", "numeric_answer": 5.0, "relative_error": 0.1666666666666667, "thinking_text": null, "has_tool_call": false, "tool_call": null, "usage": {"prompt_tokens": 165, "completion_tokens": 120, "total_tokens": 285, "token_count_source": "tokenizer"}, "decoding": {"temperature": 0.2, "top_p": null, "top_k": null, "max_tokens": 120, "seed": 42}, "prompt_tokens": 165, "completion_tokens": 120, "total_tokens": 285, "token_count_source": "tokenizer", "diffusion_steps": null, "flops_estimate": null, "flops_arch": null, "flops_model_params": null, "flops_active_params": null, "tokens_non_final": 3, "tokens_reasoning": 0, "tokens_response": 3, "elapsed_seconds": 48.324774503707886, "judgement": "Good approximation"}
{"id": "physics_estimate_000892", "topic": "physics_estimate", "subtopic": "fill_rate", "prompt": "A faucet fills 15 liters at about 4 liters per minute. About how many minutes does it take?", "exact_value": 3.75, "model": "Dream-org/Dream-v0-Instruct-7B", "provider": "transformers", "response": "Final answer: 2.", "numeric_answer": 2.0, "relative_error": 0.4666666666666667, "thinking_text": null, "has_tool_call": false, "tool_call": null, "usage": {"prompt_tokens": 165, "completion_tokens": 120, "total_tokens": 285, "token_count_source": "tokenizer"}, "decoding": {"temperature": 0.2, "top_p": null, "top_k": null, "max_tokens": 120, "seed": 42}, "prompt_tokens": 165, "completion_tokens": 120, "total_tokens": 285, "token_count_source": "tokenizer", "diffusion_steps": null, "flops_estimate": null, "flops_arch": null, "flops_model_params": null, "flops_active_params": null, "tokens_non_final": 3, "tokens_reasoning": 0, "tokens_response": 3, "elapsed_seconds": 48.324774503707886, "judgement": "Mildly off"}
{"id": "physics_estimate_000912", "topic": "physics_estimate", "subtopic": "fill_rate", "prompt": "A faucet fills 30 liters at about 8 liters per minute. About how many minutes does it take?", "exact_value": 3.75, "model": "Dream-org/Dream-v0-Instruct-7B", "provider": "transformers", "response": "Final answer: 3.5", "numeric_answer": 3.5, "relative_error": 0.06666666666666667, "thinking_text": null, "has_tool_call": false, "tool_call": null, "usage": {"prompt_tokens": 165, "completion_tokens": 120, "total_tokens": 285, "token_count_source": "tokenizer"}, "decoding": {"temperature": 0.2, "top_p": null, "top_k": null, "max_tokens": 120, "seed": 42}, "prompt_tokens": 165, "completion_tokens": 120, "total_tokens": 285, "token_count_source": "tokenizer", "diffusion_steps": null, "flops_estimate": null, "flops_arch": null, "flops_model_params": null, "flops_active_params": null, "tokens_non_final": 3, "tokens_reasoning": 0, "tokens_response": 3, "elapsed_seconds": 48.314974308013916, "judgement": "Good approximation"}
{"id": "physics_estimate_000932", "topic": "physics_estimate", "subtopic": "fill_rate", "prompt": "A faucet fills 30 liters at about 6 liters per minute. About how many minutes does it take?", "exact_value": 5.0, "model": "Dream-org/Dream-v0-Instruct-7B", "provider": "transformers", "response": "Final answer: 2.", "numeric_answer": 2.0, "relative_error": 0.6, "thinking_text": null, "has_tool_call": false, "tool_call": null, "usage": {"prompt_tokens": 165, "completion_tokens": 120, "total_tokens": 285, "token_count_source": "tokenizer"}, "decoding": {"temperature": 0.2, "top_p": null, "top_k": null, "max_tokens": 120, "seed": 42}, "prompt_tokens": 165, "completion_tokens": 120, "total_tokens": 285, "token_count_source": "tokenizer", "diffusion_steps": null, "flops_estimate": null, "flops_arch": null, "flops_model_params": null, "flops_active_params": null, "tokens_non_final": 3, "tokens_reasoning": 0, "tokens_response": 3, "elapsed_seconds": 48.314974308013916, "judgement": "Mildly off"}
{"id": "physics_estimate_000952", "topic": "physics_estimate", "subtopic": "fill_rate", "prompt": "A faucet fills 40 liters at about 6 liters per minute. About how many minutes does it take?", "exact_value": 6.666666666666667, "model": "Dream-org/Dream-v0-Instruct-7B", "provider": "transformers", "response": "Final answer: 1", "numeric_answer": 1.0, "relative_error": 0.85, "thinking_text": null, "has_tool_call": false, "tool_call": null, "usage": {"prompt_tokens": 165, "completion_tokens": 120, "total_tokens": 285, "token_count_source": "tokenizer"}, "decoding": {"temperature": 0.2, "top_p": null, "top_k": null, "max_tokens": 120, "seed": 42}, "prompt_tokens": 165, "completion_tokens": 120, "total_tokens": 285, "token_count_source": "tokenizer", "diffusion_steps": null, "flops_estimate": null, "flops_arch": null, "flops_model_params": null, "flops_active_params": null, "tokens_non_final": 3, "tokens_reasoning": 0, "tokens_response": 3, "elapsed_seconds": 48.314974308013916, "judgement": "Way off"}
{"id": "physics_estimate_000972", "topic": "physics_estimate", "subtopic": "fill_rate", "prompt": "A faucet fills 10 liters at about 8 liters per minute. About how many minutes does it take?", "exact_value": 1.25, "model": "Dream-org/Dream-v0-Instruct-7B", "provider": "transformers", "response": "Final answer: 2.", "numeric_answer": 2.0, "relative_error": 0.6, "thinking_text": null, "has_tool_call": false, "tool_call": null, "usage": {"prompt_tokens": 165, "completion_tokens": 120, "total_tokens": 285, "token_count_source": "tokenizer"}, "decoding": {"temperature": 0.2, "top_p": null, "top_k": null, "max_tokens": 120, "seed": 42}, "prompt_tokens": 165, "completion_tokens": 120, "total_tokens": 285, "token_count_source": "tokenizer", "diffusion_steps": null, "flops_estimate": null, "flops_arch": null, "flops_model_params": null, "flops_active_params": null, "tokens_non_final": 3, "tokens_reasoning": 0, "tokens_response": 3, "elapsed_seconds": 48.314974308013916, "judgement": "Mildly off"}
{"id": "physics_estimate_000992", "topic": "physics_estimate", "subtopic": "fill_rate", "prompt": "A faucet fills 20 liters at about 4 liters per minute. About how many minutes does it take?", "exact_value": 5.0, "model": "Dream-org/Dream-v0-Instruct-7B", "provider": "transformers", "response": "Final answer: 1.", "numeric_answer": 1.0, "relative_error": 0.8, "thinking_text": null, "has_tool_call": false, "tool_call": null, "usage": {"prompt_tokens": 165, "completion_tokens": 120, "total_tokens": 285, "token_count_source": "tokenizer"}, "decoding": {"temperature": 0.2, "top_p": null, "top_k": null, "max_tokens": 120, "seed": 42}, "prompt_tokens": 165, "completion_tokens": 120, "total_tokens": 285, "token_count_source": "tokenizer", "diffusion_steps": null, "flops_estimate": null, "flops_arch": null, "flops_model_params": null, "flops_active_params": null, "tokens_non_final": 3, "tokens_reasoning": 0, "tokens_response": 3, "elapsed_seconds": 48.313387632369995, "judgement": "Way off"}
{"id": "physics_estimate_001012", "topic": "physics_estimate", "subtopic": "fill_rate", "prompt": "A faucet fills 10 liters at about 6 liters per minute. About how many minutes does it take?", "exact_value": 1.6666666666666667, "model": "Dream-org/Dream-v0-Instruct-7B", "provider": "transformers", "response": "Final answer: 3.", "numeric_answer": 3.0, "relative_error": 0.7999999999999999, "thinking_text": null, "has_tool_call": false, "tool_call": null, "usage": {"prompt_tokens": 165, "completion_tokens": 120, "total_tokens": 285, "token_count_source": "tokenizer"}, "decoding": {"temperature": 0.2, "top_p": null, "top_k": null, "max_tokens": 120, "seed": 42}, "prompt_tokens": 165, "completion_tokens": 120, "total_tokens": 285, "token_count_source": "tokenizer", "diffusion_steps": null, "flops_estimate": null, "flops_arch": null, "flops_model_params": null, "flops_active_params": null, "tokens_non_final": 3, "tokens_reasoning": 0, "tokens_response": 3, "elapsed_seconds": 48.313387632369995, "judgement": "Way off"}
{"id": "physics_estimate_001032", "topic": "physics_estimate", "subtopic": "fill_rate", "prompt": "A faucet fills 30 liters at about 6 liters per minute. About how many minutes does it take?", "exact_value": 5.0, "model": "Dream-org/Dream-v0-Instruct-7B", "provider": "transformers", "response": "Final answer: 5.", "numeric_answer": 5.0, "relative_error": 0.0, "thinking_text": null, "has_tool_call": false, "tool_call": null, "usage": {"prompt_tokens": 165, "completion_tokens": 120, "total_tokens": 285, "token_count_source": "tokenizer"}, "decoding": {"temperature": 0.2, "top_p": null, "top_k": null, "max_tokens": 120, "seed": 42}, "prompt_tokens": 165, "completion_tokens": 120, "total_tokens": 285, "token_count_source": "tokenizer", "diffusion_steps": null, "flops_estimate": null, "flops_arch": null, "flops_model_params": null, "flops_active_params": null, "tokens_non_final": 3, "tokens_reasoning": 0, "tokens_response": 3, "elapsed_seconds": 48.313387632369995, "judgement": "Exact math"}
{"id": "physics_estimate_001052", "topic": "physics_estimate", "subtopic": "fill_rate", "prompt": "A faucet fills 10 liters at about 5 liters per minute. About how many minutes does it take?", "exact_value": 2.0, "model": "Dream-org/Dream-v0-Instruct-7B", "provider": "transformers", "response": "Final answer: 2.", "numeric_answer": 2.0, "relative_error": 0.0, "thinking_text": null, "has_tool_call": false, "tool_call": null, "usage": {"prompt_tokens": 165, "completion_tokens": 120, "total_tokens": 285, "token_count_source": "tokenizer"}, "decoding": {"temperature": 0.2, "top_p": null, "top_k": null, "max_tokens": 120, "seed": 42}, "prompt_tokens": 165, "completion_tokens": 120, "total_tokens": 285, "token_count_source": "tokenizer", "diffusion_steps": null, "flops_estimate": null, "flops_arch": null, "flops_model_params": null, "flops_active_params": null, "tokens_non_final": 3, "tokens_reasoning": 0, "tokens_response": 3, "elapsed_seconds": 48.313387632369995, "judgement": "Exact math"}
{"summary": {"samples": 500, "judgement_counts": {"Good approximation": 82, "Way off": 327, "Uncategorized": 10, "Mildly off": 77, "Exact math": 4}, "count_good_approximation": 82, "count_exact_math": 4, "count_mildly_off": 77, "count_way_off": 327, "good_approximation_rate": 0.164, "exact_math_rate": 0.008, "good_approximation_rate_ci_95": [0.13412841862886243, 0.19899532502390463], "exact_math_rate_ci_95": [0.003115264797507788, 0.020387359836901122], "counts_by_topic": {"basket_sum": {"n": 86, "count_good_approximation": 4, "count_exact_math": 0, "count_mildly_off": 10, "count_way_off": 69}, "discounts": {"n": 85, "count_good_approximation": 8, "count_exact_math": 0, "count_mildly_off": 10, "count_way_off": 66}, "taxes": {"n": 61, "count_good_approximation": 13, "count_exact_math": 0, "count_mildly_off": 9, "count_way_off": 39}, "units": {"n": 61, "count_good_approximation": 2, "count_exact_math": 0, "count_mildly_off": 5, "count_way_off": 52}, "tips": {"n": 61, "count_good_approximation": 29, "count_exact_math": 0, "count_mildly_off": 3, "count_way_off": 27}, "fermi": {"n": 49, "count_good_approximation": 0, "count_exact_math": 0, "count_mildly_off": 0, "count_way_off": 48}, "travel_time": {"n": 49, "count_good_approximation": 13, "count_exact_math": 0, "count_mildly_off": 22, "count_way_off": 14}, "physics_estimate": {"n": 48, "count_good_approximation": 13, "count_exact_math": 4, "count_mildly_off": 18, "count_way_off": 12}}, "counts_by_subtopic": {"decimal_prices": {"n": 86, "count_good_approximation": 4, "count_exact_math": 0, "count_mildly_off": 10, "count_way_off": 69}, "buy_n_get_m": {"n": 14, "count_good_approximation": 0, "count_exact_math": 0, "count_mildly_off": 2, "count_way_off": 12}, "threshold": {"n": 22, "count_good_approximation": 1, "count_exact_math": 0, "count_mildly_off": 1, "count_way_off": 20}, "percent": {"n": 16, "count_good_approximation": 5, "count_exact_math": 0, "count_mildly_off": 2, "count_way_off": 9}, "stacked": {"n": 18, "count_good_approximation": 0, "count_exact_math": 0, "count_mildly_off": 2, "count_way_off": 16}, "bogo": {"n": 15, "count_good_approximation": 2, "count_exact_math": 0, "count_mildly_off": 3, "count_way_off": 9}, "pre_discount_tax": {"n": 25, "count_good_approximation": 4, "count_exact_math": 0, "count_mildly_off": 5, "count_way_off": 16}, "post_discount_tax": {"n": 36, "count_good_approximation": 9, "count_exact_math": 0, "count_mildly_off": 4, "count_way_off": 23}, "kg_g": {"n": 31, "count_good_approximation": 1, "count_exact_math": 0, "count_mildly_off": 2, "count_way_off": 28}, "lb_oz": {"n": 30, "count_good_approximation": 1, "count_exact_math": 0, "count_mildly_off": 3, "count_way_off": 24}, "tips_service": {"n": 61, "count_good_approximation": 29, "count_exact_math": 0, "count_mildly_off": 3, "count_way_off": 27}, "crowd_density": {"n": 49, "count_good_approximation": 0, "count_exact_math": 0, "count_mildly_off": 0, "count_way_off": 48}, "drive_time": {"n": 49, "count_good_approximation": 13, "count_exact_math": 0, "count_mildly_off": 22, "count_way_off": 14}, "fill_rate": {"n": 48, "count_good_approximation": 13, "count_exact_math": 4, "count_mildly_off": 18, "count_way_off": 12}}, "tool_call_count": 0, "avg_elapsed_seconds": 51.12434490013123, "avg_tokens_non_final": 5.222, "avg_tokens_reasoning": 0.0, "avg_tokens": 5.222, "avg_completion_tokens": 124.71, "avg_prompt_tokens": 179.05, "avg_total_tokens": 303.76, "avg_flops_estimate": null, "token_counts_include_prompt": true, "token_count_sources": {"tokenizer": 500}, "avg_relative_error": 0.7398211965982695, "median_relative_error": 0.7999999999999999}}
